{"host":"h0xw20cia6ppa69g","time":1608110031,"event":{"mods":["AchievementEnabler","BaseMod","Colored Map","Filter the Spire","Googly Eyes","Minty Spire (QoL Compilation)","Relic Stats","StSLib","The Awakened One except there are too many feathers","everything is the same but u backflip on backflip"],"gold_per_floor":[119,119,19,19,35,63,63,37,37,37,64,74,86,96,96,191,191,208,208,228,153,153,182,182,207,207,137,65,100,30,45,45,149,149,167,184,184,534,588,588,588],"floor_reached":40,"playtime":2068,"items_purged":[],"score":499,"play_id":"676a2bf2-e2ad-479d-bdab-e749be0a8216","local_time":"20201216031351","is_ascension_mode":true,"campfire_choices":[{"data":"Metallicize","floor":7.0,"key":"SMITH"},{"data":"Metallicize","floor":10.0,"key":"SMITH"},{"data":"Limit Break","floor":15.0,"key":"SMITH"},{"data":"1","floor":24.0,"key":"LIFT"},{"data":"2","floor":32,"key":"LIFT"}],"circlet_count":0,"master_deck":["Bash","Power Through","Reaper","Headbutt","Cleave","Thunderclap","Barricade","Flame Barrier","Intimidate","True Grit+1","Clothesline","Disarm","Metallicize+1","Metallicize+1","Shrug It Off","Fire Breathing","Disarm","Rampage","Limit Break+1","Berserk","Battle Trance","Dual Wield","Entrench","Feel No Pain","Offering+1","True Grit","Pommel Strike","Body Slam","Feed","Heavy Blade+1","Pommel Strike+1","Madness","Madness","Shockwave"],"relics":["Pandora\u0027s Box","Turnip","Vajra","Girya","Cursed Key","MutagenicStrength","Omamori","MealTicket","War Paint","Snecko Eye","Old Coin","Torii"],"acts_visited":["Exordium","TheCity","TheBeyond"],"potions_floor_usage":[40],"damage_taken":[{"damage":6.0,"enemies":"Cultist","floor":1.0,"turns":4.0},{"damage":3.0,"enemies":"Small Slimes","floor":5.0,"turns":5.0},{"damage":21.0,"enemies":"Gremlin Nob","floor":6.0,"turns":5.0},{"damage":3.0,"enemies":"3 Sentries","floor":11.0,"turns":6.0},{"damage":0.0,"enemies":"2 Louse","floor":12.0,"turns":3.0},{"damage":10.0,"enemies":"Large Slime","floor":13.0,"turns":9.0},{"damage":3.0,"enemies":"Looter","floor":14.0,"turns":3.0},{"damage":7.0,"enemies":"Slime Boss","floor":16.0,"turns":11.0},{"damage":28.0,"enemies":"2 Thieves","floor":18.0,"turns":4.0},{"damage":0.0,"enemies":"Spheric Guardian","floor":20.0,"turns":19.0},{"damage":34.0,"enemies":"Gremlin Leader","floor":23.0,"turns":9.0},{"damage":14.0,"enemies":"Book of Stabbing","floor":25.0,"turns":8.0},{"damage":14.0,"enemies":"Slavers","floor":29.0,"turns":13.0},{"damage":18,"enemies":"3 Cultists","floor":31,"turns":5},{"damage":39,"enemies":"Collector","floor":33,"turns":11},{"damage":0,"enemies":"3 Darklings","floor":35,"turns":6},{"damage":12,"enemies":"Orb Walker","floor":36,"turns":5},{"damage":6,"enemies":"Mind Bloom Boss Battle","floor":38,"turns":5},{"damage":64,"enemies":"2 Orb Walkers","floor":39,"turns":5},{"damage":46,"enemies":"Reptomancer","floor":40,"turns":5}],"seed_played":"-2226654669226613778","potions_obtained":[{"floor":5.0,"key":"FearPotion"},{"floor":11.0,"key":"Ancient Potion"},{"floor":12.0,"key":"DuplicationPotion"},{"floor":29,"key":"Strength Potion"},{"floor":39,"key":"SpeedPotion"}],"is_trial":false,"path_per_floor":["M","?","$","?","M","E","R","$","T","R","E","M","M","M","R","B",null,"M","?","M","?","?","E","R","E","T","$","$","E","$","M","R","B",null,"M","M","?","?","?","E"],"character_chosen":"IRONCLAD","items_purchased":["Clothesline","Iron Wave","Shrug It Off","Entrench","Feel No Pain","True Grit","Pommel Strike"],"campfire_rested":0,"item_purchase_floors":[3,3,8,27,28,30,30],"current_hp_per_floor":[74,74,74,74,77,60,60,60,60,60,78,78,75,72,72,65,80,52,52,72,72,72,51,51,80,80,80,80,80,80,71,71,80,80,80,82,72,66,40,0,0],"gold":588,"neow_bonus":"BOSS_RELIC","is_daily":false,"chose_seed":false,"campfire_upgraded":3,"win_rate":0.0,"timestamp":1608110031,"path_taken":["M","?","$","?","?","E","R","?","T","R","E","M","M","M","R","BOSS","M","?","M","?","?","E","R","E","T","?","$","E","?","M","R","BOSS","M","M","?","?","?","E"],"items_purchased_type":["Card","Card","Card","Card","Card","Card","Card"],"build_version":"2020-12-13","purchased_purges":0,"victory":false,"max_hp_per_floor":[80,80,80,80,80,80,80,80,80,80,80,80,80,80,80,80,80,80,80,80,80,80,80,80,80,80,80,80,80,80,80,80,80,80,80,83,83,83,83,83,83],"relic_stats":{"Torii":6,"counters":[20,141],"Snecko Eye":[52,57,49,50],"Pandora\u0027s Box":["Power Through","Reaper","Headbutt","Cleave","Thunderclap","Barricade","Flame Barrier","Intimidate","Searing Blow"],"MealTicket":0,"Turnip":[12],"War Paint":["True Grit","Offering"],"Cursed Key":1,"obtain_stats":[{"Girya":11,"Torii":39,"Vajra":9,"Omamori":23,"War Paint":29,"Cursed Key":17,"Burning Blood":0,"Old Coin":38,"MutagenicStrength":19,"Snecko Eye":34,"Pandora\u0027s Box":0,"MealTicket":25,"Turnip":6},{"Girya":4,"Torii":19,"Vajra":3,"Omamori":11,"War Paint":13,"Cursed Key":8,"Burning Blood":0,"Old Coin":18,"MutagenicStrength":9,"Snecko Eye":15,"Pandora\u0027s Box":0,"MealTicket":12,"Turnip":3},{"Girya":20,"Torii":136,"Vajra":14,"Omamori":78,"War Paint":99,"Cursed Key":46,"Burning Blood":0,"Old Coin":131,"MutagenicStrength":50,"Snecko Eye":115,"Pandora\u0027s Box":0,"MealTicket":86,"Turnip":14}]},"card_choices":[{"not_picked":["Clash","Warcry"],"picked":"True Grit","floor":1.0},{"not_picked":["Cleave","Warcry"],"picked":"Metallicize","floor":5.0},{"not_picked":["Flex","Rage"],"picked":"Metallicize","floor":6.0},{"not_picked":["Rage","Flex"],"picked":"Fire Breathing","floor":11.0},{"not_picked":["Shrug It Off","Blood for Blood"],"picked":"Disarm","floor":12.0},{"not_picked":["Anger","Headbutt"],"picked":"Rampage","floor":13.0},{"not_picked":["True Grit","Cleave"],"picked":"Limit Break","floor":14.0},{"not_picked":["Corruption","Exhume"],"picked":"Berserk","floor":16.0},{"not_picked":["Iron Wave","Headbutt","Perfected Strike"],"picked":"SKIP","floor":18.0},{"not_picked":["Metallicize","Shockwave"],"picked":"Battle Trance","floor":20.0},{"not_picked":["Thunderclap","Corruption"],"picked":"Dual Wield","floor":23.0},{"not_picked":["Iron Wave+1","Battle Trance","Bloodletting"],"picked":"SKIP","floor":25.0},{"not_picked":["Power Through+1","True Grit"],"picked":"Offering","floor":29},{"not_picked":["Heavy Blade","Thunderclap"],"picked":"Body Slam","floor":31},{"not_picked":["Immolate","Bludgeon"],"picked":"Feed","floor":33},{"not_picked":["True Grit+1","Headbutt"],"picked":"Heavy Blade+1","floor":35},{"not_picked":["Twin Strike+1","Heavy Blade+1"],"picked":"Pommel Strike+1","floor":36},{"not_picked":["Armaments","Thunderclap"],"picked":"Shockwave","floor":38}],"player_experience":3517240,"relics_obtained":[{"floor":6.0,"key":"Turnip"},{"floor":9.0,"key":"Vajra"},{"floor":11.0,"key":"Girya"},{"floor":23.0,"key":"Omamori"},{"floor":25.0,"key":"MealTicket"},{"floor":29,"key":"War Paint"},{"floor":38,"key":"Old Coin"},{"floor":39,"key":"Torii"}],"event_choices":[{"damage_healed":0.0,"max_hp_gain":0.0,"max_hp_loss":0.0,"gold_gain":0.0,"event_name":"The Cleric","player_choice":"Leave","floor":2.0,"gold_loss":0.0,"damage_taken":0.0},{"damage_healed":0.0,"max_hp_gain":0.0,"max_hp_loss":0.0,"gold_gain":0.0,"cards_transformed":["Iron Wave"],"event_name":"Transmorgrifier","player_choice":"Transformed","floor":4.0,"gold_loss":0.0,"damage_taken":0.0,"cards_obtained":["Disarm"]},{"damage_healed":0.0,"max_hp_gain":0.0,"max_hp_loss":0.0,"gold_gain":0.0,"event_name":"Drug Dealer","player_choice":"Inject Mutagens","floor":19.0,"gold_loss":0.0,"damage_taken":0.0,"relics_obtained":["MutagenicStrength"]},{"cards_removed":["Searing Blow"],"damage_healed":0.0,"max_hp_gain":0.0,"max_hp_loss":0.0,"gold_gain":0.0,"event_name":"Beggar","player_choice":"Gave Gold","floor":21.0,"gold_loss":75.0,"damage_taken":0.0},{"damage_healed":0.0,"max_hp_gain":0.0,"max_hp_loss":0.0,"gold_gain":0.0,"event_name":"Vampires","player_choice":"Ignored","floor":22.0,"gold_loss":0.0,"damage_taken":0.0},{"damage_healed":0,"gold_gain":0,"player_choice":"Embrace Madness","damage_taken":10,"max_hp_gain":0,"max_hp_loss":0,"event_name":"Winding Halls","floor":37,"gold_loss":0,"cards_obtained":["Madness","Madness"]},{"damage_healed":0,"gold_gain":0,"player_choice":"Fight","damage_taken":0,"max_hp_gain":0,"max_hp_loss":0,"event_name":"MindBloom","floor":38,"gold_loss":0},{"damage_healed":0,"gold_gain":0,"player_choice":"Fight","damage_taken":0,"max_hp_gain":0,"max_hp_loss":0,"event_name":"Mysterious Sphere","floor":39,"gold_loss":0}],"is_beta":false,"boss_relics":[{"not_picked":["Astrolabe","Busted Crown"],"picked":"Cursed Key"},{"not_picked":["Mark of Pain","Runic Pyramid"],"picked":"Snecko Eye"}],"items_purged_floors":[],"is_endless":false,"potions_floor_spawned":[5,11,12,14,29,31,35,39],"killed_by":"Reptomancer","ascension_level":1}}