{"host":"q9718omregw4er46","time":1608157448,"event":{"mods":["BaseMod","Bestiary","Colored Powertips","Custom Start","Highlight Path","Minty Spire (QoL Compilation)","Practice Mode","Quick Restart","Relic Stats"],"gold_per_floor":[119,119,119,44,60,95,95,107,107,107,107],"floor_reached":10,"playtime":115,"items_purged":["Regret"],"score":177,"play_id":"a3829e9d-e9d2-4363-9d23-a53ff10c8770","local_time":"20201217032408","is_ascension_mode":true,"campfire_choices":[{"data":"Wallop","floor":7,"key":"SMITH"}],"circlet_count":0,"master_deck":["AscendersBane","Strike_P","Strike_P","Strike_P","Strike_P","Defend_P","Defend_P","Defend_P","Defend_P","Eruption","Vigilance","BowlingBash","Wireheading+1","Wallop+1","LikeWater+1"],"relics":["PureWater","NeowsBlessing","Frozen Egg 2","Meat on the Bone","Sundial"],"acts_visited":["Exordium"],"potions_floor_usage":[10],"damage_taken":[{"damage":0,"enemies":"Small Slimes","floor":1,"turns":1},{"damage":0,"enemies":"Jaw Worm","floor":5,"turns":1},{"damage":0,"enemies":"Lagavulin","floor":6,"turns":1},{"damage":0,"enemies":"2 Louse","floor":8,"turns":2},{"damage":68,"enemies":"Gremlin Nob","floor":10,"turns":3}],"seed_played":"4811053840005027179","potions_obtained":[{"floor":5,"key":"Fire Potion"},{"floor":6,"key":"Swift Potion"},{"floor":8,"key":"PowerPotion"}],"is_trial":false,"path_per_floor":["M","$","?","$","M","E","R","M","T","E"],"character_chosen":"WATCHER","items_purchased":[],"campfire_rested":0,"item_purchase_floors":[],"current_hp_per_floor":[61,61,61,61,61,61,61,61,61,0,0],"gold":107,"neow_bonus":"THREE_ENEMY_KILL","is_daily":false,"chose_seed":false,"campfire_upgraded":1,"win_rate":0.0,"timestamp":1608157448,"path_taken":["M","$","?","$","M","E","R","M","T","E"],"items_purchased_type":[],"build_version":"2020-12-13","purchased_purges":1,"victory":false,"max_hp_per_floor":[68,68,68,68,68,68,68,68,68,68,68],"relic_stats":{"counters":[5,8],"Sundial":[0],"obtain_stats":[{"NeowsBlessing":0,"Sundial":9,"PureWater":0,"Frozen Egg 2":3,"Meat on the Bone":6},{"NeowsBlessing":0,"Sundial":4,"PureWater":0,"Frozen Egg 2":1,"Meat on the Bone":3},{"NeowsBlessing":0,"Sundial":5,"PureWater":0,"Frozen Egg 2":1,"Meat on the Bone":3}],"Meat on the Bone":0},"card_choices":[{"not_picked":["Vengeance","Evaluate"],"picked":"BowlingBash","floor":1},{"not_picked":["PathToVictory","Pray"],"picked":"Wireheading+1","floor":5},{"not_picked":["InnerPeace","EmptyFist"],"picked":"Wallop","floor":6},{"not_picked":["Swivel","Consecrate"],"picked":"LikeWater+1","floor":8}],"player_experience":1031964,"relics_obtained":[{"floor":6,"key":"Meat on the Bone"},{"floor":9,"key":"Sundial"}],"event_choices":[{"damage_healed":0,"gold_gain":0,"player_choice":"Box","damage_taken":0,"relics_obtained":["Frozen Egg 2"],"max_hp_gain":0,"max_hp_loss":0,"event_name":"Big Fish","floor":3,"gold_loss":0,"cards_obtained":["Regret"]}],"is_beta":false,"boss_relics":[],"items_purged_floors":[4],"is_endless":false,"potions_floor_spawned":[5,6,8],"killed_by":"Gremlin Nob","ascension_level":19}}