{"host":"02w9hl92h62kgkzk","time":1608114309,"event":{"mods":["2.2 Compatiblity","AchievementEnabler","Act Like it!","AlwaysNeverKeys","Aspiration","BaseMod","Better Altar","Better Match","Better Note","Better Sensory Stone","Better Skull","Better Third Choice","Better Vampires","BetterRewards","Block Reminder","CCEM","ChefMod","Colored Map","Colored Powertips","Conspire","Downfall","Ekko","Emptier Cage","Energized Spire","Friendly Minions","FruityMod","GifTheSpireLib","Halation","Hallownest","Hubris","Humility","Magitek Elite","Marked Mod","Mimic Mod","Minty Spire (QoL Compilation)","Quick Restart","RRrroohrrRGHHhhh!!","Retaliation","Reworked Bosses","Shop Mod","Spicy Shops","Spikes Relics","StSLib","Stuff the Spire","The Hierophant","The Jungle","Trackpad","Transform Curses","Unceasing Turn Reminder","Wandering Minibosses","vexMod"],"gold_per_floor":[99,124,49,123,158,199,232,157,157,185,200,200,214,228,246,349,349,349,367,29,57,57,90,90,107,107,127,127,127],"floor_reached":28,"playtime":1422,"items_purged":["Slimebound:Defend_Slimebound","Slimebound:Strike_Slimebound"],"score":399,"play_id":"36f278e5-849c-4b9f-9c93-8dc749a2daa2","local_time":"20201216042509","is_ascension_mode":false,"campfire_choices":[{"floor":1,"key":"RECALL"},{"data":"Slimebound:Strike_Slimebound","floor":3,"key":"SMITH"},{"data":"Slimebound:DisruptingSlam","floor":8,"key":"SMITH"},{"data":"Slimebound:MassFeed","floor":18,"key":"SMITH"},{"data":"Escape Plan","floor":26,"key":"SMITH"}],"circlet_count":0,"master_deck":["Slimebound:Strike_Slimebound+1","Slimebound:Split","Slimebound:DisruptingSlam+1","Escape Plan","Escape Plan+1","InfectiousVector","Slimebound:Repurpose","Dark Shackles","Slimebound:MassRepurpose","Slimebound:MassFeed+1","Slimebound:MassFeed+1"],"relics":["Slimebound:AbsorbEndCombat","NeowsBlessing","Bag of Marbles","downfall:HeartBlessingRed","Lantern","CCEMRelics:PorcelainBowl","vexMod:InvisibilityCloak","downfall:HeartBlessingBlue","CaptainsWheel","rorgmod:Empty Cage","Kunai","SnailShell","Nunchaku","trackpad:IceCube"],"acts_visited":["Hallownest:Greenpath","TheCity"],"potions_floor_usage":[21,23,28,28],"damage_taken":[{"damage":0,"enemies":"Hallownest:eliteCrystalGuardian","floor":2,"turns":1},{"damage":0,"enemies":"downfall:FleeingMerchant","floor":4,"turns":1},{"damage":0,"enemies":"Hallownest:eliteMossKnight","floor":5,"turns":1},{"damage":19,"enemies":"conspire:MimicChest","floor":6,"turns":4},{"damage":10,"enemies":"Hallownest:2_Baldur","floor":7,"turns":6},{"damage":26,"enemies":"Hallownest:eliteCrystalGuardian","floor":10,"turns":4},{"damage":3,"enemies":"Hallownest:2_Baldur","floor":11,"turns":1},{"damage":7,"enemies":"2_ Uuma","floor":13,"turns":5},{"damage":6,"enemies":"Hallownest:2_MossCreeps","floor":14,"turns":2},{"damage":9,"enemies":"Hallownest:MossCreep_and_Mosskin","floor":15,"turns":3},{"damage":34,"enemies":"downfall:Watcher","floor":16,"turns":8},{"damage":46,"enemies":"Spheric Guardian","floor":19,"turns":7},{"damage":4,"enemies":"conspire:Head Lice","floor":21,"turns":5},{"damage":30,"enemies":"conspire:SneckoGhost","floor":23,"turns":7},{"damage":9,"enemies":"Snake Plant","floor":25,"turns":5},{"damage":30,"enemies":"3 Cultists","floor":27,"turns":5},{"damage":9,"enemies":"Chosen and Byrds","floor":28,"turns":4}],"seed_played":"-4386074554224493871","potions_obtained":[{"floor":6,"key":"Ancient Potion"},{"floor":10,"key":"Explosive Potion"},{"floor":11,"key":"Dexterity Potion"},{"floor":15,"key":"CultistPotion"},{"floor":21,"key":"Fruit Juice"},{"floor":23,"key":"EssenceOfSteel"}],"is_trial":false,"path_per_floor":["R","E","R","$","E","?","MIM","R","?","E","M","?","M","M","M","B",null,"R","M","$","E","?","E","T","M","R","M","M"],"character_chosen":"SLIMEBOUND","items_purchased":["Lantern","Kunai"],"campfire_rested":0,"item_purchase_floors":[4,20],"current_hp_per_floor":[60,60,60,60,60,45,39,49,49,31,28,28,31,31,34,16,70,70,32,32,45,45,27,27,26,26,4,0,0],"gold":127,"neow_bonus":"THREE_ENEMY_KILL","is_daily":false,"chose_seed":false,"campfire_upgraded":4,"win_rate":0.0,"timestamp":1608114309,"path_taken":["R","E","R","$","E","?","MIM","R","?","E","M","?","?","M","M","BOSS","R","M","$","E","?","E","T","?","R","?","M"],"items_purchased_type":["Relic","Relic"],"build_version":"2020-12-13","purchased_purges":2,"victory":false,"max_hp_per_floor":[60,60,60,60,60,60,60,70,70,70,70,70,70,70,70,70,70,70,74,74,83,83,87,87,87,87,87,91,91],"card_choices":[{"not_picked":["Slimebound:SplitAcid","Slimebound:ComboTackle","Slimebound:Nibble"],"picked":"SKIP","floor":2},{"not_picked":["Slimebound:LeechEnergy","Slimebound:SplitLeeching","Slimebound:Dissolve"],"picked":"SKIP","floor":4},{"not_picked":["Slimebound:MegaLick","Slimebound:SplitMire"],"picked":"Slimebound:DisruptingSlam","floor":5},{"not_picked":["Slimebound:ComboTackle","Slimebound:LeechEnergy"],"picked":"Slimebound:Repurpose","floor":10},{"not_picked":["Slimebound:LeechEnergy","Slimebound:Schlurp","Slimebound:SplitAcid"],"picked":"SKIP","floor":11},{"not_picked":["Enlightenment","Sharp Hide"],"picked":"Dark Shackles","floor":12},{"not_picked":["Slimebound:SplitMire","Slimebound:RollThrough"],"picked":"Slimebound:MassRepurpose","floor":13},{"not_picked":["Slimebound:MegaLick","Slimebound:PressTheAttack","Slimebound:ComboTackle"],"picked":"SKIP","floor":14},{"not_picked":["Slimebound:SamplingLick","Slimebound:FinishingTackle","Slimebound:RejuvenatingLick"],"picked":"SKIP","floor":15},{"not_picked":["Slimebound:WasteNot","Slimebound:OneTwoCombo"],"picked":"Slimebound:MassFeed","floor":16},{"not_picked":["Slimebound:FinishingTackle","Slimebound:SlimeTap+1","Slimebound:Schlurp"],"picked":"SKIP","floor":19},{"not_picked":["Slimebound:SlimeBarrage+1","Slimebound:MegaLick"],"picked":"Slimebound:MassFeed","floor":21},{"not_picked":["Slimebound:ItLooksTasty","Slimebound:ViciousTackle","Slimebound:GoopSpray"],"picked":"SKIP","floor":23},{"not_picked":["Slimebound:GoopTackle","Slimebound:RejuvenatingLick","Slimebound:Schlurp"],"picked":"SKIP","floor":25},{"not_picked":["Slimebound:BestDefense+1","Slimebound:PressTheAttack+1","Slimebound:LeechingTouch"],"picked":"SKIP","floor":27}],"player_experience":477546,"relics_obtained":[{"floor":2,"key":"Bag of Marbles"},{"floor":5,"key":"CCEMRelics:PorcelainBowl"},{"floor":6,"key":"vexMod:InvisibilityCloak"},{"floor":10,"key":"CaptainsWheel"},{"floor":21,"key":"SnailShell"},{"floor":23,"key":"Nunchaku"},{"floor":24,"key":"trackpad:IceCube"}],"event_choices":[{"damage_healed":0,"gold_gain":1,"player_choice":"1","damage_taken":0,"max_hp_gain":0,"max_hp_loss":0,"event_name":"betterStone:BetterStone","floor":12,"gold_loss":0},{"damage_healed":0,"gold_gain":0,"player_choice":"Upgraded","damage_taken":0,"max_hp_gain":0,"max_hp_loss":0,"event_name":"Upgrade Shrine","floor":22,"gold_loss":0,"cards_upgraded":["Slimebound:MassFeed"]}],"is_beta":false,"boss_relics":[{"not_picked":["energizedSpire:RedRose","Snecko Eye"],"picked":"rorgmod:Empty Cage"}],"items_purged_floors":[4,20],"is_endless":false,"potions_floor_spawned":[6,10,11,15,16,21,23],"killed_by":"Chosen and Byrds","ascension_level":0}}