{"host":"a2lstcqnqliiu9ja","time":1608158080,"event":{"mods":["Aspiration","BaseMod","Conspire","Downfall","Energized Spire","Hubris","Infinite Spire","Marisa????????","Minty Spire (QoL Compilation)","Quick Restart","Replay The Spire","SOS???????","StSLib","The Animator","The Disciple","The Factory","The Jungle","The Runesmith","The Servant 0.9.4"],"gold_per_floor":[115,46,59,99,149,149,149],"floor_reached":6,"playtime":374,"items_purged":[],"score":36,"play_id":"66aaf98e-1e61-4655-a286-a4f9a1a4b549","local_time":"20201216223440","is_ascension_mode":true,"campfire_choices":[],"circlet_count":0,"master_deck":["animator:Strike_Fate","animator:Defend_Fate","animator:Strike","animator:Strike","animator:Strike","animator:Defend","animator:Defend","animator:Defend","animator:Alexander","animator:Rider","animator:EmiyaShirou","animator:Shichika","animator:Assassin","animator:DolaRiku"],"relics":["animator:LivingPicture","animator:TheMissingPiece","animator:PurgingStone","NeowsBlessing","Bronze Scales","Gremlin Horn"],"acts_visited":["Exordium"],"potions_floor_usage":[6],"damage_taken":[{"damage":2,"enemies":"conspire:RoseBush","floor":1,"turns":1},{"damage":0,"enemies":"2 Louse","floor":3,"turns":1},{"damage":0,"enemies":"conspire:MimicChest","floor":4,"turns":1},{"damage":74,"enemies":"Gremlin Nob","floor":6,"turns":5}],"seed_played":"5008275370744737371","potions_obtained":[{"floor":5,"key":"AttackPotion"}],"is_trial":false,"path_per_floor":["M","$","M","?","?","E"],"character_chosen":"THE_ANIMATOR","items_purchased":["animator:EmiyaShirou"],"campfire_rested":0,"item_purchase_floors":[2],"current_hp_per_floor":[64,64,64,64,48,0,0],"gold":149,"neow_bonus":"THREE_ENEMY_KILL","is_daily":false,"chose_seed":false,"campfire_upgraded":0,"win_rate":0.0,"timestamp":1608158080,"path_taken":["M","$","M","?","?","E"],"items_purchased_type":["Card"],"build_version":"2020-12-13","purchased_purges":0,"victory":false,"max_hp_per_floor":[66,66,66,66,66,66,66],"card_choices":[{"not_picked":["animator:Azekura","animator:SayakaMiki","animator:Mikaela"],"picked":"SKIP","floor":1},{"not_picked":["animator:Laby","animator:Bozes"],"picked":"animator:Shichika","floor":3},{"not_picked":["animator:Chung","animator:Shalltear"],"picked":"animator:Assassin","floor":4},{"not_picked":["animator:Yuuichirou","animator:Chung"],"picked":"animator:DolaRiku","floor":5}],"player_experience":613052,"relics_obtained":[{"floor":4,"key":"Bronze Scales"},{"floor":5,"key":"Gremlin Horn"}],"event_choices":[],"is_beta":false,"boss_relics":[],"items_purged_floors":[],"is_endless":false,"potions_floor_spawned":[],"killed_by":"Gremlin Nob","ascension_level":1}}