{"host":"owp3md0algd3028i","time":1608151464,"event":{"mods":["AchievementEnabler","Aspiration","BaseMod","BetterRewards","Colored Map","Colored Powertips","Conspire","Custom Start","DeckTracker","Defuse TimeMaze Blight","Downfall","Energized Spire","GifTheSpireLib","Halation","Hermit","Highlight Path","Hubris","Infinite Spire","Marisa????????","Minty Spire (QoL Compilation)","Permanent Neow","Quick Restart","Railgun Mod","Replay The Spire","Reworked Bosses","Shop Mod","Spicy Shops","StSLib","Stuff the Spire","SuperFastMode","vexMod"],"gold_per_floor":[110,110,120,138,16,16,16,16,16,16],"floor_reached":9,"playtime":332,"items_purged":[],"score":51,"play_id":"9852f643-b427-41d0-91ae-3b27e71099d5","local_time":"20201216144424","is_ascension_mode":false,"campfire_choices":[{"data":"TheRailgun:Positive_Field","floor":6,"key":"SMITH"}],"circlet_count":0,"master_deck":["TheRailgun:Strike","TheRailgun:Strike","TheRailgun:Strike","TheRailgun:Strike","TheRailgun:Defend","TheRailgun:Defend","TheRailgun:Defend","TheRailgun:Defend","TheRailgun:Discharge","TheRailgun:Static","TheRailgun:Zip","Eruption","Defend_R","Apotheosis+1","TheRailgun:Negative_Field","TheRailgun:Stun_Shock","TheRailgun:Negative_Field","TheRailgun:Zap","TheRailgun:Positive_Field+1","TheRailgun:Sister_Network"],"relics":["TheRailgun:CoinRelic"],"acts_visited":["Exordium"],"potions_floor_usage":[9],"damage_taken":[{"damage":12,"enemies":"Cultist","floor":1,"turns":4},{"damage":0,"enemies":"2 Louse","floor":3,"turns":3},{"damage":22,"enemies":"infinitespire:Voidling","floor":4,"turns":3},{"damage":47,"enemies":"3 Sentries","floor":9,"turns":4}],"seed_played":"2646262286089013995","potions_obtained":[{"floor":3,"key":"LiquidMemories"}],"is_trial":false,"path_per_floor":["M","?","M","M","$","R","PTL","PTL","E"],"character_chosen":"THE_DEFAULT","items_purchased":["TheRailgun:Zap","TheRailgun:Positive_Field","TheRailgun:Sister_Network"],"campfire_rested":0,"item_purchase_floors":[5,5,5],"current_hp_per_floor":[58,58,58,40,40,40,40,40,0,0],"gold":16,"neow_bonus":"RANDOM_COLORLESS_2","is_daily":false,"chose_seed":false,"campfire_upgraded":1,"win_rate":0.0,"timestamp":1608151464,"path_taken":["M","?","M","M","$","R","PTL","PTL","E"],"items_purchased_type":["Card","Card","Card"],"build_version":"2020-12-13","purchased_purges":0,"victory":false,"max_hp_per_floor":[70,70,70,70,70,70,70,70,70,70],"card_choices":[{"not_picked":["StuffTheSpire:Recharge","Panache"],"picked":"Apotheosis","floor":0},{"not_picked":["TheRailgun:Token_Collection","TheRailgun:Zap"],"picked":"TheRailgun:Negative_Field","floor":1},{"not_picked":["TheRailgun:Sister_Network","TheRailgun:Iron_Dust_Vial"],"picked":"TheRailgun:Stun_Shock","floor":3},{"not_picked":["TheRailgun:Mental_Out","TheRailgun:Magnetic_Movement"],"picked":"TheRailgun:Negative_Field","floor":4}],"player_experience":41104,"relics_obtained":[],"event_choices":[{"damage_healed":0,"gold_gain":0,"player_choice":"Upgraded","damage_taken":0,"max_hp_gain":0,"max_hp_loss":0,"event_name":"Upgrade Shrine","floor":2,"gold_loss":0,"cards_upgraded":["Apotheosis"]}],"is_beta":false,"boss_relics":[],"items_purged_floors":[],"is_endless":false,"potions_floor_spawned":[3],"killed_by":"3 Sentries","ascension_level":0}}