{"host":"m6e09adb7fik7oct","time":1608133501,"event":{"mods":["AchievementEnabler","BaseMod","Better Altar","Better Note","Better Sensory Stone","Better Skull","Better Third Choice","Block Reminder","Colored Map","Displayed Cursed Tome","Ironclad Rager","Key Reminder","Mad Scientist","Minty Spire (QoL Compilation)","Permanent Neow","Quick Restart","RNG Fix","Relic Stats","Reorder Act Four","StSLib","Transform Curses","Unceasing Turn Reminder","everything is the same but u backflip on backflip"],"gold_per_floor":[114,114,114,28,47,85,85,104,104,142,161,161,199,218,218,343,343,362,362,362,381,38,38,76,95,95,133,152,2,40,58,58,183,183,202,202,221,259,0,38,38,76,101,139,139,139,49,68,68,68],"floor_reached":51,"playtime":4568,"items_purged":[],"score":1009,"play_id":"e24ea8c1-8dc0-490f-9b52-836babf05f50","local_time":"20201216104501","daily_mods":["Cursed Run","Diverse","DeadlyEvents"],"is_ascension_mode":false,"campfire_choices":[{"data":"Dramatic Entrance","floor":7.0,"key":"SMITH"},{"data":"Reaper","floor":12.0,"key":"SMITH"},{"floor":15.0,"key":"REST"},{"data":"Metamorphosis","floor":23.0,"key":"SMITH"},{"floor":32.0,"key":"REST"},{"data":"Heavy Blade","floor":41.0,"key":"SMITH"},{"floor":46,"key":"REST"},{"data":"Dramatic Entrance","floor":49,"key":"SMITH"}],"circlet_count":0,"master_deck":["Strike_B","Strike_B","Strike_B","Strike_B","Defend_B","Defend_B","Defend_B","Defend_B","Zap","Dualcast","Cold Snap","Metamorphosis+1","Injury","Dramatic Entrance+1","Clash","Stack","Reaper+1","Clumsy","Eviscerate","Flex","Thunderclap","Clash","Regret","Demon Form","Dagger Throw","Dramatic Entrance+1","Iron Wave","Panacea","Injury","Fission","ICR:ChainLightning","Flame Barrier","Quick Slash","Shame","Reboot","Eviscerate","Writhe","ICR:PowerAttack+1","Clothesline+1","Heavy Blade+1","Coolheaded","Decay","Self Repair+1","Writhe","Dramatic Entrance+1","Dual Wield+1","Parasite"],"relics":["Cursed Key","Darkstone Periapt","Du-Vu Doll","Golden Idol","Blood Vial","Kunai","White Beast Statue","Bottled Lightning","SlaversCollar","Enchiridion","Ornamental Fan","StoneCalendar","Mercury Hourglass","Akabeko","Toy Ornithopter","Ancient Tea Set","DataDisk","TungstenRod","Red Mask","Orichalcum","Shuriken","Pen Nib","Regal Pillow","Incense Burner"],"acts_visited":["Exordium","TheCity","TheBeyond"],"potions_floor_usage":[],"damage_taken":[{"damage":1.0,"enemies":"Cultist","floor":1.0,"turns":4.0},{"damage":0.0,"enemies":"2 Louse","floor":5.0,"turns":2.0},{"damage":20.0,"enemies":"Lagavulin","floor":6.0,"turns":6.0},{"damage":0.0,"enemies":"Small Slimes","floor":8.0,"turns":3.0},{"damage":10.0,"enemies":"Gremlin Nob","floor":10.0,"turns":3.0},{"damage":13.0,"enemies":"Red Slaver","floor":11.0,"turns":3.0},{"damage":30.0,"enemies":"Lagavulin","floor":13.0,"turns":6.0},{"damage":10.0,"enemies":"Exordium Thugs","floor":14.0,"turns":2.0},{"damage":38.0,"enemies":"Slime Boss","floor":16.0,"turns":7.0},{"damage":23.0,"enemies":"Shell Parasite","floor":18.0,"turns":4.0},{"damage":2.0,"enemies":"Spheric Guardian","floor":21.0,"turns":2.0},{"damage":36.0,"enemies":"Book of Stabbing","floor":24.0,"turns":4.0},{"damage":0.0,"enemies":"Centurion and Healer","floor":25.0,"turns":2.0},{"damage":8.0,"enemies":"Gremlin Leader","floor":27.0,"turns":4.0},{"damage":0.0,"enemies":"Sentry and Sphere","floor":28.0,"turns":2.0},{"damage":15.0,"enemies":"Slavers","floor":30.0,"turns":2.0},{"damage":20.0,"enemies":"Gremlin Leader","floor":31.0,"turns":4.0},{"damage":53.0,"enemies":"Automaton","floor":33.0,"turns":7.0},{"damage":11.0,"enemies":"3 Shapes","floor":35.0,"turns":2.0},{"damage":21.0,"enemies":"3 Darklings","floor":37.0,"turns":2.0},{"damage":36.0,"enemies":"Giant Head","floor":38.0,"turns":8.0},{"damage":16.0,"enemies":"Reptomancer","floor":40.0,"turns":5.0},{"damage":34,"enemies":"Giant Head","floor":42,"turns":7},{"damage":17,"enemies":"Nemesis","floor":44,"turns":5},{"damage":7,"enemies":"Spire Growth","floor":48,"turns":3},{"damage":21,"enemies":"Donu and Deca","floor":50,"turns":6}],"seed_played":"1880613833527945180","potions_obtained":[{"floor":1.0,"key":"Explosive Potion"},{"floor":8.0,"key":"BlessingOfTheForge"},{"floor":11.0,"key":"Energy Potion"},{"floor":13.0,"key":"EntropicBrew"},{"floor":21.0,"key":"DistilledChaos"},{"floor":25.0,"key":"Regen Potion"},{"floor":27.0,"key":"EssenceOfDarkness"},{"floor":30.0,"key":"SpeedPotion"},{"floor":31.0,"key":"Strength Potion"},{"floor":33.0,"key":"AttackPotion"},{"floor":40.0,"key":"DistilledChaos"},{"floor":42,"key":"SneckoOil"}],"is_trial":false,"path_per_floor":["M","?","?","$","M","E","R","M","T","E","M","R","E","M","R","B",null,"M","?","?","M","$","R","E","M","T","E","M","$","E","E","R","B",null,"M","?","M","E","?","E","R","E","T","E","T","R","$","M","R","B",null],"character_chosen":"DEFECT","items_purchased":["Dramatic Entrance","Panacea","Ornamental Fan","Toy Ornithopter","Dramatic Entrance"],"campfire_rested":3,"item_purchase_floors":[4,22,22,29,47],"current_hp_per_floor":[74,74,80,80,80,60,60,62,68,66,61,61,33,25,51,28,93,72,72,56,56,56,56,22,24,30,24,26,26,23,5,34,35,105,94,111,90,67,67,53,53,29,35,20,26,77,77,72,72,59],"gold":68,"neow_bonus":"","is_daily":true,"chose_seed":false,"campfire_upgraded":5,"win_rate":0.0,"timestamp":1608133501,"path_taken":["M","?","?","$","M","E","R","?","T","E","M","R","?","M","R","BOSS","M","?","?","?","$","R","E","?","T","E","M","$","E","?","R","BOSS","M","?","?","?","?","E","R","E","T","?","?","R","$","?","R","BOSS"],"items_purchased_type":["Card","Card","Relic","Relic","Card"],"build_version":"2020-12-13","purchased_purges":0,"victory":true,"max_hp_per_floor":[75,75,81,81,81,81,81,81,87,87,87,87,87,87,87,93,93,93,93,93,93,93,93,93,93,99,99,99,99,99,99,99,105,105,105,111,111,111,111,111,111,111,117,117,123,123,123,123,123,129],"relic_stats":{"Darkstone Periapt":54,"Regal Pillow":15,"counters":[26,105],"Golden Idol":207,"StoneCalendar":[52],"Pen Nib":[3],"Orichalcum":[12],"Cursed Key":4,"Mercury Hourglass":[248],"Blood Vial":40,"Ornamental Fan":[112],"Shuriken":[5],"Kunai":[39],"obtain_stats":[{"Darkstone Periapt":0,"Regal Pillow":44,"Golden Idol":3,"Enchiridion":20,"StoneCalendar":24,"Pen Nib":43,"Incense Burner":45,"Orichalcum":40,"Cursed Key":0,"Ancient Tea Set":30,"White Beast Statue":10,"Akabeko":27,"Mercury Hourglass":26,"Du-Vu Doll":0,"Blood Vial":6,"SlaversCollar":17,"DataDisk":31,"Ornamental Fan":22,"Shuriken":42,"Red Mask":39,"Kunai":9,"Bottled Lightning":13,"Toy Ornithopter":29,"TungstenRod":38},{"Darkstone Periapt":0,"Regal Pillow":24,"Golden Idol":1,"Enchiridion":10,"StoneCalendar":12,"Pen Nib":23,"Incense Burner":24,"Orichalcum":22,"Cursed Key":0,"Ancient Tea Set":16,"White Beast Statue":5,"Akabeko":14,"Mercury Hourglass":13,"Du-Vu Doll":0,"Blood Vial":3,"SlaversCollar":9,"DataDisk":17,"Ornamental Fan":11,"Shuriken":23,"Red Mask":21,"Kunai":4,"Bottled Lightning":7,"Toy Ornithopter":15,"TungstenRod":21},{"Darkstone Periapt":0,"Regal Pillow":96,"Golden Idol":4,"Enchiridion":40,"StoneCalendar":46,"Pen Nib":91,"Incense Burner":96,"Orichalcum":84,"Cursed Key":0,"Ancient Tea Set":56,"White Beast Statue":18,"Akabeko":52,"Mercury Hourglass":48,"Du-Vu Doll":0,"Blood Vial":12,"SlaversCollar":36,"DataDisk":60,"Ornamental Fan":42,"Shuriken":91,"Red Mask":79,"Kunai":15,"Bottled Lightning":27,"Toy Ornithopter":54,"TungstenRod":79}],"Toy Ornithopter":5,"TungstenRod":12},"card_choices":[{"not_picked":["MadScienceMod:MechanicalClaw","MadScienceMod:FragmentationGrenade"],"picked":"Cold Snap","floor":1.0},{"not_picked":["PanicButton","Trip"],"picked":"Metamorphosis","floor":2.0},{"not_picked":["MadScienceMod:BoxOfScraps","MadScienceMod:FlexibleSpear"],"picked":"Clash","floor":5.0},{"not_picked":["Barrage","MadScienceMod:NowOrNever"],"picked":"Stack","floor":6.0},{"not_picked":["Flame Barrier","Carnage"],"picked":"Reaper","floor":8.0},{"not_picked":["MadScienceMod:LightOnFire","Stack"],"picked":"Eviscerate","floor":10.0},{"not_picked":["Dark Embrace","Backflip"],"picked":"Flex","floor":11.0},{"not_picked":["Heatsinks","MadScienceMod:AutoStrike"],"picked":"Thunderclap","floor":13.0},{"not_picked":["MadScienceMod:Automate","Deadly Poison"],"picked":"Clash","floor":14.0},{"not_picked":["MadScienceMod:MechanicalSnecko","Venomology"],"picked":"Demon Form","floor":16.0},{"not_picked":["Pommel Strike","MadScienceMod:OilDrum"],"picked":"Dagger Throw","floor":18.0},{"not_picked":["Havoc","Perfected Strike"],"picked":"Iron Wave","floor":21.0},{"not_picked":["Deadly Poison+1","Sucker Punch+1","Thunderclap"],"picked":"SKIP","floor":24.0},{"not_picked":["MadScienceMod:AutoStrike+1","MadScienceMod:Sprocket","Warcry"],"picked":"SKIP","floor":25.0},{"not_picked":["MadScienceMod:AntimatterBomb","Brutality"],"picked":"Fission","floor":27.0},{"not_picked":["Flying Knee+1","MadScienceMod:FragmentationGrenade"],"picked":"ICR:ChainLightning","floor":28.0},{"not_picked":["MadScienceMod:AcidSpray","MadScienceMod:ShrinkRay"],"picked":"Flame Barrier","floor":30.0},{"not_picked":["MadScienceMod:Lightbulb","Sucker Punch"],"picked":"Quick Slash","floor":31.0},{"not_picked":["Fission","Immolate"],"picked":"Reboot","floor":33.0},{"not_picked":["Distraction","Turbo"],"picked":"Eviscerate","floor":35.0},{"not_picked":["Dodge and Roll","Deflect+1"],"picked":"ICR:PowerAttack+1","floor":37.0},{"not_picked":["Flex+1","Echo Form"],"picked":"Clothesline+1","floor":38.0},{"not_picked":["MadScienceMod:AntimatterBomb+1","Dropkick+1"],"picked":"Heavy Blade","floor":40.0},{"not_picked":["MadScienceMod:ClockworkAssistant","Fusion"],"picked":"Coolheaded","floor":42},{"not_picked":["Steam Power+1","Wild Strike"],"picked":"Self Repair+1","floor":44},{"not_picked":["MadScienceMod:EnergyBarrier","Dodge and Roll"],"picked":"Dual Wield+1","floor":48}],"player_experience":157375,"relics_obtained":[{"floor":6.0,"key":"Blood Vial"},{"floor":9.0,"key":"Kunai"},{"floor":10.0,"key":"White Beast Statue"},{"floor":13.0,"key":"Bottled Lightning"},{"floor":24.0,"key":"StoneCalendar"},{"floor":26.0,"key":"Mercury Hourglass"},{"floor":27.0,"key":"Akabeko"},{"floor":30.0,"key":"Ancient Tea Set"},{"floor":31.0,"key":"DataDisk"},{"floor":38.0,"key":"TungstenRod"},{"floor":40.0,"key":"Orichalcum"},{"floor":42,"key":"Shuriken"},{"floor":43,"key":"Pen Nib"},{"floor":44,"key":"Regal Pillow"},{"floor":45,"key":"Incense Burner"}],"event_choices":[{"damage_healed":0.0,"max_hp_gain":0.0,"max_hp_loss":0.0,"gold_gain":1.0,"event_name":"betterStone:BetterStone","player_choice":"1","floor":2.0,"gold_loss":0.0,"damage_taken":0.0},{"damage_healed":0.0,"max_hp_gain":0.0,"max_hp_loss":0.0,"gold_gain":0.0,"event_name":"Golden Idol","player_choice":"Take Wound","floor":3.0,"gold_loss":0.0,"damage_taken":0.0,"relics_obtained":["Golden Idol"],"cards_obtained":["Injury"]},{"damage_healed":0.0,"max_hp_gain":0.0,"max_hp_loss":0.0,"gold_gain":0.0,"event_name":"Duplicator","player_choice":"Copied","floor":19.0,"gold_loss":0.0,"damage_taken":0.0,"cards_obtained":["Dramatic Entrance"]},{"damage_healed":0.0,"max_hp_gain":0.0,"max_hp_loss":0.0,"gold_gain":0.0,"event_name":"Cursed Tome","player_choice":"Obtained Book","floor":20.0,"gold_loss":0.0,"damage_taken":16.0},{"damage_healed":26.0,"max_hp_gain":0.0,"max_hp_loss":0.0,"gold_gain":0.0,"event_name":"Winding Halls","player_choice":"Writhe","floor":36.0,"gold_loss":0.0,"damage_taken":0.0,"cards_obtained":["Writhe"]},{"damage_healed":0.0,"max_hp_gain":0.0,"max_hp_loss":0.0,"gold_gain":0.0,"event_name":"Tomb of Lord Red Mask","player_choice":"Paid","floor":39.0,"gold_loss":259.0,"damage_taken":0.0,"relics_obtained":["Red Mask"]}],"is_beta":false,"boss_relics":[{"not_picked":["Tiny House","Coffee Dripper"],"picked":"SlaversCollar"},{"not_picked":["Runic Dome","Runic Pyramid","Velvet Choker"]}],"items_purged_floors":[],"is_endless":false,"potions_floor_spawned":[1,8,11,13,14,16,18,21,24,25,27,28,30,31,33,35,37,38,40,42,44,48],"ascension_level":0}}