{"host":"m2106ztvmcgfoyc9","time":1608142104,"event":{"mods":["BaseMod","Minty Spire (QoL Compilation)","Relic Stats"],"gold_per_floor":[109,122,135,18,18,18,46,46,46,121,46,75,75,94,94,168,168,179,179,195,14,27,27,52,81,81,97,114,114,133,147,147,147,147],"floor_reached":33,"playtime":1196,"items_purged":["Strike_G","Strike_G"],"score":554,"play_id":"5a9c5195-0b69-4124-bd3b-da1dda9ee07a","local_time":"20201216190824","is_ascension_mode":true,"campfire_choices":[{"data":"All Out Attack","floor":6,"key":"SMITH"},{"data":"Bouncing Flask","floor":8,"key":"SMITH"},{"floor":13,"key":"REST"},{"floor":15,"key":"REST"},{"floor":23,"key":"REST"},{"floor":32,"key":"RECALL"}],"circlet_count":0,"master_deck":["AscendersBane","Strike_G","Strike_G","Defend_G","Defend_G","Survivor","Neutralize","Dash","Leg Sweep","All Out Attack+1","Bouncing Flask+1","Dash","Burst","Crippling Poison","Catalyst","Corpse Explosion","Crippling Poison+1"],"relics":["Empty Cage","Ninja Scroll","MealTicket","Ancient Tea Set","Fusion Hammer","Bird Faced Urn","Red Mask","Pantograph"],"acts_visited":["Exordium","TheCity"],"potions_floor_usage":[7,12,16,22,28,33,33,33],"damage_taken":[{"damage":6,"enemies":"Cultist","floor":1,"turns":5},{"damage":2,"enemies":"2 Louse","floor":2,"turns":3},{"damage":0,"enemies":"Small Slimes","floor":3,"turns":4},{"damage":17,"enemies":"3 Sentries","floor":7,"turns":7},{"damage":15,"enemies":"Lagavulin","floor":12,"turns":6},{"damage":0,"enemies":"3 Louse","floor":14,"turns":1},{"damage":7,"enemies":"The Guardian","floor":16,"turns":7},{"damage":12,"enemies":"3 Byrds","floor":18,"turns":6},{"damage":12,"enemies":"Shell Parasite","floor":20,"turns":6},{"damage":5,"enemies":"Snake Plant","floor":22,"turns":4},{"damage":11,"enemies":"Book of Stabbing","floor":24,"turns":5},{"damage":3,"enemies":"Masked Bandits","floor":25,"turns":2},{"damage":0,"enemies":"Centurion and Healer","floor":27,"turns":4},{"damage":0,"enemies":"3 Cultists","floor":28,"turns":3},{"damage":22,"enemies":"Snake Plant","floor":30,"turns":4},{"damage":3,"enemies":"Snecko","floor":31,"turns":3},{"damage":73,"enemies":"Champ","floor":33,"turns":8}],"seed_played":"-2169656806410262336","potions_obtained":[{"floor":3,"key":"ColorlessPotion"},{"floor":7,"key":"CunningPotion"},{"floor":12,"key":"LiquidMemories"},{"floor":16,"key":"SneckoOil"},{"floor":22,"key":"Explosive Potion"},{"floor":25,"key":"GamblersBrew"},{"floor":28,"key":"CunningPotion"},{"floor":31,"key":"EntropicBrew"}],"is_trial":false,"path_per_floor":["M","M","M","$","?","R","E","R","T","?","?","E","R","M","R","B",null,"M","?","M","$","M","R","E","?","T","M","M","?","M","M","R","B"],"character_chosen":"THE_SILENT","items_purchased":["All Out Attack","Catalyst"],"campfire_rested":3,"item_purchase_floors":[4,21],"current_hp_per_floor":[53,51,51,51,44,44,27,27,27,16,16,1,20,20,39,32,58,46,34,22,37,32,51,40,37,37,37,37,66,44,41,41,0,0],"gold":147,"neow_bonus":"BOSS_RELIC","is_daily":false,"chose_seed":false,"campfire_upgraded":2,"win_rate":0.0,"timestamp":1608142104,"path_taken":["M","?","M","$","?","R","E","R","T","?","?","E","R","M","R","BOSS","M","?","M","?","?","R","E","?","T","M","M","?","?","M","R","BOSS"],"items_purchased_type":["Card","Card"],"build_version":"2020-12-13","purchased_purges":2,"victory":false,"max_hp_per_floor":[66,66,66,66,66,66,66,66,66,66,66,66,66,66,66,66,66,66,66,66,66,66,66,66,66,66,66,66,66,66,66,66,66,66],"relic_stats":{"counters":[17,78],"Bird Faced Urn":[0],"Pantograph":25,"MealTicket":15,"obtain_stats":[{"Ninja Scroll":7,"Bird Faced Urn":24,"Pantograph":26,"MealTicket":9,"Fusion Hammer":17,"Red Mask":25,"Empty Cage":0,"Ancient Tea Set":12,"Ring of the Snake":0},{"Ninja Scroll":4,"Bird Faced Urn":11,"Pantograph":12,"MealTicket":4,"Fusion Hammer":7,"Red Mask":12,"Empty Cage":0,"Ancient Tea Set":5,"Ring of the Snake":0},{"Ninja Scroll":19,"Bird Faced Urn":54,"Pantograph":56,"MealTicket":19,"Fusion Hammer":33,"Red Mask":56,"Empty Cage":0,"Ancient Tea Set":25,"Ring of the Snake":0}]},"card_choices":[{"not_picked":["Prepared","Finisher"],"picked":"Dash","floor":1},{"not_picked":["Tactician","Backflip"],"picked":"Leg Sweep","floor":2},{"not_picked":["Deflect","Backflip","Dodge and Roll"],"picked":"SKIP","floor":3},{"not_picked":["Well Laid Plans","PiercingWail"],"picked":"Bouncing Flask","floor":7},{"not_picked":["Cloak And Dagger","Quick Slash","Terror"],"picked":"SKIP","floor":12},{"not_picked":["Dodge and Roll","Terror"],"picked":"Dash","floor":14},{"not_picked":["Venomology","Doppelganger"],"picked":"Burst","floor":16},{"not_picked":["Poisoned Stab","Deflect+1"],"picked":"Crippling Poison","floor":18},{"not_picked":["Caltrops","Prepared","Underhanded Strike"],"picked":"SKIP","floor":20},{"not_picked":["Acrobatics","Dash"],"picked":"Calculated Gamble","floor":22},{"not_picked":["Catalyst","Escape Plan"],"picked":"Corpse Explosion","floor":24},{"not_picked":["Infinite Blades","Poisoned Stab","Finisher+1"],"picked":"SKIP","floor":27},{"not_picked":["Tactician","Outmaneuver"],"picked":"Crippling Poison+1","floor":28},{"not_picked":["Backstab","Slice","Endless Agony"],"picked":"SKIP","floor":30},{"not_picked":["Prepared","Outmaneuver","Blade Dance"],"picked":"SKIP","floor":31}],"player_experience":957313,"relics_obtained":[{"floor":7,"key":"Ninja Scroll"},{"floor":9,"key":"MealTicket"},{"floor":12,"key":"Ancient Tea Set"},{"floor":24,"key":"Bird Faced Urn"},{"floor":25,"key":"Red Mask"},{"floor":26,"key":"Pantograph"}],"event_choices":[{"cards_removed":["Defend_G"],"damage_healed":0,"gold_gain":0,"player_choice":"Card Removal","damage_taken":7,"max_hp_gain":0,"max_hp_loss":0,"event_name":"Golden Wing","floor":5,"gold_loss":0},{"damage_healed":0,"gold_gain":75,"player_choice":"Gather Gold","damage_taken":11,"max_hp_gain":0,"max_hp_loss":0,"event_name":"World of Goop","floor":10,"gold_loss":0},{"cards_removed":["Defend_G"],"damage_healed":0,"gold_gain":0,"player_choice":"Card Removal","damage_taken":0,"max_hp_gain":0,"max_hp_loss":0,"event_name":"The Cleric","floor":11,"gold_loss":75},{"damage_healed":0,"gold_gain":0,"player_choice":"POTION ","damage_taken":12,"max_hp_gain":0,"max_hp_loss":0,"event_name":"Knowing Skull","floor":19,"potions_obtained":["ColorlessPotion"],"gold_loss":0,"cards_obtained":[]},{"damage_healed":0,"gold_gain":0,"player_choice":"Fought Bandits","damage_taken":0,"max_hp_gain":0,"max_hp_loss":0,"event_name":"Masked Bandits","floor":25,"gold_loss":0},{"cards_removed":["Calculated Gamble"],"damage_healed":29,"gold_gain":0,"player_choice":"Offered Uncommon","damage_taken":0,"max_hp_gain":0,"max_hp_loss":0,"event_name":"Bonfire Elementals","floor":29,"gold_loss":0}],"is_beta":false,"boss_relics":[{"not_picked":["Sozu","Runic Pyramid"],"picked":"Fusion Hammer"}],"items_purged_floors":[4,21],"is_endless":false,"potions_floor_spawned":[3,7,12,16,22,25,28,31],"killed_by":"Champ","ascension_level":20}}