{"host":"cr9rpoy6dx9riis3","time":1608145858,"event":{"mods":["AchievementEnabler","BaseMod","Better Altar","Better Note","Better Sensory Stone","Better Skull","Better Third Choice","Better-Laid Plans","BetterRewards","Block Reminder","Curses Come First","Displayed Cursed Tome","Emptier Cage","Marked Mod","Minty Spire (QoL Compilation)","Permanent Neow","Relic Sorter","StSLib","The Blue Laboratory","Transform Curses"],"gold_per_floor":[112,124,143,93,268,268,34,34,60,60,90,56,56,56,56,155,155,167,177,177,190,204,204,215,215,264,264,264,264],"floor_reached":28,"playtime":1134,"items_purged":["Doubt"],"score":388,"play_id":"f12ee88e-1a8e-4d40-8450-00d1ff341533","local_time":"20201216201058","is_ascension_mode":true,"campfire_choices":[{"floor":6,"key":"RECALL"},{"data":"Bash","floor":10,"key":"SMITH"},{"data":"Feed","floor":15,"key":"SMITH"},{"data":"Immolate","floor":23,"key":"SMITH"},{"data":"Fire Breathing","floor":25,"key":"SMITH"},{"data":"Fire Breathing","floor":27,"key":"SMITH"}],"circlet_count":0,"master_deck":["Strike_R","Strike_R","Strike_R","Strike_R","Defend_R+1","Defend_R","Defend_R","Defend_R","Bash+1","Fire Breathing+1","Feed+1","Fire Breathing+1","Shockwave+1","Immolate+1","Seeing Red+1","Fire Breathing"],"relics":["Black Blood","MealTicket","Blood Vial","Paper Frog"],"acts_visited":["Exordium","TheCity"],"potions_floor_usage":[16],"damage_taken":[{"damage":13,"enemies":"Jaw Worm","floor":1,"turns":4},{"damage":13,"enemies":"Small Slimes","floor":2,"turns":5},{"damage":2,"enemies":"2 Louse","floor":3,"turns":3},{"damage":24,"enemies":"Gremlin Nob","floor":11,"turns":4},{"damage":48,"enemies":"Hexaghost","floor":16,"turns":11},{"damage":22,"enemies":"Chosen","floor":18,"turns":5},{"damage":25,"enemies":"Shell Parasite","floor":19,"turns":7},{"damage":30,"enemies":"Shelled Parasite and Fungi","floor":21,"turns":6},{"damage":31,"enemies":"Snake Plant","floor":22,"turns":5},{"damage":28,"enemies":"Chosen and Byrds","floor":24,"turns":5},{"damage":36,"enemies":"Shelled Parasite and Fungi","floor":28,"turns":5}],"seed_played":"9174519259616107481","potions_obtained":[{"floor":11,"key":"blueLaboratory:BottledHope"},{"floor":16,"key":"blueLaboratory:NullPotion"},{"floor":18,"key":"blueLaboratory:BottleOfRum"},{"floor":21,"key":"blueLaboratory:ForbiddenFruitJuice"}],"is_trial":false,"path_per_floor":["M","M","M","?","?","R","$","T","T","R","E","$","?","T","R","B",null,"M","M","?","M","M","R","M","R","T","R","M"],"character_chosen":"IRONCLAD","items_purchased":["Feed","Shockwave"],"campfire_rested":0,"item_purchase_floors":[7,12],"current_hp_per_floor":[62,55,59,59,59,59,59,59,59,59,46,61,43,43,43,90,90,84,73,73,61,44,44,34,34,34,34,0,0],"gold":264,"neow_bonus":"","is_daily":false,"chose_seed":false,"campfire_upgraded":5,"win_rate":0.0,"timestamp":1608145858,"path_taken":["M","M","M","?","?","R","$","?","T","R","E","?","?","?","R","BOSS","M","?","?","?","M","R","M","R","T","R","M"],"items_purchased_type":["Card","Card"],"build_version":"2020-12-13","purchased_purges":1,"victory":false,"max_hp_per_floor":[80,80,80,80,80,80,80,80,80,80,83,83,83,83,83,90,90,94,94,94,98,98,98,102,102,102,102,102,102],"card_choices":[{"not_picked":["Heavy Blade","Cleave","Clash"],"picked":"SKIP","floor":1},{"not_picked":["Wild Strike","Intimidate","Perfected Strike"],"picked":"SKIP","floor":2},{"not_picked":["Sword Boomerang","Armaments"],"picked":"Fire Breathing","floor":3},{"not_picked":["Thunderclap","Headbutt"],"picked":"Fire Breathing","floor":11},{"not_picked":["Corruption","Feed"],"picked":"Immolate","floor":16},{"not_picked":["Battle Trance","Blood for Blood","Anger+1"],"picked":"SKIP","floor":18},{"not_picked":["Thunderclap","Havoc","Shrug It Off+1"],"picked":"SKIP","floor":19},{"not_picked":["Clothesline","Disarm"],"picked":"Seeing Red+1","floor":21},{"not_picked":["Anger","Pummel","Body Slam"],"picked":"SKIP","floor":22},{"not_picked":["Flame Barrier","Rampage"],"picked":"Fire Breathing","floor":24}],"player_experience":716617,"relics_obtained":[{"floor":8,"key":"Paper Frog"},{"floor":9,"key":"Blood Vial"},{"floor":11,"key":"MealTicket"}],"event_choices":[{"cards_removed":["Strike_R"],"damage_healed":0,"gold_gain":0,"player_choice":"Card Removal","damage_taken":0,"max_hp_gain":0,"max_hp_loss":0,"event_name":"The Cleric","floor":4,"gold_loss":50},{"damage_healed":0,"gold_gain":175,"player_choice":"AGREE","damage_taken":93,"max_hp_gain":0,"max_hp_loss":0,"event_name":"betterThird:BetterSerpent","floor":5,"gold_loss":0},{"damage_healed":0,"gold_gain":0,"player_choice":"Relic ","damage_taken":18,"max_hp_gain":0,"max_hp_loss":0,"event_name":"betterThird:BetterScrap","floor":13,"gold_loss":0,"cards_obtained":["Endless Agony"]},{"cards_removed":["Feed"],"damage_healed":0,"gold_gain":0,"player_choice":"Give","damage_taken":0,"max_hp_gain":0,"max_hp_loss":0,"event_name":"betterNote:BetterNote","floor":20,"gold_loss":0,"cards_obtained":["Reaper"]}],"is_beta":false,"boss_relics":[{"not_picked":["SlaversCollar","Calling Bell"],"picked":"Black Blood"}],"items_purged_floors":[7],"is_endless":false,"potions_floor_spawned":[11,16,18,21],"killed_by":"Shelled Parasite and Fungi","ascension_level":3}}