{"host":"oeeu8njhzvf3llor","time":1608086222,"event":{"mods":["BaseMod","Better Match","Better Note","Better Skull","Better Third Choice","Hubris","Minty Spire (QoL Compilation)","Rare Cards Sparkle","Replay The Spire","Shop Mod","Spicy Shops","StSLib","Swap Starting Deck Mod"],"gold_per_floor":[110,22,37,0,20,52,52,82,82,82,115,134,144,169,169,267,267,280,297,257,272,97,122,122,136,136,148,48,76,76,93,93,188,188,206,206,32,32,51,79,79,79,79,110,126,126,143,171,171,171,171,171,45,70,70,70],"floor_reached":55,"playtime":2253,"items_purged":["Strike_B","Strike_B"],"score":814,"play_id":"d639a6e7-014f-4e4f-b728-4b7ef00edb10","local_time":"20201215213702","is_ascension_mode":true,"campfire_choices":[{"data":"Enlightenment","floor":10,"key":"SMITH"},{"floor":15,"key":"RECALL"},{"floor":30,"key":"REST"},{"data":"Loop","floor":32,"key":"SMITH"},{"data":"Cold Snap","floor":42,"key":"SMITH"},{"floor":46,"key":"REST"},{"floor":49,"key":"REST"},{"data":"Rip and Tear","floor":52,"key":"SMITH"}],"circlet_count":0,"master_deck":["Strike_B","Defend_B","Defend_B","Defend_B","Zap","Dualcast","Ball Lightning","Ball Lightning","hubris:Ukulele","Cold Snap","Enlightenment+1","Undo","Conserve Battery","Rainbow","hubris:Ukulele+1","Go for the Eyes","Rip and Tear","Core Surge","Core Surge","Lockon+1","White Noise+1","Cold Snap+1","BootSequence+1","hubris:Ukulele","Loop+1","Rip and Tear+1","Streamline+1","Ball Lightning","Echo Form"],"relics":["Cracked Core","hubris:SphereOfDissonance","Prayer Wheel","Pantograph","Incense Burner","Toy Ornithopter","Bottled Flame","Ring of Chaos","Ancient Tea Set","hubris:MysteriousPyramids","Strawberry","Inserter","Chemical X","Pet Ghost","Calipers","Centennial Puzzle","Torii","hubris:RGBLights","Blue Candle"],"acts_visited":["Exordium","TheCity","TheBeyond","TheEnding"],"potions_floor_usage":[13,40,40,40,50],"damage_taken":[{"damage":1,"enemies":"2 Louse","floor":1,"turns":2},{"damage":0,"enemies":"Cultist","floor":3,"turns":2},{"damage":9,"enemies":"Jaw Worm","floor":5,"turns":2},{"damage":13,"enemies":"Lagavulin","floor":6,"turns":5},{"damage":15,"enemies":"Replay:BlueRogue","floor":8,"turns":6},{"damage":14,"enemies":"Gremlin Nob","floor":11,"turns":3},{"damage":0,"enemies":"Blue Slaver","floor":12,"turns":2},{"damage":0,"enemies":"Looter","floor":13,"turns":2},{"damage":2,"enemies":"Replay:BlueRogue","floor":14,"turns":3},{"damage":4,"enemies":"Hexaghost","floor":16,"turns":7},{"damage":5,"enemies":"2 Thieves","floor":18,"turns":3},{"damage":3,"enemies":"Spheric Guardian","floor":19,"turns":3},{"damage":0,"enemies":"Chosen and Byrds","floor":21,"turns":4},{"damage":34,"enemies":"Gremlin Leader","floor":23,"turns":4},{"damage":2,"enemies":"Centurion and Healer","floor":25,"turns":4},{"damage":9,"enemies":"Shelled Parasite and Fungi","floor":27,"turns":3},{"damage":10,"enemies":"Replay:Snechameleon","floor":29,"turns":4},{"damage":1,"enemies":"Snake Plant","floor":31,"turns":2},{"damage":47,"enemies":"hubris:MusketHawk","floor":33,"turns":7},{"damage":18,"enemies":"3 Darklings","floor":35,"turns":7},{"damage":0,"enemies":"Orb Walker","floor":39,"turns":1},{"damage":22,"enemies":"Reptomancer","floor":40,"turns":6},{"damage":41,"enemies":"Nemesis","floor":44,"turns":5},{"damage":2,"enemies":"Jaw Worm Horde","floor":45,"turns":4},{"damage":9,"enemies":"Transient","floor":47,"turns":5},{"damage":17,"enemies":"R_Hoarder","floor":48,"turns":8},{"damage":70,"enemies":"Donu and Deca","floor":50,"turns":10},{"damage":67,"enemies":"Shield and Spear","floor":54,"turns":9},{"damage":62,"enemies":"The Heart","floor":55,"turns":5}],"seed_played":"-2699292350695455930","potions_obtained":[{"floor":11,"key":"Strength Potion"},{"floor":12,"key":"Reflective Coating"},{"floor":13,"key":"ColorlessPotion"},{"floor":14,"key":"Elixir"},{"floor":18,"key":"AttackPotion"},{"floor":31,"key":"FocusPotion"},{"floor":47,"key":"SneckoOil"}],"is_trial":false,"path_per_floor":["M","$","M","?","M","E","?","E","T","R","E","M","M","E","R","B",null,"M","M","?","M","$","E","?","M","T","M","$","E","R","M","R","B",null,"M","?","$","?","M","E","$","R","T","E","M","R","M","E","R","B",null,"R","$","E","B"],"character_chosen":"DEFECT","items_purchased":["Ball Lightning","hubris:Ukulele","hubris:Ukulele","Loop","Chemical X","hubris:RGBLights"],"campfire_rested":3,"item_purchase_floors":[2,2,22,28,37,53],"current_hp_per_floor":[74,74,74,80,71,58,58,43,43,43,29,29,34,32,32,53,81,76,73,73,73,73,39,39,37,37,28,28,25,51,50,50,28,88,70,70,70,70,70,63,63,63,63,22,20,46,37,20,46,6,88,88,88,21,0,0],"gold":70,"neow_bonus":"ONE_RANDOM_RARE_CARD","is_daily":false,"chose_seed":false,"campfire_upgraded":4,"win_rate":0.0,"timestamp":1608086222,"path_taken":["M","$","M","?","M","E","?","E","T","R","E","M","?","E","R","BOSS","M","M","?","M","$","E","?","M","T","M","$","E","R","M","R","BOSS","M","?","$","?","?","E","?","R","T","E","?","R","M","E","R","BOSS","R","$","E","BOSS"],"items_purchased_type":["Card","Card","Card","Card","Relic","Relic"],"build_version":"2020-12-13","purchased_purges":2,"victory":false,"max_hp_per_floor":[75,75,75,81,81,81,81,81,81,81,81,81,81,81,81,81,81,81,81,81,81,81,81,81,81,81,81,81,88,88,88,88,88,88,88,88,88,88,88,88,88,88,88,88,88,88,88,88,88,88,88,88,88,88,88,88],"card_choices":[{"not_picked":["Coolheaded","Capacitor"],"picked":"Ball Lightning","floor":1},{"not_picked":["Go for the Eyes","Compile Driver"],"picked":"Cold Snap","floor":3},{"not_picked":["Stack","ReplayTheSpireMod:Calculation Training"],"picked":"Undo","floor":5},{"not_picked":["Time Bomb","hubris:PowerSurge"],"picked":"Conserve Battery","floor":6},{"not_picked":["Steam","hubris:SpecializedCircuitry"],"picked":"hubris:Ukulele","floor":8},{"not_picked":["Panic Button","Blizzard","Steam"],"picked":"SKIP","floor":11},{"not_picked":["Self Repair","Streamline"],"picked":"Go for the Eyes","floor":12},{"not_picked":["Coolheaded","Redo"],"picked":"Rip and Tear","floor":12},{"not_picked":["Compile Driver","Redo","Gash"],"picked":"SKIP","floor":13},{"not_picked":["Go for the Eyes","ReplaySolidLightProjector","Coolheaded"],"picked":"SKIP","floor":13},{"not_picked":["Static Discharge","Recycle"],"picked":"Core Surge","floor":14},{"not_picked":["ReplayRNGCard","All For One"],"picked":"Core Surge","floor":16},{"not_picked":["Cold Snap","BasicCrystalCard+1"],"picked":"Lockon","floor":18},{"not_picked":["Scrape","Gash","FIFO Queue+1"],"picked":"SKIP","floor":18},{"not_picked":["BasicCrystalCard","Skim"],"picked":"White Noise+1","floor":19},{"not_picked":["BasicCrystalCard","Leap"],"picked":"Cold Snap","floor":19},{"not_picked":["Blizzard","Coolheaded+1"],"picked":"BootSequence+1","floor":21},{"not_picked":["Melter","Panic Button","Steam Power"],"picked":"SKIP","floor":21},{"not_picked":["Sweeping Beam","Rebound+1","Skim"],"picked":"SKIP","floor":23},{"not_picked":["Static Discharge","Conserve Battery","Sweeping Beam+1"],"picked":"SKIP","floor":25},{"not_picked":["ReplaySort","Stack","Steam"],"picked":"SKIP","floor":25},{"not_picked":["Hologram+1","All For One","Leap"],"picked":"SKIP","floor":27},{"not_picked":["ReplayTheSpireMod:Calculation Training","Scrape","Coolheaded"],"picked":"SKIP","floor":27},{"not_picked":["Redo","Glacier","Darkness+1"],"picked":"SKIP","floor":29},{"not_picked":["Go for the Eyes","Ball Lightning+1"],"picked":"Rip and Tear","floor":31},{"not_picked":["Beam Cell+1","Rip and Tear","Time Bomb"],"picked":"SKIP","floor":31},{"not_picked":["Conserve Battery+1","Glacier"],"picked":"Streamline+1","floor":35},{"not_picked":["Cold Snap","Rebound","Stack"],"picked":"SKIP","floor":35},{"not_picked":["ReplaySolidLightProjector+1","Panic Button","ReplayTheSpireMod:Calculation Training+1"],"picked":"SKIP","floor":39},{"not_picked":["Go for the Eyes+1","Multi-Cast","Crystallizer"],"picked":"SKIP","floor":39},{"not_picked":["Compile Driver+1","Beam Cell"],"picked":"Ball Lightning","floor":40},{"not_picked":["hubris:PowerSurge+1","Rebound","Stack+1"],"picked":"SKIP","floor":44},{"not_picked":["Reprogram+1","Gash+1","Rip and Tear+1"],"picked":"SKIP","floor":45},{"not_picked":["Heatsinks","Go for the Eyes+1","Conserve Battery+1"],"picked":"SKIP","floor":45},{"not_picked":["Redo","BasicCrystalCard+1","ReplaySort+1"],"picked":"SKIP","floor":47},{"not_picked":["BasicCrystalCard","hubris:SpecializedCircuitry","Steam+1"],"picked":"SKIP","floor":47},{"not_picked":["ReplaySort","Sweeping Beam","Cold Snap+1"],"picked":"SKIP","floor":48},{"not_picked":["Reinforced Body+1","Stack+1"],"picked":"Echo Form","floor":54}],"player_experience":465998,"relics_obtained":[{"floor":6,"key":"hubris:SphereOfDissonance"},{"floor":8,"key":"Pantograph"},{"floor":9,"key":"Incense Burner"},{"floor":11,"key":"Toy Ornithopter"},{"floor":14,"key":"Bottled Flame"},{"floor":23,"key":"Ancient Tea Set"},{"floor":26,"key":"hubris:MysteriousPyramids"},{"floor":29,"key":"Strawberry"},{"floor":38,"key":"Pet Ghost"},{"floor":40,"key":"Calipers"},{"floor":44,"key":"Centennial Puzzle"},{"floor":48,"key":"Torii"},{"floor":54,"key":"Blue Candle"}],"event_choices":[{"damage_healed":0,"gold_gain":0,"player_choice":"RENOUNCE","damage_taken":37,"max_hp_gain":0,"max_hp_loss":0,"event_name":"betterThird:BetterSerpent","floor":4,"gold_loss":37,"cards_obtained":["Enlightenment"]},{"damage_healed":0,"gold_gain":0,"player_choice":"Forge","damage_taken":0,"max_hp_gain":0,"max_hp_loss":0,"event_name":"Accursed Blacksmith","floor":7,"gold_loss":0,"cards_upgraded":["ReplayTheSpireMod:Fabricate Wheel"]},{"damage_healed":0,"gold_gain":0,"player_choice":"Upgraded Two","damage_taken":0,"max_hp_gain":0,"max_hp_loss":0,"event_name":"Designer","floor":20,"gold_loss":40,"cards_upgraded":["Lockon","hubris:Ukulele"]},{"cards_removed":["Strike_B"],"damage_healed":0,"gold_gain":0,"player_choice":"Purged","damage_taken":0,"max_hp_gain":0,"max_hp_loss":0,"event_name":"Purifier","floor":24,"gold_loss":0},{"cards_removed":["Defend_B"],"damage_healed":0,"gold_gain":0,"player_choice":"Removed Skill","damage_taken":0,"max_hp_gain":0,"max_hp_loss":0,"event_name":"Falling","floor":36,"gold_loss":0},{"damage_healed":0,"gold_gain":0,"player_choice":"Relic","damage_taken":0,"max_hp_gain":0,"max_hp_loss":0,"event_name":"Wheel of Change","floor":38,"gold_loss":0}],"is_beta":false,"boss_relics":[{"not_picked":["Pandora\u0027s Box","Busted Crown"],"picked":"Ring of Chaos"},{"not_picked":["hubris:RunicObelisk","ChewingGum"],"picked":"Inserter"}],"items_purged_floors":[22,37],"is_endless":false,"potions_floor_spawned":[11,12,13,14,16,18,21,25,31,35,47],"killed_by":"The Heart","ascension_level":1}}