{"host":"cv6i479uilws7tk5","time":1608161154,"event":{"mods":["BaseMod","Better Altar","Better Match","Better Note","Better Sensory Stone","Better Skull","Better Third Choice","Energized Spire","Highlight Path","Minty Spire (QoL Compilation)","Rare Cards Sparkle","Relic Stats","StSLib"],"gold_per_floor":[118,118,118,51,69,113,113,156,236,236,6,19,57,21,21,151,151,164,164,263,178,26,26,59,72,99,134,134,59,74,74,74,199,262,283,283,304,329,329,329],"floor_reached":39,"playtime":1530,"items_purged":["Strike_G"],"score":660,"play_id":"732f1ee7-6eb6-4d58-9fb5-2527e06636ff","local_time":"20201216162554","is_ascension_mode":true,"campfire_choices":[{"data":"Neutralize","floor":7.0,"key":"SMITH"},{"data":"Malaise","floor":15.0,"key":"SMITH"},{"data":"Noxious Fumes","floor":23.0,"key":"SMITH"},{"data":"1","floor":32.0,"key":"LIFT"}],"circlet_count":0,"master_deck":["Defend_G","Defend_G","Defend_G","Defend_G","Defend_G","Survivor","Neutralize+1","Dagger Throw","Footwork","Blur","Backflip","Malaise+1","Blur+1","Noxious Fumes+1","Deadly Poison","Caltrops","Blur","Malaise","Dagger Spray+1","Bite","Bite","Bite","Bite","Bite","Night Terror+1","A Thousand Cuts","PiercingWail"],"relics":["Ring of the Snake","NeowsBlessing","Golden Idol","MealTicket","Blue Candle","Pear","Happy Flower","Coffee Dripper","Snake Skull","Omamori","Akabeko","Girya","Nloth\u0027s Gift","Tiny House","WarpedTongs"],"acts_visited":["Exordium","TheCity","TheBeyond"],"potions_floor_usage":[38],"damage_taken":[{"damage":0.0,"enemies":"2 Louse","floor":1.0,"turns":1.0},{"damage":0.0,"enemies":"Jaw Worm","floor":5.0,"turns":1.0},{"damage":0.0,"enemies":"3 Sentries","floor":6.0,"turns":2.0},{"damage":40.0,"enemies":"Lagavulin","floor":8.0,"turns":12.0},{"damage":0.0,"enemies":"Cultist","floor":12.0,"turns":4.0},{"damage":44.0,"enemies":"Gremlin Nob","floor":13.0,"turns":7.0},{"damage":0.0,"enemies":"Hexaghost","floor":16.0,"turns":12.0},{"damage":26.0,"enemies":"2 Thieves","floor":18.0,"turns":5.0},{"damage":34.0,"enemies":"Gremlin Leader","floor":24.0,"turns":8.0},{"damage":7.0,"enemies":"Shell Parasite","floor":25.0,"turns":5.0},{"damage":27.0,"enemies":"Slavers","floor":27.0,"turns":5.0},{"damage":0.0,"enemies":"3 Cultists","floor":30.0,"turns":3.0},{"damage":25.0,"enemies":"Collector","floor":33.0,"turns":12.0},{"damage":27.0,"enemies":"3 Darklings","floor":35.0,"turns":5.0},{"damage":16,"enemies":"Orb Walker","floor":37,"turns":4},{"damage":34,"enemies":"4 Shapes","floor":38,"turns":4},{"damage":21,"enemies":"Transient","floor":39,"turns":2}],"seed_played":"-4279741009367797777","potions_obtained":[{"floor":8.0,"key":"Block Potion"},{"floor":12.0,"key":"Energy Potion"},{"floor":16.0,"key":"SteroidPotion"},{"floor":24.0,"key":"Fire Potion"},{"floor":25.0,"key":"LiquidMemories"},{"floor":34.0,"key":"Explosive Potion"},{"floor":37,"key":"PowerPotion"}],"is_trial":false,"path_per_floor":["M","?","?","$","M","E","R","E","T","?","$","M","E","$","R","B",null,"M","?","?","?","$","R","E","M","T","E","?","$","M","?","R","B",null,"M","?","M","M","M"],"character_chosen":"THE_SILENT","items_purchased":["Footwork","Noxious Fumes","Lee\u0027s Waffle","Blur","Omamori"],"campfire_rested":0,"item_purchase_floors":[4,11,11,14,22],"current_hp_per_floor":[70,75,69,69,69,69,69,29,39,39,86,86,42,57,57,57,86,60,60,60,60,75,75,41,34,34,7,7,22,22,22,22,27,65,44,44,36,7,0,0],"gold":329,"neow_bonus":"THREE_ENEMY_KILL","is_daily":false,"chose_seed":false,"campfire_upgraded":3,"win_rate":0.0,"timestamp":1608161154,"path_taken":["M","?","?","?","M","E","R","E","T","?","$","M","E","$","R","BOSS","M","?","?","?","?","R","E","?","T","E","?","?","?","?","R","BOSS","M","?","M","?","M"],"items_purchased_type":["Card","Card","Relic","Card","Relic"],"build_version":"2020-12-13","purchased_purges":1,"victory":false,"max_hp_per_floor":[70,75,69,69,69,69,69,69,79,79,86,86,86,86,86,86,86,86,86,86,86,86,86,86,86,86,86,86,86,86,60,60,60,65,65,65,65,65,65,65],"relic_stats":{"Happy Flower":[21],"counters":[17,92],"Golden Idol":133,"Blue Candle":[0],"MealTicket":60,"Snake Skull":[76],"Nloth\u0027s Gift":1,"obtain_stats":[{"Girya":27,"Lee\u0027s Waffle":11,"Pear":9,"Tiny House":34,"NeowsBlessing":0,"Happy Flower":13,"Golden Idol":3,"Blue Candle":8,"Snake Skull":21,"Omamori":22,"Akabeko":24,"WarpedTongs":36,"MealTicket":6,"Coffee Dripper":17,"Nloth\u0027s Gift":28,"Ring of the Snake":0},{"Girya":11,"Lee\u0027s Waffle":4,"Pear":4,"Tiny House":13,"NeowsBlessing":0,"Happy Flower":6,"Golden Idol":1,"Blue Candle":4,"Snake Skull":8,"Omamori":8,"Akabeko":9,"WarpedTongs":14,"MealTicket":3,"Coffee Dripper":7,"Nloth\u0027s Gift":11,"Ring of the Snake":0},{"Girya":62,"Lee\u0027s Waffle":16,"Pear":16,"Tiny House":77,"NeowsBlessing":0,"Happy Flower":27,"Golden Idol":1,"Blue Candle":16,"Snake Skull":44,"Omamori":44,"Akabeko":52,"WarpedTongs":82,"MealTicket":4,"Coffee Dripper":39,"Nloth\u0027s Gift":62,"Ring of the Snake":0}],"Ring of the Snake":[34],"WarpedTongs":[10]},"card_choices":[{"not_picked":["Flying Knee","Prepared"],"picked":"Dagger Throw","floor":1.0},{"not_picked":["Flying Knee","Calculated Gamble"],"picked":"Blur","floor":5.0},{"not_picked":["Setup","Endless Agony"],"picked":"Backflip","floor":6.0},{"not_picked":["Deflect","Dodge and Roll"],"picked":"Malaise","floor":8.0},{"not_picked":["Accuracy+1","Reflex+1"],"picked":"Blur+1","floor":10.0},{"not_picked":["Underhanded Strike","Sucker Punch"],"picked":"Deadly Poison","floor":12.0},{"not_picked":["Cloak And Dagger","Well Laid Plans"],"picked":"Caltrops","floor":13.0},{"not_picked":["Glass Knife","Grand Finale"],"picked":"Malaise","floor":16.0},{"not_picked":["Quick Slash+1","Underhanded Strike","Blur"],"picked":"SKIP","floor":18.0},{"not_picked":["Underhanded Strike","Riddle With Holes"],"picked":"Dagger Spray+1","floor":24.0},{"not_picked":["Blade Dance","Dodge and Roll","Prepared"],"picked":"SKIP","floor":25.0},{"not_picked":["Quick Slash","Bane","Eviscerate"],"picked":"SKIP","floor":27.0},{"not_picked":["Expertise","Setup","Accuracy"],"picked":"SKIP","floor":30.0},{"not_picked":["Die Die Die","Storm of Steel"],"picked":"Night Terror","floor":33.0},{"not_picked":["Dagger Spray","Prepared"],"picked":"A Thousand Cuts","floor":34.0},{"not_picked":["Dagger Spray","Choke","Underhanded Strike"],"picked":"SKIP","floor":35.0},{"not_picked":["Bane+1","Concentrate+1","Backstab"],"picked":"SKIP","floor":37},{"not_picked":["Flying Knee","Riddle With Holes+1"],"picked":"PiercingWail","floor":38}],"player_experience":323158,"relics_obtained":[{"floor":6.0,"key":"MealTicket"},{"floor":8.0,"key":"Blue Candle"},{"floor":9.0,"key":"Pear"},{"floor":13.0,"key":"Happy Flower"},{"floor":24.0,"key":"Akabeko"},{"floor":27.0,"key":"Girya"}],"event_choices":[{"damage_healed":0.0,"max_hp_gain":5.0,"max_hp_loss":0.0,"gold_gain":0.0,"event_name":"Big Fish","player_choice":"Donut","floor":2.0,"gold_loss":0.0,"damage_taken":0.0},{"damage_healed":0.0,"max_hp_gain":0.0,"max_hp_loss":6.0,"gold_gain":0.0,"event_name":"Golden Idol","player_choice":"Lose Max HP","floor":3.0,"gold_loss":0.0,"damage_taken":0.0,"relics_obtained":["Golden Idol"]},{"damage_healed":0.0,"max_hp_gain":0.0,"max_hp_loss":0.0,"gold_gain":0.0,"event_name":"betterMatch:BetterMatch","player_choice":"2","floor":10.0,"gold_loss":0.0,"damage_taken":0.0,"cards_obtained":["betterMatch:UncommonCard"]},{"damage_healed":0.0,"max_hp_gain":0.0,"max_hp_loss":0.0,"gold_gain":0.0,"event_name":"Ghosts","player_choice":"Ignored","floor":19.0,"gold_loss":0.0,"damage_taken":0.0},{"damage_healed":0.0,"max_hp_gain":0.0,"max_hp_loss":0.0,"gold_gain":99.0,"event_name":"betterThird:BetterNest","player_choice":"Steal","floor":20.0,"gold_loss":0.0,"damage_taken":0.0},{"damage_healed":0.0,"max_hp_gain":0.0,"max_hp_loss":0.0,"gold_gain":0.0,"event_name":"Addict","player_choice":"Obtained Relic","floor":21.0,"gold_loss":85.0,"damage_taken":0.0,"relics_obtained":["Snake Skull"]},{"damage_healed":0.0,"max_hp_gain":0.0,"max_hp_loss":0.0,"gold_gain":0.0,"event_name":"N\u0027loth","player_choice":"Traded Relic","floor":28.0,"relics_lost":["Lee\u0027s Waffle"],"gold_loss":0.0,"damage_taken":0.0,"relics_obtained":["Nloth\u0027s Gift"]},{"damage_healed":0.0,"max_hp_gain":0.0,"max_hp_loss":26.0,"gold_gain":0.0,"event_name":"Vampires","player_choice":"Became a vampire","floor":31.0,"gold_loss":0.0,"damage_taken":0.0,"cards_obtained":["Bite","Bite","Bite","Bite","Bite"]},{"damage_healed":0,"gold_gain":0,"player_choice":"Rummage","damage_taken":0,"relics_obtained":["WarpedTongs"],"max_hp_gain":0,"max_hp_loss":0,"event_name":"Accursed Blacksmith","floor":36,"gold_loss":0,"cards_obtained":["Pain"]}],"is_beta":false,"boss_relics":[{"not_picked":["SacredBark","HoveringKite"],"picked":"Coffee Dripper"},{"not_picked":["Fusion Hammer","energizedSpire:StickyHand"],"picked":"Tiny House"}],"items_purged_floors":[29],"is_endless":false,"potions_floor_spawned":[8,12,16,24,25,37],"killed_by":"Transient","ascension_level":4}}