{"host":"d61vkvf8c80cu18y","time":1608158970,"event":{"mods":["2.2 Compatiblity","AchievementEnabler","AlwaysNeverKeys","Aspiration","BaseMod","Better Altar","Better Note","Better Sensory Stone","Better Skull","Better Third Choice","BetterRewards","Challenge The Spire","Conspire","Custom Start","Energized Spire","GifTheSpireLib","Hermit","Highlight Path","Hubris","Infinite Spire","Ironclad Rager","Marked Mod","Minty Spire (QoL Compilation)","Quick Restart","Rare Cards Sparkle","Relic Filter","Replay The Spire","Retaliation","Shade Mod","Shop Mod","Spicy Shops","Spikes Relics","StSLib","Stuff the Spire","The Blue Laboratory","The Cursed","The Runesmith","The Sage","The Servant 0.9.4","TheVacant","Thieving Mod","Virulent Crown","thorton"],"gold_per_floor":[117,130,145,164,31,167,167,167,191,208,208,324,324,40,40,135,135,148,108,118,118,218,358,358,474,474,513,533,533,533,691,691,804,804,838,205,573,611,666,666,666],"floor_reached":40,"playtime":3356,"items_purged":["theVacant:TheAnvil+1"],"score":579,"play_id":"8706f4b7-de46-4850-8e29-bcb87914485b","local_time":"20201216164930","is_ascension_mode":false,"campfire_choices":[{"data":"theVacant:ShutAway","floor":7.0,"key":"SMITH"},{"data":"theVacant:Threat","floor":11.0,"key":"SMITH"},{"floor":13.0,"key":"REST"},{"floor":15.0,"key":"REST"},{"data":"theVacant:Recover","floor":24.0,"key":"SMITH"},{"floor":32.0,"key":"REST"}],"circlet_count":0,"master_deck":["theVacant:VacantStarterStrike","theVacant:VacantStarterStrike","theVacant:VacantStarterStrike","theVacant:VacantStarterStrike","theVacant:VacantStarterDefend+1","theVacant:VacantStarterDefend","theVacant:VacantStarterDefend","theVacant:VacantStarterDefend","theVacant:Release","theVacant:Crunch","theVacant:IntoTheAbyss+1","theVacant:ShriekingBlast+1","theVacant:Enrage+1","theVacant:PitOfDespair+1","theVacant:Throttle","theVacant:ShutAway+1","theVacant:Threat+1","theVacant:Enrage","Dramatic Entrance+1","theVacant:Recover+1","theVacant:ShriekingBlast+1","theVacant:SurpriseAttack","theVacant:VoidForm+1","theVacant:Hex+1","theVacant:PitOfDespair+1","theVacant:ForgeSoul+1","theVacant:Recover+1","theVacant:ForgeSoul+1","theVacant:Rejection+1","theVacant:VoidForm+1","theVacant:LashOut","theVacant:IntoTheAbyss+1","theVacant:Barrage+1","theVacant:Barrage+1","ReplayTheSpireMod:Restless Dread","hubris:Greed","theVacant:OnSecondThought+1","hubris:Greed","Doubt"],"relics":["theVacant:BrassGoblet","Golden Egg","StuffTheSpire:TintedRock","Blue Doll","ReplayTheSpireMod:CursedCoin","Centennial Puzzle","StuffTheSpire:Rhapsscallions","Replay:Baseball","Calipers","sagemod:The_Guidebook_Guide","Black Star","infinitespire:Satchel","Du-Vu Doll","Replay:Bandana","RoseTintedShades","aspiration:ChemicalBlood","betterThird:NestCultRelic","Prayer Wheel","Runesmith:AutoHammer","CeramicFish","energizedSpire:SpiderWeb","ReplayFunnel","Lee\u0027s Waffle","ReplayTheSpireMod:Ring of Exchange","Ring of Greed","hubris:MobiusCoin","Old Coin"],"acts_visited":["Exordium","TheCity","TheBeyond"],"potions_floor_usage":[40,40],"damage_taken":[{"damage":0.0,"enemies":"Cultist","floor":1.0,"turns":3.0},{"damage":5.0,"enemies":"Small Slimes","floor":2.0,"turns":2.0},{"damage":0.0,"enemies":"Jaw Worm","floor":3.0,"turns":3.0},{"damage":2.0,"enemies":"Blue Slaver","floor":4.0,"turns":3.0},{"damage":4.0,"enemies":"3 Sentries","floor":6.0,"turns":3.0},{"damage":10.0,"enemies":"Looter","floor":10.0,"turns":2.0},{"damage":11.0,"enemies":"Lagavulin","floor":12.0,"turns":3.0},{"damage":31.0,"enemies":"Fading Forest","floor":16.0,"turns":11.0},{"damage":1.0,"enemies":"Chosen","floor":18.0,"turns":2.0},{"damage":6.0,"enemies":"conspire:FuzzyDice","floor":20.0,"turns":3.0},{"damage":9.0,"enemies":"Gremlin Leader","floor":23.0,"turns":3.0},{"damage":23.0,"enemies":"conspire:SneckoGhost","floor":25.0,"turns":5.0},{"damage":8.0,"enemies":"Centurion and Healer","floor":27.0,"turns":2.0},{"damage":13.0,"enemies":"conspire:HollyBat","floor":28.0,"turns":5.0},{"damage":0.0,"enemies":"Slavers","floor":31.0,"turns":1.0},{"damage":52.0,"enemies":"conspire:MysteriousRune","floor":33.0,"turns":5.0},{"damage":29.0,"enemies":"3 Darklings","floor":35.0,"turns":5.0},{"damage":19.0,"enemies":"Orb Walker","floor":38.0,"turns":4.0},{"damage":24.0,"enemies":"Writhing Mass","floor":39.0,"turns":3.0},{"damage":62,"enemies":"Reptomancer","floor":40,"turns":2}],"seed_played":"-8033448529547055669","potions_obtained":[{"floor":2.0,"key":"DistilledChaos"},{"floor":3.0,"key":"BlessingOfTheForge"},{"floor":4.0,"key":"BlessingOfTheForge"},{"floor":10.0,"key":"blueLaboratory:PyrophylliteBrew"},{"floor":20.0,"key":"Cursed Concoction"},{"floor":23.0,"key":"GamblersBrew"},{"floor":39.0,"key":"CultistPotion"}],"is_trial":false,"path_per_floor":["M","M","M","M","$","E","R","?","T","M","R","E","R","$","R","B",null,"M","?","M","?","?","E","R","E","T","M","M","?","T","E","R","B",null,"M","$","?","M","M","E"],"character_chosen":"THE_VACANT","items_purchased":["Golden Egg","theVacant:IntoTheAbyss","theVacant:ShriekingBlast","StuffTheSpire:TintedRock","Blue Doll","ReplayTheSpireMod:CursedCoin","theVacant:Enrage","theVacant:PitOfDespair","Dramatic Entrance","theVacant:Recover+1","theVacant:Hex","sagemod:The_Guidebook_Guide","theVacant:PitOfDespair+1","theVacant:Barrage","ReplayFunnel","Lee\u0027s Waffle","blueLaboratory:FrostheartPotion","Flashbang"],"campfire_rested":3,"item_purchase_floors":[0,0,0,0,0,0,0,0,5,5,14,14,14,36,36,36,36,36],"current_hp_per_floor":[44,39,39,37,37,40,40,42,42,32,32,21,45,45,69,58,82,81,81,75,75,75,69,69,50,50,42,29,29,29,29,53,15,82,53,89,89,73,49,0,0],"gold":666,"neow_bonus":"","is_daily":false,"chose_seed":false,"campfire_upgraded":3,"win_rate":0.0,"timestamp":1608158970,"path_taken":["M","M","?","M","$","E","R","?","T","M","R","E","R","$","R","BOSS","M","?","M","?","?","E","R","E","T","?","M","?","?","E","R","BOSS","M","$","?","M","M","E"],"items_purchased_type":["Relic","Card","Card","Relic","Relic","Relic","Card","Card","Card","Card","Card","Relic","Card","Card","Relic","Relic","Potion","Potion"],"build_version":"2020-12-13","purchased_purges":1,"victory":false,"max_hp_per_floor":[80,80,80,80,80,80,80,82,82,82,82,82,82,82,82,82,82,82,82,82,82,82,82,82,82,82,82,82,82,82,82,82,82,82,82,89,89,89,89,89,89],"card_choices":[{"not_picked":["theVacant:Cower","theVacant:Gloom"],"picked":"theVacant:Throttle","floor":1.0},{"not_picked":["theVacant:Soothe","theVacant:Whip"],"picked":"theVacant:ShutAway","floor":2.0},{"not_picked":["theVacant:Reconnect","theVacant:Barrage"],"picked":"theVacant:Threat","floor":3.0},{"not_picked":["theVacant:OnSecondThought","theVacant:Necromancy"],"picked":"theVacant:Enrage","floor":4.0},{"not_picked":["theVacant:Whip","theVacant:Anguish"],"picked":"theVacant:ShriekingBlast","floor":6.0},{"not_picked":["theVacant:BattleScars","theVacant:Cower"],"picked":"theVacant:SurpriseAttack","floor":10.0},{"not_picked":["theVacant:Thoughtseize","theVacant:Anguish"],"picked":"theVacant:VoidForm","floor":12.0},{"not_picked":["theVacant:DimensionTear","theVacant:TheAnvil"],"picked":"theVacant:ForgeSoul","floor":16.0},{"not_picked":["theVacant:Dig","theVacant:GraveWave"],"picked":"theVacant:Recover","floor":18.0},{"not_picked":["theVacant:Whip","theVacant:Dig"],"picked":"theVacant:Jab","floor":20.0},{"not_picked":["theVacant:ShriekingBlast","theVacant:Soothe"],"picked":"theVacant:ForgeSoul","floor":23.0},{"not_picked":["theVacant:Spinshield","theVacant:HolyWater"],"picked":"theVacant:Rejection","floor":25.0},{"not_picked":["theVacant:Jab+1","theVacant:ReaperStrike","theVacant:EyePoke"],"picked":"SKIP","floor":27.0},{"not_picked":["theVacant:Soothe","theVacant:GraveDigger+1","theVacant:OnSecondThought"],"picked":"SKIP","floor":28.0},{"not_picked":["theVacant:Jab","theVacant:Whip","theVacant:Soothe+1"],"picked":"SKIP","floor":31.0},{"not_picked":["theVacant:WhenDarknessComes","theVacant:Prevent"],"picked":"theVacant:VoidForm","floor":33.0},{"not_picked":["theVacant:GraveDigger","theVacant:BattleScars"],"picked":"theVacant:LashOut","floor":35.0},{"not_picked":["theVacant:BrassMagnet","theVacant:OnSecondThought"],"picked":"theVacant:IntoTheAbyss+1","floor":35.0},{"not_picked":["theVacant:GraveDigger","theVacant:BellToll"],"picked":"theVacant:OnSecondThought+1","floor":38.0},{"not_picked":["theVacant:PitOfDespair+1","theVacant:BattleScars","theVacant:Jab"],"picked":"SKIP","floor":38.0},{"not_picked":["theVacant:Enrage","theVacant:BellToll+1","theVacant:OnSecondThought"],"picked":"SKIP","floor":39.0},{"not_picked":["theVacant:CleanseSoul+1","theVacant:Prevent","theVacant:Spinshield"],"picked":"SKIP","floor":39.0}],"player_experience":369294,"relics_obtained":[{"floor":6.0,"key":"Centennial Puzzle"},{"floor":9.0,"key":"Replay:Baseball"},{"floor":12.0,"key":"Calipers"},{"floor":23.0,"key":"infinitespire:Satchel"},{"floor":23.0,"key":"Du-Vu Doll"},{"floor":25.0,"key":"Replay:Bandana"},{"floor":25.0,"key":"RoseTintedShades"},{"floor":26.0,"key":"aspiration:ChemicalBlood"},{"floor":30.0,"key":"Prayer Wheel"},{"floor":31.0,"key":"Runesmith:AutoHammer"},{"floor":31.0,"key":"CeramicFish"},{"floor":37.0,"key":"ReplayTheSpireMod:Ring of Exchange"},{"floor":37.0,"key":"Ring of Greed"},{"floor":37.0,"key":"hubris:MobiusCoin"},{"floor":37.0,"key":"Old Coin"}],"event_choices":[{"damage_healed":0.0,"max_hp_gain":0.0,"max_hp_loss":0.0,"gold_gain":0.0,"event_name":"Designer","player_choice":"Upgraded Two","floor":19.0,"gold_loss":40.0,"damage_taken":0.0,"cards_upgraded":["theVacant:ShriekingBlast","theVacant:VacantStarterDefend"]},{"damage_healed":0.0,"max_hp_gain":0.0,"max_hp_loss":0.0,"gold_gain":0.0,"cards_transformed":["theVacant:Jab"],"event_name":"Transmorgrifier","player_choice":"Transformed","floor":21.0,"gold_loss":0.0,"damage_taken":0.0,"cards_obtained":["theVacant:TheAnvil"]},{"damage_healed":0.0,"max_hp_gain":0.0,"max_hp_loss":0.0,"gold_gain":100.0,"event_name":"Golden Shrine","player_choice":"Pray","floor":22.0,"gold_loss":0.0,"damage_taken":0.0},{"damage_healed":0.0,"max_hp_gain":0.0,"max_hp_loss":0.0,"gold_gain":0.0,"event_name":"betterThird:BetterNest","player_choice":"Madness","floor":29.0,"gold_loss":0.0,"damage_taken":0.0,"relics_obtained":["betterThird:NestCultRelic"]}],"is_beta":false,"boss_relics":[{"not_picked":["Replay:Wanted Poster","Empty Cage"],"picked":"Black Star"},{"not_picked":["aspiration:RitualDagger","Busted Crown"],"picked":"energizedSpire:SpiderWeb"}],"items_purged_floors":[36],"is_endless":false,"potions_floor_spawned":[2,3,4,10,16,20,23,25,27,38,39],"killed_by":"Reptomancer","ascension_level":0}}