{"host":"jjunaul04msmo6r1","time":1608097756,"event":{"mods":["BaseMod","Better Third Choice","Booster Modes","Colored Map","Downfall","Minty Spire (QoL Compilation)","Relic Stats","StSLib","UnlockEverythingMod","everything is the same but u backflip on backflip"],"gold_per_floor":[399,399,55,72,91,124,171,186,186,213,14,57,118,157,196,293,293,143,196,26,86,119,119,119,44,44,44,44,71,81,60,76,181,181,181,181,181,110,160,160,160,214,251,278,314,325,325,325,370,370,370,401,85,85,85],"floor_reached":56,"playtime":8692,"items_purged":["Regret","champ:Strike"],"score":1553,"play_id":"84e38695-d770-40cc-9a40-c57ddc91af2e","local_time":"20201215224916","is_ascension_mode":false,"campfire_choices":[{"data":"champ:Taunt","floor":1,"key":"SMITH"},{"floor":9,"key":"RECALL"},{"data":"champ:StanceDance","floor":18,"key":"SMITH"},{"data":"champ:StanceDance","floor":23,"key":"SMITH"},{"data":"champ:Balance","floor":25,"key":"SMITH"},{"data":"champ:DefensiveShout","floor":27,"key":"SMITH"},{"data":"champ:Circumvent","floor":35,"key":"SMITH"},{"data":"champ:FocusedGladiator","floor":54,"key":"SMITH"}],"circlet_count":0,"master_deck":["champ:Strike","champ:Strike+1","champ:Strike+1","champ:Defend+1","champ:Defend+1","champ:Defend+1","champ:Execute+1","champ:Taunt+1","CurseOfTheBell","champ:Circumvent+1","champ:DefensiveShout+1","champ:IronFortress+1","champ:CheapShot+1","champ:BringItOn","champ:Encircle+1","HandOfGreed+1","champ:StanceDance+1","champ:HeavySlash+1","champ:FlashCut+1","champ:StanceDance+1","champ:ShieldSlam+1","champ:Aggression+1","champ:Balance+1","champ:Improvising+1","champ:RisingSlash+1","champ:Lariat+1","champ:FocusedGladiator+1","champ:FlashCut+1","champ:AdrenalArmor+1","champ:StrikeOfGenius+1","champ:CalledShot+1","champ:AdrenalArmor+1","champ:BerserkersShout+1","champ:CheapShot+1","champ:Control+1","champ:Lariat+1","champ:BladeFlurry+1","champ:Shatter+1","champ:SteelEdge+1","champ:PerfectForm+1","champ:RisingSlash+1"],"relics":["Calling Bell","Frozen Egg 2","Old Coin","champ:FightingForDummies","Molten Egg 2","FossilizedHelix","Lantern","Orichalcum","Coffee Dripper","downfall:HeartBlessingRed","downfall:HeartBlessingGreen","Centennial Puzzle","Dead Branch","downfall:HeartBlessingBlue","Ancient Tea Set","champ:BerserkersGuideToSlaughter","Happy Flower","champ:ChampionCrownUpgraded","MealTicket","Torii","Eternal Feather","Darkstone Periapt","War Paint","HornCleat","Pantograph"],"acts_visited":["Exordium","TheCity","TheBeyond","TheEnding"],"potions_floor_usage":[10,20,20,32,55,55,55],"damage_taken":[{"damage":14,"enemies":"downfall:FleeingMerchant","floor":3,"turns":4},{"damage":5,"enemies":"Jaw Worm","floor":4,"turns":4},{"damage":0,"enemies":"2 Louse","floor":5,"turns":3},{"damage":25,"enemies":"Lagavulin","floor":6,"turns":10},{"damage":0,"enemies":"Cultist","floor":8,"turns":3},{"damage":3,"enemies":"Gremlin Nob","floor":10,"turns":6},{"damage":7,"enemies":"downfall:FleeingMerchant","floor":11,"turns":5},{"damage":5,"enemies":"Exordium Wildlife","floor":12,"turns":3},{"damage":1,"enemies":"3 Louse","floor":13,"turns":4},{"damage":11,"enemies":"Red Slaver","floor":14,"turns":2},{"damage":2,"enemies":"Large Slime","floor":15,"turns":3},{"damage":33,"enemies":"downfall:Silent","floor":16,"turns":7},{"damage":5,"enemies":"Slavers","floor":19,"turns":4},{"damage":29,"enemies":"downfall:FleeingMerchant","floor":20,"turns":4},{"damage":5,"enemies":"3 Byrds","floor":21,"turns":7},{"damage":30,"enemies":"Gremlin Leader","floor":22,"turns":5},{"damage":3,"enemies":"Chosen","floor":30,"turns":5},{"damage":26,"enemies":"downfall:FleeingMerchant","floor":31,"turns":3},{"damage":15,"enemies":"Snecko","floor":32,"turns":3},{"damage":37,"enemies":"downfall:Defect","floor":33,"turns":7},{"damage":14,"enemies":"2 Orb Walkers","floor":39,"turns":2},{"damage":6,"enemies":"Reptomancer","floor":42,"turns":3},{"damage":3,"enemies":"Orb Walker","floor":43,"turns":4},{"damage":67,"enemies":"Giant Head","floor":44,"turns":6},{"damage":35,"enemies":"3 Shapes","floor":45,"turns":2},{"damage":26,"enemies":"3 Darklings","floor":46,"turns":3},{"damage":32,"enemies":"Spire Growth","floor":49,"turns":3},{"damage":41,"enemies":"downfall:Watcher","floor":50,"turns":4},{"damage":95,"enemies":"downfall:CharBossMerchant","floor":52,"turns":7},{"damage":206,"enemies":"downfall:NeowBoss","floor":55,"turns":12}],"seed_played":"-8154119893631138428","potions_obtained":[{"floor":6,"key":"Swift Potion"},{"floor":12,"key":"Regen Potion"},{"floor":15,"key":"hexamod:EctoCoolerPotion"},{"floor":16,"key":"champ:OpenerPotion"},{"floor":22,"key":"champ:CounterPotion"},{"floor":32,"key":"Energy Potion"}],"is_trial":false,"path_per_floor":["R","?","$","M","M","E","T","M","R","E","$","M","M","M","M","B",null,"R","E","$","M","E","R","T","R","?","R","?","T","M","$","M","B",null,"R","?","?","$","?","T","T","E","M","E","M","M","?","?","M","B",null,"E","$","R","B",null],"character_chosen":"THE_CHAMP","items_purchased":["Molten Egg 2","HandOfGreed+1","champ:Improvising+1","champ:BerserkersGuideToSlaughter","Fruit Juice","Happy Flower","champ:CalledShot+1","champ:PerfectForm+1","champ:RisingSlash+1"],"campfire_rested":0,"item_purchase_floors":[3,11,20,31,31,31,38,53,53],"current_hp_per_floor":[90,90,86,86,86,74,74,79,79,79,80,82,83,82,87,80,90,90,90,88,90,75,75,75,85,85,85,85,85,84,87,95,105,105,105,105,105,105,104,104,104,105,105,105,96,99,99,91,94,105,105,50,65,89,105],"gold":85,"neow_bonus":"BOSS_RELIC","is_daily":false,"chose_seed":false,"campfire_upgraded":7,"win_rate":0.0,"timestamp":1608097756,"path_taken":["R","?","$","M","M","E","T","M","R","E","?","M","M","M","M","BOSS","R","E","$","M","E","R","T","R","?","R","?","?","M","$","M","BOSS","R","?","?","?","?","?","T","E","M","E","M","?","?","?","M","BOSS","E","$","R","BOSS"],"items_purchased_type":["Relic","Card","Card","Relic","Potion","Relic","Card","Card","Card"],"build_version":"2020-12-13","purchased_purges":2,"victory":true,"max_hp_per_floor":[90,90,90,90,90,90,90,90,90,90,90,90,90,90,90,90,90,90,90,90,90,90,90,90,100,100,100,100,100,100,100,105,105,105,105,105,105,105,105,105,105,105,105,105,105,105,105,105,105,105,105,105,105,105,105],"relic_stats":{"Darkstone Periapt":0,"Centennial Puzzle":[51],"Happy Flower":[18],"Torii":0,"counters":[30,138],"Dead Branch":[22],"Pantograph":16,"MealTicket":15,"Eternal Feather":24,"Orichalcum":[66],"War Paint":["champ:Defend","champ:Defend"],"obtain_stats":[{"Darkstone Periapt":41,"Lantern":7,"Torii":39,"champ:ChampionCrown":0,"downfall:HeartBlessingGreen":18,"Ancient Tea Set":29,"Old Coin":0,"Centennial Puzzle":19,"HornCleat":44,"downfall:HeartBlessingBlue":25,"Pantograph":52,"MealTicket":37,"champ:BerserkersGuideToSlaughter":31,"champ:FightingForDummies":0,"downfall:HeartBlessingRed":18,"Happy Flower":31,"Dead Branch":22,"Eternal Feather":40,"champ:ChampionCrownUpgraded":34,"Frozen Egg 2":0,"Orichalcum":10,"War Paint":42,"Calling Bell":0,"Molten Egg 2":3,"Coffee Dripper":17,"FossilizedHelix":6},{"Darkstone Periapt":21,"Lantern":4,"Torii":21,"champ:ChampionCrown":0,"downfall:HeartBlessingGreen":12,"Ancient Tea Set":16,"Old Coin":0,"Centennial Puzzle":13,"HornCleat":24,"downfall:HeartBlessingBlue":16,"Pantograph":29,"MealTicket":20,"champ:BerserkersGuideToSlaughter":18,"champ:FightingForDummies":0,"downfall:HeartBlessingRed":12,"Happy Flower":18,"Dead Branch":16,"Eternal Feather":21,"champ:ChampionCrownUpgraded":20,"Frozen Egg 2":0,"Orichalcum":6,"War Paint":22,"Calling Bell":0,"Molten Egg 2":1,"Coffee Dripper":12,"FossilizedHelix":4},{"Darkstone Periapt":94,"Lantern":21,"Torii":94,"champ:ChampionCrown":0,"downfall:HeartBlessingGreen":54,"Ancient Tea Set":74,"Old Coin":0,"Centennial Puzzle":58,"HornCleat":107,"downfall:HeartBlessingBlue":74,"Pantograph":126,"MealTicket":92,"champ:BerserkersGuideToSlaughter":82,"champ:FightingForDummies":0,"downfall:HeartBlessingRed":54,"Happy Flower":82,"Dead Branch":74,"Eternal Feather":94,"champ:ChampionCrownUpgraded":92,"Frozen Egg 2":0,"Orichalcum":30,"War Paint":97,"Calling Bell":0,"Molten Egg 2":4,"Coffee Dripper":54,"FossilizedHelix":21}]},"card_choices":[{"not_picked":["champ:RapidStrikes","champ:TornadoPunch"],"picked":"champ:Circumvent","floor":3},{"not_picked":["champ:FalseCounter","champ:Circumvent"],"picked":"champ:DefensiveShout","floor":4},{"not_picked":["champ:FalseCounter","champ:GladiatorsShout"],"picked":"champ:IronFortress+1","floor":5},{"not_picked":["champ:Haymaker+1","champ:Backstep"],"picked":"champ:CheapShot+1","floor":6},{"not_picked":["champ:FocusedBerserking","champ:DefensiveShout"],"picked":"champ:BringItOn","floor":8},{"not_picked":["champ:BringItOn","champ:AdrenalArmor","champ:HeartStrike+1"],"picked":"SKIP","floor":10},{"not_picked":["champ:BladeFlurry+1","champ:FightOn"],"picked":"champ:Encircle+1","floor":11},{"not_picked":["champ:EndlessRage+1","champ:AdrenalArmor"],"picked":"champ:StanceDance","floor":12},{"not_picked":["champ:Backstep","champ:EnragedBash+1"],"picked":"champ:HeavySlash+1","floor":13},{"not_picked":["champ:RisingSlash+1","champ:Encircle+1"],"picked":"champ:FlashCut+1","floor":14},{"not_picked":["champ:Encircle+1","champ:AdrenalArmor"],"picked":"champ:StanceDance","floor":15},{"not_picked":["champ:LastStand+1","champ:PerfectForm+1"],"picked":"champ:ShieldSlam+1","floor":16},{"not_picked":["champ:GutPunch+1","champ:IgnorePain"],"picked":"champ:Aggression+1","floor":19},{"not_picked":["champ:Shatter+1","champ:Backstep"],"picked":"champ:Balance","floor":20},{"not_picked":["champ:BerserkersShout","champ:StanceDance"],"picked":"champ:RisingSlash+1","floor":21},{"not_picked":["champ:DefensiveStyle+1","champ:ViciousMockery"],"picked":"champ:Lariat+1","floor":22},{"not_picked":["champ:BladeFlurry+1","champ:SkillfulDodge"],"picked":"champ:FocusedGladiator","floor":30},{"not_picked":["champ:MurderStrike+1","champ:EnragedBash+1"],"picked":"champ:FlashCut+1","floor":31},{"not_picked":["champ:DeathBlow+1","champ:ShieldWall+1"],"picked":"champ:AdrenalArmor+1","floor":32},{"not_picked":["champ:ShieldSlam+1","champ:ShieldThrow+1"],"picked":"champ:StrikeOfGenius+1","floor":33},{"not_picked":["champ:GladiatorsShout","champ:HeartStrike+1"],"picked":"champ:AdrenalArmor+1","floor":39},{"not_picked":["champ:GladiatorsShout","champ:Backstep"],"picked":"champ:BerserkersShout+1","floor":42},{"not_picked":["champ:AdrenalArmor+1","champ:EnGarde+1"],"picked":"champ:CheapShot+1","floor":43},{"not_picked":["champ:CrookedStrike+1","champ:Duel+1"],"picked":"champ:Control+1","floor":44},{"not_picked":["champ:Encircle+1","champ:RecklessLeap+1"],"picked":"champ:Lariat+1","floor":45},{"not_picked":["champ:FanOfKnives+1","champ:FaceSlap+1"],"picked":"champ:BladeFlurry+1","floor":46},{"not_picked":["champ:EnragedBash+1","champ:RisingSlash+1"],"picked":"champ:Shatter+1","floor":49},{"not_picked":["champ:Encircle+1","champ:FightOn"],"picked":"champ:SteelEdge+1","floor":52}],"player_experience":241295,"relics_obtained":[{"floor":0,"key":"Frozen Egg 2"},{"floor":0,"key":"Old Coin"},{"floor":0,"key":"champ:FightingForDummies"},{"floor":6,"key":"FossilizedHelix"},{"floor":7,"key":"Lantern"},{"floor":10,"key":"Orichalcum"},{"floor":19,"key":"Centennial Puzzle"},{"floor":22,"key":"Dead Branch"},{"floor":29,"key":"Ancient Tea Set"},{"floor":37,"key":"MealTicket"},{"floor":39,"key":"Torii"},{"floor":40,"key":"Eternal Feather"},{"floor":41,"key":"Darkstone Periapt"},{"floor":42,"key":"War Paint"},{"floor":44,"key":"HornCleat"},{"floor":52,"key":"Pantograph"}],"event_choices":[{"damage_healed":0,"gold_gain":0,"player_choice":"Ignored","damage_taken":0,"max_hp_gain":0,"max_hp_loss":0,"event_name":"Ghosts","floor":26,"gold_loss":0},{"damage_healed":0,"gold_gain":0,"player_choice":"Ignored","damage_taken":0,"max_hp_gain":0,"max_hp_loss":0,"event_name":"Vampires","floor":28,"gold_loss":0},{"damage_healed":0,"gold_gain":0,"player_choice":"Fight","damage_taken":0,"max_hp_gain":0,"max_hp_loss":0,"event_name":"Mysterious Sphere","floor":39,"gold_loss":0}],"is_beta":false,"boss_relics":[{"not_picked":["Ectoplasm","Sozu"],"picked":"Coffee Dripper"},{"not_picked":["Runic Pyramid","Pandora\u0027s Box"],"picked":"champ:ChampionCrownUpgraded"}],"items_purged_floors":[3,53],"is_endless":false,"potions_floor_spawned":[6,12,15,16,22,32,33,44,45,46,52],"ascension_level":0}}