{"host":"ci7ivtocgfxh0ueo","time":1608129749,"event":{"mods":["BaseMod","GifTheSpireLib","Minty Spire (QoL Compilation)","StSLib"],"gold_per_floor":[15,15,32,32,42,67,85,85,85,149,70,18,18,33,33,111,111,127,127,127,127],"floor_reached":20,"playtime":388,"items_purged":[],"score":318,"play_id":"bb8f2cb3-6a9b-4898-8033-de403990ddb2","local_time":"20201216224229","is_ascension_mode":true,"campfire_choices":[{"data":"Immolate","floor":8,"key":"SMITH"},{"data":"Armaments","floor":13,"key":"SMITH"},{"floor":15,"key":"REST"}],"circlet_count":0,"master_deck":["AscendersBane","Strike_R","Strike_R","Strike_R","Strike_R","Strike_R","Defend_R","Defend_R","Defend_R","Defend_R","Bash","Immolate+1","Twin Strike","Fire Breathing","Heavy Blade","Juggernaut","Armaments+1","Uppercut","Reaper","CurseOfTheBell","Pummel"],"relics":["Burning Blood","NlothsMask","Darkstone Periapt","FossilizedHelix","Calling Bell","Happy Flower","The Courier","Prayer Wheel"],"acts_visited":["Exordium","TheCity"],"potions_floor_usage":[16,16,18],"damage_taken":[{"damage":9,"enemies":"Jaw Worm","floor":1,"turns":3},{"damage":9,"enemies":"Cultist","floor":3,"turns":4},{"damage":7,"enemies":"Small Slimes","floor":5,"turns":3},{"damage":46,"enemies":"Gremlin Nob","floor":6,"turns":5},{"damage":0,"enemies":"Gremlin Gang","floor":7,"turns":2},{"damage":6,"enemies":"2 Fungi Beasts","floor":14,"turns":3},{"damage":25,"enemies":"Hexaghost","floor":16,"turns":9},{"damage":44,"enemies":"Shell Parasite","floor":18,"turns":6},{"damage":48,"enemies":"3 Byrds","floor":20,"turns":3}],"seed_played":"3391211964486582493","potions_obtained":[{"floor":14,"key":"ColorlessPotion"},{"floor":16,"key":"LiquidMemories"}],"is_trial":false,"path_per_floor":["M","?","M","?","M","E","M","R","T","?","$","?","R","M","R","B",null,"M","?","M"],"character_chosen":"IRONCLAD","items_purchased":["Dexterity Potion","Armaments"],"campfire_rested":1,"item_purchase_floors":[11,11],"current_hp_per_floor":[65,65,62,62,61,21,27,27,27,27,27,27,27,27,49,30,70,32,48,0,0],"gold":127,"neow_bonus":"THREE_RARE_CARDS","is_daily":false,"chose_seed":false,"campfire_upgraded":2,"win_rate":0.0,"timestamp":1608129749,"path_taken":["M","?","?","?","?","E","M","R","T","?","$","?","R","M","R","BOSS","M","?","M"],"items_purchased_type":["Potion","Card"],"build_version":"2020-12-13","purchased_purges":0,"victory":false,"max_hp_per_floor":[75,75,75,75,75,75,75,75,75,75,75,75,75,75,75,75,81,81,81,81,81],"card_choices":[{"not_picked":["Double Tap","Juggernaut"],"picked":"Immolate","floor":0},{"not_picked":["Havoc","Headbutt"],"picked":"Twin Strike","floor":1},{"not_picked":["Twin Strike","Havoc","Bloodletting"],"picked":"SKIP","floor":3},{"not_picked":["Dual Wield","Clothesline"],"picked":"Heavy Blade","floor":5},{"not_picked":["Heavy Blade","Pommel Strike"],"picked":"Juggernaut","floor":6},{"not_picked":["Clothesline","Fire Breathing","Warcry"],"picked":"SKIP","floor":7},{"not_picked":["Body Slam","Evolve"],"picked":"Uppercut","floor":14},{"not_picked":["Limit Break","Juggernaut"],"picked":"Reaper","floor":16},{"not_picked":["Clash","Clothesline"],"picked":"Pummel","floor":18},{"not_picked":["True Grit","Headbutt","Flex"],"picked":"SKIP","floor":18}],"player_experience":1255850,"relics_obtained":[{"floor":6,"key":"Darkstone Periapt"},{"floor":17,"key":"Happy Flower"},{"floor":17,"key":"The Courier"},{"floor":17,"key":"Prayer Wheel"}],"event_choices":[{"damage_healed":0,"gold_gain":0,"player_choice":"1 cards matched","damage_taken":0,"max_hp_gain":0,"max_hp_loss":0,"event_name":"Match and Keep!","floor":2,"gold_loss":0,"cards_obtained":["Fire Breathing"]},{"damage_healed":0,"gold_gain":0,"player_choice":"Trade","damage_taken":0,"relics_obtained":["NlothsMask"],"max_hp_gain":0,"max_hp_loss":0,"event_name":"FaceTrader","floor":4,"gold_loss":0},{"damage_healed":0,"gold_gain":64,"player_choice":"Gained Gold","damage_taken":0,"max_hp_gain":0,"max_hp_loss":0,"event_name":"Golden Wing","floor":10,"gold_loss":0},{"damage_healed":0,"gold_gain":0,"player_choice":"Paid Gold","damage_taken":0,"relics_obtained":["FossilizedHelix"],"max_hp_gain":0,"max_hp_loss":0,"event_name":"WeMeetAgain","floor":12,"gold_loss":52},{"damage_healed":16,"gold_gain":0,"player_choice":"Heal","damage_taken":0,"max_hp_gain":0,"max_hp_loss":0,"event_name":"The Library","floor":19,"gold_loss":0}],"is_beta":false,"boss_relics":[{"not_picked":["Sozu","Busted Crown"],"picked":"Calling Bell"}],"items_purged_floors":[],"is_endless":false,"potions_floor_spawned":[14,16],"killed_by":"3 Byrds","ascension_level":17}}