{"host":"udzsrhbqdxqtlypj","time":1608159589,"event":{"mods":["BaseMod","Minty Spire (QoL Compilation)","Relic Stats"],"gold_per_floor":[115,5,5,24,24,59,69,100,100,100,139,139,162,19,19,123,123,149,149,172,72,89,89,108,108,108],"floor_reached":25,"playtime":1709,"items_purged":["Defend_G","Strike_G"],"score":332,"play_id":"1881a297-159c-41d2-9ec2-450955596a03","local_time":"20201216165949","is_ascension_mode":true,"campfire_choices":[{"data":"Neutralize","floor":10,"key":"SMITH"},{"data":"Acrobatics","floor":12,"key":"SMITH"},{"data":"Well Laid Plans","floor":15,"key":"SMITH"},{"data":"After Image","floor":23,"key":"SMITH"}],"circlet_count":0,"master_deck":["AscendersBane","Strike_G","Strike_G","Strike_G","Strike_G","Defend_G","Defend_G","Defend_G","Defend_G","Survivor+1","Neutralize+1","After Image+1","Blade Dance+1","Dash","Blade Dance","Grand Finale","Acrobatics+1","Well Laid Plans+1","Bouncing Flask","Acrobatics","A Thousand Cuts","Quick Slash","Dagger Throw"],"relics":["Ring of the Serpent","Happy Flower","Darkstone Periapt","Mango","Oddly Smooth Stone","CeramicFish","TheAbacus"],"acts_visited":["Exordium","TheCity"],"potions_floor_usage":[8,11,16,20,24,24],"damage_taken":[{"damage":5,"enemies":"Cultist","floor":1,"turns":6},{"damage":0,"enemies":"2 Louse","floor":4,"turns":3},{"damage":14,"enemies":"Gremlin Nob","floor":6,"turns":4},{"damage":0,"enemies":"Jaw Worm","floor":7,"turns":2},{"damage":9,"enemies":"Lagavulin","floor":8,"turns":10},{"damage":9,"enemies":"3 Sentries","floor":11,"turns":9},{"damage":0,"enemies":"Exordium Wildlife","floor":13,"turns":4},{"damage":3,"enemies":"Hexaghost","floor":16,"turns":8},{"damage":26,"enemies":"2 Thieves","floor":18,"turns":3},{"damage":1,"enemies":"3 Byrds","floor":20,"turns":5},{"damage":5,"enemies":"Centurion and Healer","floor":22,"turns":9},{"damage":2,"enemies":"Snake Plant","floor":24,"turns":6},{"damage":30,"enemies":"Slavers","floor":25,"turns":2}],"seed_played":"-5509925614003663206","potions_obtained":[{"floor":4,"key":"Block Potion"},{"floor":6,"key":"LiquidMemories"},{"floor":7,"key":"Energy Potion"},{"floor":8,"key":"Poison Potion"},{"floor":20,"key":"EssenceOfSteel"},{"floor":22,"key":"DistilledChaos"}],"is_trial":false,"path_per_floor":["M","$","?","M","?","E","M","E","T","R","E","R","M","$","R","B",null,"M","?","M","$","M","R","M","E"],"character_chosen":"THE_SILENT","items_purchased":["Dash","TheAbacus"],"campfire_rested":0,"item_purchase_floors":[2,14],"current_hp_per_floor":[58,58,44,44,44,30,30,35,35,35,26,26,26,26,26,23,69,43,35,34,34,29,29,27,0,0],"gold":108,"neow_bonus":"ONE_RANDOM_RARE_CARD","is_daily":false,"chose_seed":false,"campfire_upgraded":4,"win_rate":0.0,"timestamp":1608159589,"path_taken":["M","$","?","M","?","E","?","E","T","R","E","R","M","$","R","BOSS","M","?","M","$","M","R","M","E"],"items_purchased_type":["Card","Relic"],"build_version":"2020-12-13","purchased_purges":2,"victory":false,"max_hp_per_floor":[70,70,70,70,70,70,70,84,84,84,84,84,84,84,84,84,84,84,84,84,84,84,84,84,84,84],"relic_stats":{"Darkstone Periapt":0,"TheAbacus":[48],"Happy Flower":[20],"counters":[13,71],"CeramicFish":45,"obtain_stats":[{"Darkstone Periapt":6,"TheAbacus":14,"Happy Flower":5,"CeramicFish":11,"Oddly Smooth Stone":9,"Mango":8,"Ring of the Serpent":17,"Ring of the Snake":0},{"Darkstone Periapt":3,"TheAbacus":7,"Happy Flower":2,"CeramicFish":6,"Oddly Smooth Stone":5,"Mango":5,"Ring of the Serpent":8,"Ring of the Snake":0},{"Darkstone Periapt":13,"TheAbacus":38,"Happy Flower":9,"CeramicFish":34,"Oddly Smooth Stone":25,"Mango":25,"Ring of the Serpent":46,"Ring of the Snake":0}]},"card_choices":[{"not_picked":["Underhanded Strike","Skewer"],"picked":"Blade Dance","floor":1},{"not_picked":["Accuracy","Slice"],"picked":"Blade Dance","floor":4},{"not_picked":["PiercingWail","Bane"],"picked":"Grand Finale","floor":6},{"not_picked":["Heel Hook","Dodge and Roll"],"picked":"Acrobatics","floor":7},{"not_picked":["Acrobatics","Riddle With Holes"],"picked":"Well Laid Plans","floor":8},{"not_picked":["Outmaneuver","Sucker Punch"],"picked":"Bouncing Flask","floor":11},{"not_picked":["Quick Slash","Poisoned Stab"],"picked":"Acrobatics","floor":13},{"not_picked":["Phantasmal Killer","After Image"],"picked":"A Thousand Cuts","floor":16},{"not_picked":["Masterful Stab+1","Reflex"],"picked":"Quick Slash","floor":18},{"not_picked":["Crippling Poison","Skewer+1"],"picked":"Dagger Throw","floor":20},{"not_picked":["Poisoned Stab","Doppelganger","Terror"],"picked":"SKIP","floor":22},{"not_picked":["Dodge and Roll","Deadly Poison+1","Well Laid Plans"],"picked":"SKIP","floor":24}],"player_experience":2630323,"relics_obtained":[{"floor":5,"key":"Happy Flower"},{"floor":6,"key":"Darkstone Periapt"},{"floor":8,"key":"Mango"},{"floor":9,"key":"Oddly Smooth Stone"},{"floor":11,"key":"CeramicFish"}],"event_choices":[{"damage_healed":0,"gold_gain":0,"player_choice":"Entered Light","damage_taken":14,"max_hp_gain":0,"max_hp_loss":0,"event_name":"Shining Light","floor":3,"gold_loss":0,"cards_upgraded":["Blade Dance","Survivor"]},{"damage_healed":0,"gold_gain":0,"player_choice":"Relic","damage_taken":0,"max_hp_gain":0,"max_hp_loss":0,"event_name":"Wheel of Change","floor":5,"gold_loss":0},{"damage_healed":0,"gold_gain":0,"player_choice":"Damaged","damage_taken":8,"max_hp_gain":0,"max_hp_loss":0,"event_name":"Wheel of Change","floor":19,"gold_loss":0}],"is_beta":false,"boss_relics":[{"not_picked":["Fusion Hammer","Philosopher\u0027s Stone"],"picked":"Ring of the Serpent"}],"items_purged_floors":[2,21],"is_endless":false,"potions_floor_spawned":[4,6,7,8,20,22],"killed_by":"Slavers","ascension_level":10}}