{"host":"Justin","time":1608129076,"event":{"mods":["BaseMod","BetterRewards","Colored Map","Colored Powertips","DeckTracker","Duelist Mod","Hermit","Highlight Path","Hubris","Infinite Spire","Minty Spire (QoL Compilation)","Replay The Spire","Shop Mod","StSLib","The Animator","The Jungle","The Necromancer"],"gold_per_floor":[112,112,112,126,126,126,157,173,173,193,212,240,258,293,293,395,395,412,412,412,27,27,53,70,102,102,102,102,119,119,42,42,141,141,154,173,0,50,63,33,33,133,133,55,84,84,96,109,109,212,212,200,194,188,175,175,168,168,171,171,167,167,58,66,66,66,135,135,114,114,102,102,102,102,102,102,102,84,84,72,72,171,171,206,206,194,294,55,43,56,34,0,20,45,45,45,45,45,34,34,100,100,108,108,108,183,182,145,145,145,171,171,163,163,163,178,178,241,241,235,252,261,262,254,254,255,255,282,282,381,381,356,357,357,421,421,426,426,301,298,520,520,519,519,519,538,554,554,554,566,566,634,634,634,484,513,558],"floor_reached":158,"playtime":94447,"items_purged":["Shame","Defend_R","Strike_R","Injury","Reaper+1","Dual Wield+1"],"score":4319,"play_id":"428ed414-83cf-4eae-87c4-95ce0a8cfd7d","local_time":"20201216153116","is_ascension_mode":false,"campfire_choices":[{"data":"hubris:Fate","floor":6.0,"key":"SMITH"},{"floor":28.0,"key":"RECALL"},{"floor":30.0,"key":"REST"},{"data":"Metallicize","floor":32.0,"key":"SMITH"},{"data":"hubris:Fate","floor":41.0,"key":"SMITH"},{"data":"Offering","floor":41.0,"key":"SMITH"},{"data":"ReplayTheSpireMod:Echoes of Time","floor":46.0,"key":"SMITH"},{"data":"Limit Break","floor":46.0,"key":"SMITH"},{"data":"Dual Wield","floor":49.0,"key":"SMITH"},{"data":"Dual Wield","floor":49.0,"key":"SMITH"},{"data":"Feel No Pain","floor":58.0,"key":"SMITH"},{"data":"Inflame","floor":58.0,"key":"SMITH"},{"data":"Reaper","floor":66.0,"key":"SMITH"},{"data":"Metallicize","floor":66.0,"key":"SMITH"},{"data":"Demon Form","floor":75.0,"key":"SMITH"},{"data":"Demon Form","floor":75.0,"key":"SMITH"},{"data":"Offering","floor":79.0,"key":"SMITH"},{"data":"Demon Form","floor":79.0,"key":"SMITH"},{"data":"Inflame","floor":83.0,"key":"SMITH"},{"data":"Impervious","floor":83.0,"key":"SMITH"},{"data":"infinitespire:FutureSight","floor":96.0,"key":"SMITH"},{"data":"hubris:Fate","floor":96.0,"key":"SMITH"},{"data":"Limit Break","floor":109.0,"key":"SMITH"},{"data":"Reaper","floor":109.0,"key":"SMITH"},{"data":"Body Slam","floor":115.0,"key":"SMITH"},{"data":"Body Slam","floor":115.0,"key":"SMITH"},{"data":"Feel No Pain+1","floor":117.0,"key":"PURGE"},{"data":"Feel No Pain+1","floor":125.0,"key":"PURGE"},{"data":"Feed","floor":127.0,"key":"SMITH"},{"data":"Body Slam+1","floor":131.0,"key":"PURGE"},{"data":"Demon Form+1","floor":134.0,"key":"PURGE"},{"floor":142.0,"key":"REST"},{"data":"Body Slam+1","floor":142.0,"key":"PURGE"},{"data":"Demon Form+1","floor":144.0,"key":"PURGE"},{"data":"Demon Form+1","floor":149.0,"key":"PURGE"},{"data":"Inflame+1","floor":151.0,"key":"PURGE"},{"data":"Feed+1","floor":154.0,"key":"PURGE"}],"circlet_count":0,"master_deck":["Inflame+1","Barricade+1","Metallicize+1","hubris:Fate+1","Dual Wield+1","Iron Wave+1","Offering+1","Entrench+1","hubris:Fate+1","Metallicize+1","CurseOfTheBell","ReplayTheSpireMod:Echoes of Time+1","Limit Break+1","Metallicize+1","Impervious+1","Offering+1","Reaper+1","Metallicize+1","hubris:Fate+1","infinitespire:FutureSight+1","Limit Break+1"],"relics":["Black Blood","hubris:GlazedTorus","Ice Cream","SlaversCollar","theJungle:SneckoAutograph","hubris:Towel","MealTicket","MerchantsRug","infinitespire:Golems Mask","hubris:FunFungus","Replay:Wax Seal","hubris:BottledRain","Peace Pipe","Replay:Arrowhead","Counterbalance","Replay:Baseball","hubris:Backtick","Mummified Hand","FossilizedHelix","Bottled Tornado","Kintsugi","Cauldron","SacredBark","Anchor","Bottled Lightning","infinitespire:Bottled Soul","Red Mask","hubris:FruitBowl","infinitespire:EmpoweringShard","Coffee Dripper","hubris:SlimyHat","infinitespire:Magic Flask","infinitespire:EvilPickle","Pen Nib","WingedGreaves"],"acts_visited":["Exordium","Exordium","TheBeyond","Exordium","TheCity","TheBeyond","Exordium","TheCity","TheBeyond","TheEnding"],"potions_floor_usage":[],"damage_taken":[{"damage":8.0,"enemies":"Small Slimes","floor":1.0,"turns":3.0},{"damage":0.0,"enemies":"2 Louse","floor":4.0,"turns":3.0},{"damage":25.0,"enemies":"3 Sentries","floor":7.0,"turns":6.0},{"damage":11.0,"enemies":"Jaw Worm","floor":8.0,"turns":3.0},{"damage":5.0,"enemies":"Exordium Thugs","floor":10.0,"turns":2.0},{"damage":0.0,"enemies":"3 Louse","floor":11.0,"turns":3.0},{"damage":0.0,"enemies":"Lagavulin","floor":12.0,"turns":3.0},{"damage":16.0,"enemies":"Large Slime","floor":13.0,"turns":2.0},{"damage":14.0,"enemies":"3 Sentries","floor":14.0,"turns":8.0},{"damage":33.0,"enemies":"Slime Boss","floor":16.0,"turns":4.0},{"damage":20.0,"enemies":"theJungle:MUSHROOMGANG","floor":18.0,"turns":6.0},{"damage":14.0,"enemies":"Nightmare","floor":23.0,"turns":11.0},{"damage":22.0,"enemies":"theJungle:GiantWrat","floor":24.0,"turns":3.0},{"damage":6.0,"enemies":"theJungle:2_Phrogs","floor":25.0,"turns":5.0},{"damage":0.0,"enemies":"theJungle:2_Snecko_Cultists","floor":29.0,"turns":2.0},{"damage":6.0,"enemies":"theJungle:FunGuy","floor":33.0,"turns":8.0},{"damage":10.0,"enemies":"3 Darklings","floor":35.0,"turns":7.0},{"damage":7.0,"enemies":"3 Shapes","floor":36.0,"turns":4.0},{"damage":6.0,"enemies":"Mind Bloom Boss Battle","floor":38.0,"turns":1.0},{"damage":24.0,"enemies":"Jaw Worm Horde","floor":39.0,"turns":5.0},{"damage":51.0,"enemies":"infinitespire:Three Voidlings","floor":42.0,"turns":7.0},{"damage":30.0,"enemies":"Nightmare_Alpha","floor":42.0,"turns":17.0},{"damage":28.0,"enemies":"R_Hoarder","floor":45.0,"turns":8.0},{"damage":13.0,"enemies":"Maw","floor":47.0,"turns":5.0},{"damage":29.0,"enemies":"Writhing Mass","floor":48.0,"turns":4.0},{"damage":0.0,"enemies":"hubris:GrandSnecko","floor":50.0,"turns":1.0},{"damage":25.0,"enemies":"Jaw Worm","floor":52.0,"turns":3.0},{"damage":7.0,"enemies":"Cultist","floor":53.0,"turns":4.0},{"damage":28.0,"enemies":"Small Slimes","floor":54.0,"turns":3.0},{"damage":27.0,"enemies":"Exordium Thugs","floor":55.0,"turns":6.0},{"damage":18.0,"enemies":"3 Sentries","floor":57.0,"turns":6.0},{"damage":0.0,"enemies":"3 Louse","floor":59.0,"turns":4.0},{"damage":7.0,"enemies":"Nightmare","floor":61.0,"turns":8.0},{"damage":0.0,"enemies":"Large Slime","floor":63.0,"turns":4.0},{"damage":2.0,"enemies":"Gremlin Nob","floor":64.0,"turns":3.0},{"damage":6.0,"enemies":"The Guardian","floor":67.0,"turns":4.0},{"damage":6.0,"enemies":"3 Byrds","floor":69.0,"turns":5.0},{"damage":18.0,"enemies":"Spheric Guardian","floor":71.0,"turns":5.0},{"damage":46.0,"enemies":"Replay:Snechameleon","floor":74.0,"turns":5.0},{"damage":12.0,"enemies":"Snecko","floor":78.0,"turns":5.0},{"damage":6.0,"enemies":"Snake Plant","floor":80.0,"turns":4.0},{"damage":42.0,"enemies":"hubris:MusketHawk","floor":84.0,"turns":6.0},{"damage":6.0,"enemies":"3 Darklings","floor":86.0,"turns":4.0},{"damage":6.0,"enemies":"Orb Walker","floor":89.0,"turns":2.0},{"damage":0.0,"enemies":"4 Shapes","floor":90.0,"turns":1.0},{"damage":6.0,"enemies":"Nightmare_Alpha","floor":91.0,"turns":7.0},{"damage":52.0,"enemies":"3 Darklings","floor":93.0,"turns":4.0},{"damage":6.0,"enemies":"Jaw Worm Horde","floor":99.0,"turns":2.0},{"damage":42.0,"enemies":"Donu and Deca","floor":101.0,"turns":2.0},{"damage":0.0,"enemies":"Small Slimes","floor":103.0,"turns":1.0},{"damage":0.0,"enemies":"Cultist","floor":107.0,"turns":2.0},{"damage":77.0,"enemies":"Nightmare_Alpha","floor":108.0,"turns":8.0},{"damage":0.0,"enemies":"2 Louse","floor":113.0,"turns":3.0},{"damage":0.0,"enemies":"Gremlin Nob","floor":116.0,"turns":2.0},{"damage":6.0,"enemies":"Hexaghost","floor":118.0,"turns":4.0},{"damage":6.0,"enemies":"3 Byrds","floor":120.0,"turns":2.0},{"damage":0.0,"enemies":"Spheric Guardian","floor":121.0,"turns":1.0},{"damage":0.0,"enemies":"Snake Plant","floor":122.0,"turns":1.0},{"damage":6.0,"enemies":"Snecko","floor":123.0,"turns":2.0},{"damage":0.0,"enemies":"Cultist and Chosen","floor":124.0,"turns":3.0},{"damage":6.0,"enemies":"Nightmare","floor":126.0,"turns":3.0},{"damage":12.0,"enemies":"Snake Plant","floor":132.0,"turns":4.0},{"damage":6.0,"enemies":"Slavers","floor":133.0,"turns":4.0},{"damage":18.0,"enemies":"Pondfish","floor":135.0,"turns":4.0},{"damage":18.0,"enemies":"Orb Walker","floor":137.0,"turns":5.0},{"damage":73.0,"enemies":"3 Darklings","floor":140.0,"turns":3.0},{"damage":18.0,"enemies":"Sphere and 2 Shapes","floor":143.0,"turns":5.0},{"damage":58.0,"enemies":"Reptomancer","floor":146.0,"turns":4.0},{"damage":6.0,"enemies":"Mind Bloom Boss Battle","floor":147.0,"turns":3.0},{"damage":6.0,"enemies":"Writhing Mass","floor":150.0,"turns":3.0},{"damage":12.0,"enemies":"infinitespire:LordOfFortification","floor":152.0,"turns":7.0},{"damage":12.0,"enemies":"Shield and Spear","floor":156.0,"turns":3.0},{"damage":52,"enemies":"The Heart","floor":157,"turns":9}],"seed_played":"7012870363881738081","potions_obtained":[{"floor":1.0,"key":"Elixir"},{"floor":7.0,"key":"Reflective Coating"},{"floor":11.0,"key":"LiquidMemories"},{"floor":13.0,"key":"BlessingOfTheForge"},{"floor":14.0,"key":"PowerPotion"},{"floor":16.0,"key":"SkillPotion"},{"floor":18.0,"key":"Dexterity Potion"},{"floor":25.0,"key":"FearPotion"},{"floor":29.0,"key":"Elixir"},{"floor":36.0,"key":"Weak Potion"},{"floor":38.0,"key":"Energy Potion"},{"floor":42.0,"key":"AttackPotion"},{"floor":50.0,"key":"Strength Potion"},{"floor":57.0,"key":"Swift Potion"},{"floor":59.0,"key":"Dexterity Potion"},{"floor":62.0,"key":"infinitespire:BlackPotion"},{"floor":62.0,"key":"Weak Potion"},{"floor":62.0,"key":"DistilledChaos"},{"floor":67.0,"key":"BloodPotion"},{"floor":69.0,"key":"Dexterity Potion"},{"floor":78.0,"key":"ColorlessPotion"},{"floor":103.0,"key":"ColorlessPotion"},{"floor":107.0,"key":"PowerPotion"},{"floor":121.0,"key":"FairyPotion"},{"floor":122.0,"key":"LifebloodPotion"},{"floor":157,"key":"Swift Potion"}],"is_trial":false,"path_per_floor":["M","?","?","M","?","R","E","M","T","M","M","E","M","E","R_BF","B",null,"M","?","?","$","?","NM","M","E","T","AVR","R","M","R","$","R","B",null,"M","M","?","?","M","$","R","?","T","$","E","R","M","M","R","B",null,"M","M","M","M","?","E","R","M","T","NM","AVR","M","E","?","R","B",null,"M","?","M","?","?","E","R","?","T","M","R","M","$","?","R","B",null,"M","?","$","M","M","NM","?","M","T","$","R","T","?","M","R_BF","B",null,"M","?","T","?","M","NM","R","?","T","$","M","?","R","E","R","B",null,"M","M","M","M","M","R","NM","R","T","?","?","R","M","E","R","B",null,"M","?","$","M","?","R","M","R","T","E","?","?","R","M","R","B",null,"R","$","E","B",null],"character_chosen":"IRONCLAD","items_purchased":["MerchantsRug","infinitespire:Golems Mask","Metallicize","Limit Break","Metallicize","infinitespire:Bottled Soul","hubris:FruitBowl"],"campfire_rested":2,"item_purchase_floors":[21,21,31,44,44,88,95],"current_hp_per_floor":[70,70,52,58,58,58,39,34,34,35,41,47,37,29,50,23,72,58,58,58,58,58,50,34,34,34,34,34,40,61,72,72,72,72,68,69,69,69,51,66,66,72,72,72,72,72,66,46,46,52,72,54,55,33,21,21,34,34,43,43,58,58,72,72,65,65,72,72,72,56,48,48,48,72,72,72,72,72,72,72,72,72,72,72,72,72,72,72,72,72,72,72,72,72,53,53,53,53,72,72,72,72,72,72,72,61,72,72,72,72,72,72,72,72,72,72,72,72,72,72,72,72,72,72,72,72,72,72,72,72,72,78,96,96,108,108,114,114,114,60,60,95,153,153,153,130,165,165,165,172,172,172,172,172,172,172,172],"gold":558,"neow_bonus":"TRANSFORM_TWO_CARDS","is_daily":false,"chose_seed":false,"campfire_upgraded":25,"win_rate":0.0,"timestamp":1608129076,"path_taken":["M","?","?","M","?","R","E","M","T","M","M","E","?","E","R_BF","BOSS","M","?","?","$","?","NM","?","E","T","AVR","R","M","R","$","R","BOSS","M","?","?","?","M","$","R","?","T","?","E","R","?","M","R","BOSS","M","M","M","M","?","E","R","M","T","NM","AVR","M","E","?","R","BOSS","M","?","M","?","?","E","R","?","T","M","R","M","?","?","R","BOSS","M","?","$","?","M","NM","?","M","T","?","R","?","?","M","R_BF","BOSS","M","?","?","?","M","NM","R","?","T","$","M","?","R","E","R","BOSS","M","M","M","M","M","R","NM","R","T","?","?","R","M","E","R","BOSS","M","?","$","M","?","R","M","R","T","E","?","?","R","?","R","BOSS","R","$","E","BOSS"],"items_purchased_type":["Relic","Relic","Card","Card","Card","Relic","Relic"],"build_version":"2020-11-17","purchased_purges":6,"victory":true,"max_hp_per_floor":[72,72,72,72,72,72,72,72,72,72,72,72,72,72,72,72,72,72,72,72,72,72,72,72,72,72,72,72,72,72,72,72,72,72,72,72,72,72,72,72,72,72,72,72,72,72,72,72,72,72,72,72,72,72,72,72,72,72,72,72,72,72,72,72,72,72,72,72,72,72,72,72,72,72,72,72,72,72,72,72,72,72,72,72,72,72,72,72,72,72,72,72,72,72,72,72,72,72,72,72,72,72,72,72,72,72,72,72,72,72,72,72,72,72,72,72,72,72,72,72,72,72,72,72,72,72,72,72,72,72,72,78,96,96,108,108,114,114,114,117,117,117,153,153,153,159,165,165,165,172,172,172,172,172,172,172,172],"card_choices":[{"not_picked":["Run Through","True Grit"],"picked":"Metallicize","floor":1.0},{"not_picked":["infinitespire:DeathsTouch","infinitespire:SealOfDarkness+"],"picked":"hubris:Fate","floor":3.0},{"not_picked":["Battle Trance","ReplayTheSpireMod:Limb From Limb","Intimidate"],"picked":"SKIP","floor":4.0},{"not_picked":["Clothesline","Battle Trance"],"picked":"Pummel","floor":7.0},{"not_picked":["ReplayTheSpireMod:Strike From Hell","Armaments"],"picked":"Feel No Pain","floor":8.0},{"not_picked":["Run Through","Body Slam","ReplayTheSpireMod:Limb From Limb"],"picked":"SKIP","floor":10.0},{"not_picked":["Replay:Undeath\u0027s Touch","Intimidate"],"picked":"ReplayTheSpireMod:Muscle Training","floor":11.0},{"not_picked":["Sever Soul","Combust"],"picked":"Dual Wield","floor":12.0},{"not_picked":["Fiend Fire","Life Link"],"picked":"Dual Wield","floor":13.0},{"not_picked":["Headbutt","Clothesline","Flame Barrier"],"picked":"SKIP","floor":14.0},{"not_picked":["Feed","Reaper"],"picked":"Demon Form","floor":16.0},{"not_picked":["Spot Weakness+1","Anger"],"picked":"Iron Wave","floor":18.0},{"not_picked":["Whirlwind","Reckless Charge"],"picked":"Offering","floor":23.0},{"not_picked":["Clash+1","True Grit","hubris:ReadiedAction+1"],"picked":"SKIP","floor":24.0},{"not_picked":["Cleave","ReplayTheSpireMod:Strike From Hell"],"picked":"Entrench+1","floor":25.0},{"not_picked":["Thunderclap","ReplayTheSpireMod:Strike From Hell+1","Replay:Undeath\u0027s Touch+1"],"picked":"SKIP","floor":29.0},{"not_picked":["Replay:Many Hands","Hemogenesis"],"picked":"Demon Form","floor":33.0},{"not_picked":["Anger","Shrug It Off+1"],"picked":"Body Slam","floor":35.0},{"not_picked":["Flex+1","Perfected Strike","Sever Soul+1"],"picked":"SKIP","floor":36.0},{"not_picked":["Offering","Run Through+1"],"picked":"Body Slam","floor":38.0},{"not_picked":["Twin Strike","Headbutt+1","Shockwave+1"],"picked":"SKIP","floor":39.0},{"not_picked":["ReplayTheSpireMod:Black Plague","infinitespire:Starlight"],"picked":"ReplayTheSpireMod:Echoes of Time","floor":42.0},{"not_picked":["Shockwave+1","Life Link","Warcry"],"picked":"SKIP","floor":45.0},{"not_picked":["Anger","Run Through+1"],"picked":"Reaper","floor":47.0},{"not_picked":["Replay:Undeath\u0027s Touch","Abandon+1"],"picked":"Feel No Pain","floor":48.0},{"not_picked":["Berserk","hubris:StunningStrike"],"picked":"Impervious","floor":50.0},{"not_picked":["Defy Death","Armaments","Power Through"],"picked":"SKIP","floor":52.0},{"not_picked":["Sword Boomerang","Iron Wave","Thunderclap"],"picked":"SKIP","floor":53.0},{"not_picked":["Rampage","Shrug It Off","Combust"],"picked":"SKIP","floor":54.0},{"not_picked":["Shrug It Off","Whirlwind","hubris:ReadiedAction"],"picked":"SKIP","floor":55.0},{"not_picked":["Replay:Undeath\u0027s Touch","Clash","Cleave"],"picked":"SKIP","floor":57.0},{"not_picked":["Sword Boomerang","ReplayTheSpireMod:Muscle Training","Dark Embrace"],"picked":"SKIP","floor":59.0},{"not_picked":["Second Wind","Blood for Blood"],"picked":"Inflame","floor":61.0},{"not_picked":["Battle Trance","Replay:Undeath\u0027s Touch","hubris:CleavingFinish"],"picked":"SKIP","floor":63.0},{"not_picked":["Warcry","ReplayTheSpireMod:Corrosion Curse"],"picked":"Offering","floor":64.0},{"not_picked":["Replay:Many Hands","Eclipse"],"picked":"Reaper","floor":67.0},{"not_picked":["Run Through+1","Heavy Blade"],"picked":"Metallicize+1","floor":69.0},{"not_picked":["Warcry","Shockwave","Cleave"],"picked":"SKIP","floor":71.0},{"not_picked":["Run Through","Thunderclap"],"picked":"Demon Form","floor":74.0},{"not_picked":["Ghostly Armor","Run Through+1","Clothesline+1"],"picked":"SKIP","floor":78.0},{"not_picked":["Body Slam","Second Wind","ReplayTheSpireMod:LeadingStrike"],"picked":"SKIP","floor":80.0},{"not_picked":["ReplayTheSpireMod:Haul","infinitespire:FinalStrike"],"picked":"hubris:Fate","floor":84.0},{"not_picked":["Headbutt","ReplayTheSpireMod:Limb From Limb","Cleave"],"picked":"SKIP","floor":86.0},{"not_picked":["Fire Breathing+1","Sever Soul","Clothesline+1"],"picked":"SKIP","floor":89.0},{"not_picked":["True Grit","Clothesline+1","Rampage"],"picked":"SKIP","floor":90.0},{"not_picked":["hubris:Rewind","ReplayTheSpireMod:Chaos Vortex"],"picked":"infinitespire:FutureSight","floor":91.0},{"not_picked":["Massacre","Rampage","Second Wind+1"],"picked":"SKIP","floor":91.0},{"not_picked":["Warcry+1","Anger","hubris:CleavingFinish+1"],"picked":"SKIP","floor":93.0},{"not_picked":["ReplayTheSpireMod:Muscle Training+1","Anger+1","Clash"],"picked":"SKIP","floor":99.0},{"not_picked":["Offering","Eclipse"],"picked":"Limit Break","floor":101.0},{"not_picked":["Flame Barrier","Perfected Strike","hubris:CleavingFinish"],"picked":"SKIP","floor":103.0},{"not_picked":["Pommel Strike","Life Link","Replay:Undeath\u0027s Touch"],"picked":"SKIP","floor":107.0},{"not_picked":["Eclipse","Infernal Blade","Cleave"],"picked":"SKIP","floor":108.0},{"not_picked":["Pommel Strike","Reckless Charge","Thunderclap"],"picked":"SKIP","floor":113.0},{"not_picked":["Sever Soul","Whirlwind","Reckless Charge"],"picked":"SKIP","floor":116.0},{"not_picked":["ReplayTheSpireMod:Limb From Limb","Run Through","True Grit"],"picked":"SKIP","floor":120.0},{"not_picked":["Headbutt+1","Abandon","Uppercut"],"picked":"SKIP","floor":121.0},{"not_picked":["Pommel Strike","ReplayTheSpireMod:Stacked+1","Clash"],"picked":"SKIP","floor":122.0},{"not_picked":["Sword Boomerang","Dropkick","Flex"],"picked":"SKIP","floor":123.0},{"not_picked":["Anger","hubris:ReadiedAction","Sword Boomerang"],"picked":"SKIP","floor":124.0},{"not_picked":["Blood for Blood","Feed","Sever Soul"],"picked":"SKIP","floor":126.0},{"not_picked":["Blood for Blood","Sever Soul"],"picked":"Feed","floor":126.0},{"not_picked":["Flex+1","Twin Strike","Pommel Strike+1"],"picked":"SKIP","floor":132.0},{"not_picked":["Iron Wave","hubris:ReadiedAction","Sword Boomerang"],"picked":"SKIP","floor":133.0},{"not_picked":["Searing Blow","Run Through+1","Perfected Strike"],"picked":"SKIP","floor":137.0},{"not_picked":["Flex","Armaments","Battle Trance+1"],"picked":"SKIP","floor":140.0},{"not_picked":["Battle Trance","Perfected Strike","Pommel Strike"],"picked":"SKIP","floor":143.0},{"not_picked":["True Grit","Run Through","ReplayTheSpireMod:Strike From Hell"],"picked":"SKIP","floor":146.0},{"not_picked":["Limit Break","Whirlwind","Reckless Charge"],"picked":"SKIP","floor":150.0},{"not_picked":["Sever Soul","Offering","Perfected Strike+1"],"picked":"SKIP","floor":156.0}],"player_experience":17610,"relics_obtained":[{"floor":7.0,"key":"hubris:GlazedTorus"},{"floor":9.0,"key":"Ice Cream"},{"floor":12.0,"key":"ReplayTheSpireMod:Spearhead"},{"floor":14.0,"key":"WingedGreaves"},{"floor":23.0,"key":"hubris:FunFungus"},{"floor":25.0,"key":"Bag of Marbles"},{"floor":34.0,"key":"Replay:Wax Seal"},{"floor":34.0,"key":"hubris:BottledRain"},{"floor":34.0,"key":"Peace Pipe"},{"floor":38.0,"key":"Replay:Arrowhead"},{"floor":42.0,"key":"Counterbalance"},{"floor":45.0,"key":"Replay:Baseball"},{"floor":57.0,"key":"FossilizedHelix"},{"floor":60.0,"key":"Bottled Tornado"},{"floor":74.0,"key":"Anchor"},{"floor":77.0,"key":"Bottled Lightning"},{"floor":97.0,"key":"infinitespire:EmpoweringShard"},{"floor":108.0,"key":"hubris:SlimyHat"},{"floor":133.0,"key":"infinitespire:Magic Flask"},{"floor":146.0,"key":"Pen Nib"},{"floor":147.0,"key":"WingedGreaves"}],"event_choices":[{"cards_removed":["Pummel"],"damage_healed":0.0,"max_hp_gain":0.0,"max_hp_loss":0.0,"gold_gain":0.0,"event_name":"WeMeetAgain","player_choice":"Gave Card","floor":22.0,"gold_loss":0.0,"damage_taken":0.0,"relics_obtained":["Simple Rune"]},{"damage_healed":0.0,"max_hp_gain":0.0,"max_hp_loss":0.0,"gold_gain":0.0,"event_name":"Tomb of Lord Red Mask","player_choice":"Paid","floor":37.0,"gold_loss":173.0,"damage_taken":0.0,"relics_obtained":["Red Mask"]},{"damage_healed":0.0,"max_hp_gain":0.0,"max_hp_loss":0.0,"gold_gain":0.0,"event_name":"MindBloom","player_choice":"Fight","floor":38.0,"gold_loss":0.0,"damage_taken":0.0},{"cards_removed":["ReplayTheSpireMod:Muscle Training"],"damage_healed":0.0,"max_hp_gain":0.0,"max_hp_loss":0.0,"gold_gain":0.0,"event_name":"Golden Wing","player_choice":"Card Removal","floor":65.0,"gold_loss":0.0,"damage_taken":7.0},{"damage_healed":0.0,"max_hp_gain":0.0,"max_hp_loss":0.0,"gold_gain":0.0,"event_name":"Cursed Tome","player_choice":"Obtained Book","floor":70.0,"gold_loss":0.0,"damage_taken":16.0},{"cards_removed":["Defend_R"],"damage_healed":0.0,"max_hp_gain":0.0,"max_hp_loss":0.0,"gold_gain":0.0,"event_name":"Back to Basics","player_choice":"Elegance","floor":72.0,"gold_loss":0.0,"damage_taken":0.0},{"damage_healed":0.0,"max_hp_gain":0.0,"max_hp_loss":0.0,"gold_gain":99.0,"event_name":"Nest","player_choice":"Stole From Cult","floor":82.0,"gold_loss":0.0,"damage_taken":0.0},{"damage_healed":0.0,"max_hp_gain":0.0,"max_hp_loss":0.0,"gold_gain":100.0,"event_name":"Golden Shrine","player_choice":"Pray","floor":87.0,"gold_loss":0.0,"damage_taken":0.0},{"damage_healed":0.0,"max_hp_gain":0.0,"max_hp_loss":0.0,"gold_gain":0.0,"event_name":"Tomb of Lord Red Mask","player_choice":"Paid","floor":92.0,"gold_loss":34.0,"damage_taken":0.0,"relics_obtained":["Red Mask"]},{"damage_healed":0.0,"max_hp_gain":0.0,"max_hp_loss":0.0,"gold_gain":0.0,"event_name":"Mysterious Sphere","player_choice":"Ignored","floor":100.0,"gold_loss":0.0,"damage_taken":0.0},{"damage_healed":0.0,"max_hp_gain":0.0,"max_hp_loss":0.0,"gold_gain":0.0,"event_name":"Scrap Ooze","player_choice":"Fled","floor":104.0,"gold_loss":0.0,"damage_taken":0.0},{"damage_healed":0.0,"max_hp_gain":0.0,"max_hp_loss":0.0,"gold_gain":75.0,"event_name":"World of Goop","player_choice":"Gather Gold","floor":106.0,"gold_loss":0.0,"damage_taken":11.0},{"damage_healed":0.0,"max_hp_gain":0.0,"max_hp_loss":0.0,"gold_gain":0.0,"event_name":"The Mausoleum","player_choice":"Ignored","floor":129.0,"gold_loss":0.0,"damage_taken":0.0},{"damage_healed":0.0,"max_hp_gain":0.0,"max_hp_loss":0.0,"gold_gain":99.0,"event_name":"Nest","player_choice":"Stole From Cult","floor":130.0,"gold_loss":0.0,"damage_taken":0.0},{"damage_healed":0.0,"max_hp_gain":0.0,"max_hp_loss":0.0,"gold_gain":0.0,"event_name":"SensoryStone","player_choice":"Memory 1","floor":138.0,"gold_loss":0.0,"damage_taken":0.0},{"damage_healed":0.0,"max_hp_gain":0.0,"max_hp_loss":0.0,"gold_gain":222.0,"event_name":"Tomb of Lord Red Mask","player_choice":"Wore Mask","floor":141.0,"gold_loss":0.0,"damage_taken":0.0},{"damage_healed":0.0,"max_hp_gain":0.0,"max_hp_loss":0.0,"gold_gain":0.0,"event_name":"MindBloom","player_choice":"Fight","floor":147.0,"gold_loss":0.0,"damage_taken":0.0},{"damage_healed":0.0,"max_hp_gain":0.0,"max_hp_loss":0.0,"gold_gain":0.0,"event_name":"The Woman in Blue","player_choice":"Bought 0 Potions","floor":148.0,"gold_loss":0.0,"damage_taken":0.0}],"is_beta":true,"boss_relics":[{"not_picked":["ReplayTheSpireMod:DimensionalGlitch","hubris:TerracottaHorce"],"picked":"SlaversCollar"},{"not_picked":["Ooze Armor","Kintsugi"],"picked":"Calling Bell"},{"not_picked":["Snecko Eye","Replay:Fungal Core"],"picked":"hubris:Backtick"},{"not_picked":["Runic Dome","Ooze Armor"],"picked":"SacredBark"},{"not_picked":["infinitespire:Cupcake","hubris:GrandSneckoEye","Replay:Bronze Core"]},{"not_picked":["ChewingGum","Replay:Fungal Core"],"picked":"Coffee Dripper"},{"not_picked":["Tiny House","Replay:Bronze Core"],"picked":"Black Blood"},{"not_picked":["Runic Dome","infinitespire:Cupcake","hubris:GrandSneckoEye"]},{"not_picked":["hubris:RunicObelisk","Fusion Hammer","Replay:Ancient Bell"]}],"items_purged_floors":[27,31,40,62,139,155],"is_endless":true,"potions_floor_spawned":[1,7,11,13,14,16,18,25,29,36,38,42,50,52,57,59,61,67,69,71,78,86,99,103,107,118,121,122,126,132,133,146,147,150,156,157],"ascension_level":0}}