{"host":"wwmqne3dwir10erh","time":1608139720,"event":{"mods":["BaseMod","Better Note","Hubris","Mimic Mod","Minty Spire (QoL Compilation)","Replay The Spire","StSLib","The Bladedancer"],"gold_per_floor":[112,128,139,314,12,12,32,64,145,162,201,201,61,84,84,194,194,211,211,227,181,212,212,232,232,257,296,296,330,374,27,27,132,132,164,164,213,213,91,91,126,126,181,211,242,242,279,279,279,291,291],"floor_reached":50,"playtime":2448,"items_purged":["Doubt","Strike_G","blademaster:WrongfulFootwork"],"score":758,"play_id":"ba14792c-dde4-476a-bb05-0ee356d680a2","local_time":"20201216122840","is_ascension_mode":true,"campfire_choices":[{"data":"Replay:BasicMightCard","floor":6.0,"key":"SMITH"},{"floor":12.0,"key":"REST"},{"floor":15.0,"key":"REST"},{"data":"Noxious Fumes","floor":25.0,"key":"SMITH"},{"floor":28,"key":"REST"},{"floor":32,"key":"REST"},{"data":"ReplayTheSpireMod:Scrap Shanks","floor":40,"key":"SMITH"},{"data":"Draining Mist","floor":40,"key":"SMITH"},{"floor":42,"key":"REST"},{"floor":46,"key":"REST"}],"circlet_count":0,"master_deck":["Defend_G","Defend_G","Defend_G","Survivor","Neutralize","Poisoned Stab","Deflect","Deadly Poison+1","Tools of the Trade+1","Replay:BasicMightCard+1","Bouncing Flask","Malaise+1","Catalyst","Draining Mist+1","Cloak And Dagger+1","Noxious Fumes+1","After Image+1","Venomology+1","Escape Plan+1","Blade Dance","PiercingWail+1","Bullet Time+1","Bane+1","ReplayTheSpireMod:From All Sides","Masterful Stab","Footwork","ReplayTheSpireMod:Scrap Shanks+1","Bane+1","Writhe"],"relics":["hubris:HollowSoul","Replay:Bandana","Blue Candle","Replay:Multitool","hubris:ScarierMask","ReplayTheSpireMod:CursedCoin","Omamori","Boot","The Courier","Tiny Chest","Red Mask","Guide Book","Oddly Smooth Stone","Kintsugi","Replay:Arrowhead","War Paint","ReplayTheSpireMod:TigerMarble","Ancient Tea Set"],"acts_visited":["Exordium","TheCity","TheBeyond"],"potions_floor_usage":[27,27,27,29,33,33,37,37,41,41,47,47,50,50],"damage_taken":[{"damage":0.0,"enemies":"2 Louse","floor":1.0,"turns":3.0},{"damage":6.0,"enemies":"Jaw Worm","floor":2.0,"turns":4.0},{"damage":2.0,"enemies":"Cultist","floor":3.0,"turns":4.0},{"damage":10.0,"enemies":"Large Slime","floor":7.0,"turns":6.0},{"damage":13.0,"enemies":"3 Sentries","floor":8.0,"turns":11.0},{"damage":21.0,"enemies":"3 Louse","floor":10.0,"turns":4.0},{"damage":39.0,"enemies":"Gremlin Nob","floor":11.0,"turns":5.0},{"damage":5.0,"enemies":"Looter","floor":14.0,"turns":4.0},{"damage":48.0,"enemies":"Slime Boss","floor":16.0,"turns":14.0},{"damage":9.0,"enemies":"Shell Parasite","floor":18.0,"turns":6.0},{"damage":3.0,"enemies":"3 Byrds","floor":20.0,"turns":5.0},{"damage":4.0,"enemies":"3 Cultists","floor":22.0,"turns":6.0},{"damage":5.0,"enemies":"Chosen and Byrds","floor":24.0,"turns":4.0},{"damage":19,"enemies":"Gremlin Leader","floor":27,"turns":7},{"damage":17,"enemies":"Book of Stabbing","floor":29,"turns":8},{"damage":24,"enemies":"Masked Bandits","floor":30,"turns":6},{"damage":11,"enemies":"Pondfish","floor":33,"turns":11},{"damage":3,"enemies":"Orb Walker","floor":35,"turns":4},{"damage":2,"enemies":"3 Darklings","floor":37,"turns":4},{"damage":34,"enemies":"Reptomancer","floor":41,"turns":7},{"damage":43,"enemies":"Nemesis","floor":44,"turns":8},{"damage":0,"enemies":"Sphere and 2 Shapes","floor":45,"turns":4},{"damage":6,"enemies":"4 Shapes","floor":47,"turns":3},{"damage":0,"enemies":"Donu and Deca","floor":50,"turns":1}],"seed_played":"2835590566251438533","potions_obtained":[{"floor":2.0,"key":"Milkshake"},{"floor":3.0,"key":"LiquidMemories"},{"floor":10.0,"key":"FairyPotion"},{"floor":16.0,"key":"Weak Potion"},{"floor":18.0,"key":"SkillPotion"},{"floor":22.0,"key":"AttackPotion"},{"floor":33,"key":"Elixir"},{"floor":35,"key":"Explosive Potion"},{"floor":37,"key":"Poison Potion"},{"floor":41,"key":"Explosive Potion"},{"floor":45,"key":"SkillPotion"}],"is_trial":false,"path_per_floor":["M","M","M","?","$","R","M","E","T","M","E","R","$","M","R","B",null,"M","?","M","$","M","R","M","R","T","E","R","E","?","$","R","B",null,"M","?","M","T","$","R","E","R","T","E","M","R","M","?","R","B"],"character_chosen":"THE_SILENT","items_purchased":["Tools of the Trade","Replay:BasicMightCard","Cloak And Dagger+1","ReplayTheSpireMod:CursedCoin","Omamori","Blade Dance","Guide Book","Oddly Smooth Stone","Footwork","ReplayTheSpireMod:Scrap Shanks"],"campfire_rested":6,"item_purchase_floors":[5,5,13,21,21,21,31,31,39,39],"current_hp_per_floor":[70,64,62,62,62,62,52,39,39,18,12,33,33,28,49,1,70,61,61,58,58,54,70,65,65,65,46,67,50,26,26,47,36,70,67,67,65,65,65,65,31,52,52,9,9,30,24,42,63,14,14],"gold":291,"neow_bonus":"BOSS_RELIC","is_daily":false,"chose_seed":false,"campfire_upgraded":4,"win_rate":0.0,"timestamp":1608139720,"path_taken":["M","M","M","?","$","R","M","E","T","M","E","R","$","M","R","BOSS","M","?","M","$","M","R","M","R","T","E","R","E","?","$","R","BOSS","M","?","?","?","$","R","E","R","T","E","M","R","M","?","R","BOSS"],"items_purchased_type":["Card","Card","Card","Relic","Relic","Card","Relic","Relic","Card","Card"],"build_version":"2020-12-13","purchased_purges":3,"victory":false,"max_hp_per_floor":[70,70,70,70,70,70,70,70,70,70,70,70,70,70,70,70,70,70,70,70,70,70,70,70,70,70,70,70,70,70,70,70,70,70,70,70,70,70,70,70,70,70,70,70,70,70,70,70,70,14,14],"card_choices":[{"not_picked":["Backflip","hubris:Sniper"],"picked":"Poisoned Stab","floor":1.0},{"not_picked":["PiercingWail","Outmaneuver"],"picked":"Deflect","floor":2.0},{"not_picked":["Deflect","Flying Knee"],"picked":"Deadly Poison","floor":3.0},{"not_picked":["ReplayTheSpireMod:The Works","Deflect"],"picked":"Bouncing Flask","floor":7.0},{"not_picked":["Underhanded Strike","Dagger Throw"],"picked":"Malaise","floor":8.0},{"not_picked":["Heel Hook","Outmaneuver"],"picked":"Catalyst","floor":10.0},{"not_picked":["Flying Knee","Prepared"],"picked":"Draining Mist","floor":11.0},{"not_picked":["PiercingWail","Calculated Gamble"],"picked":"Noxious Fumes","floor":14.0},{"not_picked":["Glass Knife","Adrenaline"],"picked":"After Image","floor":16.0},{"not_picked":["Bouncing Flask","Outmaneuver+1","Quick Slash"],"picked":"SKIP","floor":18.0},{"not_picked":["hubris:Counter","Cloak And Dagger"],"picked":"Escape Plan+1","floor":20.0},{"not_picked":["Bouncing Flask","Poisoned Stab","Dagger Spray"],"picked":"SKIP","floor":22.0},{"not_picked":["Caltrops","Acrobatics+1"],"picked":"PiercingWail","floor":24.0},{"not_picked":["Sucker Punch","hubris:SlightOfHand+1","Acrobatics"],"picked":"SKIP","floor":27},{"not_picked":["ReplayTheSpireMod:Exploit Weakness","Concentrate"],"picked":"Bullet Time","floor":29},{"not_picked":["Outmaneuver","Blade Dance"],"picked":"Bane+1","floor":30},{"not_picked":["Glass Knife","Envenom"],"picked":"ReplayTheSpireMod:From All Sides","floor":33},{"not_picked":["Quick Slash","Dodge and Roll+1"],"picked":"Masterful Stab","floor":35},{"not_picked":["Deadly Poison","Backflip","Poisoned Stab"],"picked":"SKIP","floor":37},{"not_picked":["Backflip","Quick Slash+1","hubris:TrickCloak"],"picked":"SKIP","floor":41},{"not_picked":["Sucker Punch+1","Endless Agony","Unload"],"picked":"SKIP","floor":44},{"not_picked":["Poisoned Stab","Slice","Deadly Poison"],"picked":"SKIP","floor":45},{"not_picked":["Backflip","PiercingWail"],"picked":"Bane+1","floor":47}],"player_experience":2222109,"relics_obtained":[{"floor":8.0,"key":"Replay:Bandana"},{"floor":9.0,"key":"Blue Candle"},{"floor":11.0,"key":"Replay:Multitool"},{"floor":26.0,"key":"Boot"},{"floor":27,"key":"The Courier"},{"floor":29,"key":"Tiny Chest"},{"floor":30,"key":"Red Mask"},{"floor":38,"key":"Replay:Arrowhead"},{"floor":41,"key":"War Paint"},{"floor":43,"key":"ReplayTheSpireMod:TigerMarble"},{"floor":44,"key":"Ancient Tea Set"}],"event_choices":[{"damage_healed":0.0,"max_hp_gain":0.0,"max_hp_loss":0.0,"gold_gain":175.0,"event_name":"Liars Game","player_choice":"AGREE","floor":4.0,"gold_loss":0.0,"damage_taken":0.0,"cards_obtained":["Doubt"]},{"cards_removed":["Venomology"],"damage_healed":0.0,"max_hp_gain":0.0,"max_hp_loss":0.0,"gold_gain":0.0,"event_name":"betterNote:BetterNote","player_choice":"Take \u0026 Give","floor":19.0,"gold_loss":0.0,"damage_taken":0.0,"cards_obtained":["Venomology"]},{"damage_healed":0,"gold_gain":0,"player_choice":"Fought Bandits","damage_taken":0,"max_hp_gain":0,"max_hp_loss":0,"event_name":"Masked Bandits","floor":30,"gold_loss":0},{"cards_removed":["Defend_G"],"damage_healed":0,"gold_gain":0,"player_choice":"Offered Basic","damage_taken":0,"max_hp_gain":0,"max_hp_loss":0,"event_name":"Bonfire Elementals","floor":36,"gold_loss":0},{"damage_healed":18,"gold_gain":0,"player_choice":"Writhe","damage_taken":0,"max_hp_gain":0,"max_hp_loss":0,"event_name":"Winding Halls","floor":48,"gold_loss":0,"cards_obtained":["Writhe"]}],"is_beta":false,"boss_relics":[{"not_picked":["Sozu","Runic Dome"],"picked":"hubris:ScarierMask"},{"not_picked":["Coffee Dripper","hubris:GrandSneckoEye"],"picked":"Kintsugi"}],"items_purged_floors":[5,13,31],"is_endless":false,"potions_floor_spawned":[2,3,10,16,18,22,33,35,37,41,45],"killed_by":"Donu and Deca","ascension_level":1}}