{"host":"hjw1ay65n7jm40lc","time":1608127700,"event":{"mods":["AchievementEnabler","BaseMod","Colored Map","Colored Powertips","Googly Eyes","Highlight Path","Minty Spire (QoL Compilation)","Quick Restart","Relic Stats"],"gold_per_floor":[117,67,83,103,123,123,148,163,163,188,188,50,50,68,68,146,146,160,160,100,115,115,145,145,177,259,291,291,326,10,30,30,108,108,121,146,0,20,67,95,95,124,124,10,10,23,58,77,77,77,77,77,7,36,36],"floor_reached":56,"playtime":4069,"items_purged":["Strike_R"],"score":2203,"play_id":"95c6d829-2851-4b3a-810c-8f222b5f9d26","local_time":"20201216090820","is_ascension_mode":true,"campfire_choices":[{"data":"Shockwave","floor":6.0,"key":"SMITH"},{"floor":13.0,"key":"REST"},{"data":"Whirlwind","floor":15.0,"key":"SMITH"},{"data":"Armaments","floor":24.0,"key":"SMITH"},{"data":"Flame Barrier","floor":28.0,"key":"SMITH"},{"data":"Battle Trance","floor":32.0,"key":"SMITH"},{"data":"Bludgeon","floor":41.0,"key":"SMITH"},{"floor":49.0,"key":"RECALL"},{"data":"Hemokinesis","floor":52.0,"key":"SMITH"}],"circlet_count":0,"master_deck":["AscendersBane","Strike_R","Defend_R","Defend_R","Defend_R","Defend_R+1","Bash+1","Flame Barrier+1","Clothesline","Sword Boomerang","Hemokinesis+1","Shockwave+1","Battle Trance+1","Whirlwind+1","Reaper","Armaments+1","Flame Barrier+1","Reaper","Bludgeon+1","Headbutt+1","Burning Pact+1","Rupture+1","Whirlwind+1","Burning Pact+1","Dark Embrace","Dual Wield"],"relics":["Philosopher\u0027s Stone","Pear","Pantograph","The Courier","Vajra","Snecko Eye","Kunai","Self Forming Clay","Gremlin Horn","Paper Frog","Matryoshka","Membership Card","PreservedInsect","Astrolabe","Du-Vu Doll","Red Mask","CaptainsWheel","Torii","Bag of Preparation","MealTicket","HornCleat","Dead Branch","Anchor"],"acts_visited":["Exordium","TheCity","TheBeyond","TheEnding"],"potions_floor_usage":[55],"damage_taken":[{"damage":0.0,"enemies":"Cultist","floor":1.0,"turns":2.0},{"damage":0.0,"enemies":"2 Louse","floor":3.0,"turns":3.0},{"damage":0.0,"enemies":"Jaw Worm","floor":4.0,"turns":3.0},{"damage":1.0,"enemies":"3 Louse","floor":5.0,"turns":3.0},{"damage":8.0,"enemies":"Gremlin Nob","floor":7.0,"turns":3.0},{"damage":24.0,"enemies":"Large Slime","floor":8.0,"turns":5.0},{"damage":18.0,"enemies":"3 Sentries","floor":10.0,"turns":6.0},{"damage":7.0,"enemies":"2 Fungi Beasts","floor":14.0,"turns":3.0},{"damage":14.0,"enemies":"Hexaghost","floor":16.0,"turns":6.0},{"damage":2.0,"enemies":"Chosen","floor":18.0,"turns":3.0},{"damage":7.0,"enemies":"Shell Parasite","floor":21.0,"turns":4.0},{"damage":18.0,"enemies":"Slavers","floor":23.0,"turns":3.0},{"damage":13.0,"enemies":"Book of Stabbing","floor":25.0,"turns":4.0},{"damage":13.0,"enemies":"Gremlin Leader","floor":27.0,"turns":4.0},{"damage":9.0,"enemies":"Book of Stabbing","floor":29.0,"turns":3.0},{"damage":2.0,"enemies":"Shelled Parasite and Fungi","floor":31.0,"turns":3.0},{"damage":46.0,"enemies":"Automaton","floor":33.0,"turns":11.0},{"damage":5.0,"enemies":"Orb Walker","floor":35.0,"turns":3.0},{"damage":0.0,"enemies":"Mind Bloom Boss Battle","floor":36.0,"turns":3.0},{"damage":2.0,"enemies":"3 Shapes","floor":38.0,"turns":4.0},{"damage":0.0,"enemies":"2 Orb Walkers","floor":39.0,"turns":2.0},{"damage":17.0,"enemies":"Reptomancer","floor":40.0,"turns":5.0},{"damage":12.0,"enemies":"Giant Head","floor":42.0,"turns":5.0},{"damage":3.0,"enemies":"Sphere and 2 Shapes","floor":46.0,"turns":2.0},{"damage":2.0,"enemies":"Nemesis","floor":47.0,"turns":3.0},{"damage":3.0,"enemies":"Writhing Mass","floor":48.0,"turns":4.0},{"damage":33.0,"enemies":"Time Eater","floor":50.0,"turns":9.0},{"damage":4.0,"enemies":"Shield and Spear","floor":54.0,"turns":3.0},{"damage":67,"enemies":"The Heart","floor":55,"turns":7}],"seed_played":"5932846826071226187","potions_obtained":[{"floor":5.0,"key":"FearPotion"},{"floor":7.0,"key":"EntropicBrew"},{"floor":10.0,"key":"PowerPotion"},{"floor":16.0,"key":"LiquidMemories"},{"floor":23.0,"key":"SteroidPotion"},{"floor":27.0,"key":"Fruit Juice"},{"floor":35.0,"key":"DuplicationPotion"},{"floor":40.0,"key":"HeartOfIron"}],"is_trial":false,"path_per_floor":["M","$","M","M","M","R","E","M","T","E","?","$","R","M","R","B",null,"M","?","$","M","?","E","R","E","T","E","R","E","$","M","R","B",null,"M","?","?","M","?","E","R","E","T","$","?","M","E","M","R","B",null,"R","$","E","B",null],"character_chosen":"IRONCLAD","items_purchased":["Clothesline","Vajra","Membership Card","Reaper","Energy Potion","PreservedInsect","AttackPotion","HornCleat","Dark Embrace","GamblersBrew"],"campfire_rested":1,"item_purchase_floors":[2,12,30,30,30,30,30,44,53,53],"current_hp_per_floor":[68,68,68,68,67,67,69,45,45,27,1,1,26,19,19,47,76,79,54,54,47,47,38,38,32,32,52,52,58,58,72,72,61,87,92,95,95,93,95,95,95,95,95,95,95,95,95,92,92,62,87,87,95,93,28],"gold":36,"neow_bonus":"BOSS_RELIC","is_daily":false,"chose_seed":false,"campfire_upgraded":7,"win_rate":0.0,"timestamp":1608127700,"path_taken":["M","$","M","M","?","R","E","M","T","E","?","$","R","M","R","BOSS","M","?","$","M","?","E","R","E","T","E","R","E","?","M","R","BOSS","M","?","?","M","?","E","R","E","T","$","?","?","E","M","R","BOSS","R","$","E","BOSS"],"items_purchased_type":["Card","Relic","Relic","Card","Potion","Relic","Potion","Relic","Card","Potion"],"build_version":"2020-12-13","purchased_purges":1,"victory":true,"max_hp_per_floor":[75,75,75,75,75,75,85,85,85,85,85,85,85,85,85,85,85,85,90,90,90,90,90,90,90,90,90,90,95,95,95,95,95,95,95,95,95,95,95,95,95,95,95,95,95,95,95,95,95,95,95,95,95,95,95],"relic_stats":{"Gremlin Horn":[12,15],"Torii":39,"counters":[29,119],"Self Forming Clay":[156],"Astrolabe":["Headbutt","Burning Pact","Rupture"],"Dead Branch":[47],"PreservedInsect":317,"Bag of Preparation":[12],"Pantograph":56,"Snecko Eye":[158,152,159,170],"MealTicket":8,"Kunai":[29],"obtain_stats":[{"Pear":7,"Gremlin Horn":26,"Torii":40,"Self Forming Clay":25,"Astrolabe":34,"Dead Branch":47,"Vajra":12,"The Courier":10,"PreservedInsect":30,"Bag of Preparation":42,"Burning Blood":0,"Du-Vu Doll":36,"CaptainsWheel":39,"Anchor":54,"Matryoshka":29,"HornCleat":44,"Pantograph":9,"Snecko Eye":17,"Philosopher\u0027s Stone":0,"MealTicket":43,"Red Mask":37,"Kunai":23,"Membership Card":30,"Paper Frog":27},{"Pear":5,"Gremlin Horn":13,"Torii":22,"Self Forming Clay":13,"Astrolabe":17,"Dead Branch":25,"Vajra":7,"The Courier":7,"PreservedInsect":15,"Bag of Preparation":23,"Burning Blood":0,"Du-Vu Doll":19,"CaptainsWheel":21,"Anchor":28,"Matryoshka":15,"HornCleat":23,"Pantograph":6,"Snecko Eye":9,"Philosopher\u0027s Stone":0,"MealTicket":23,"Red Mask":19,"Kunai":12,"Membership Card":15,"Paper Frog":14},{"Pear":14,"Gremlin Horn":48,"Torii":86,"Self Forming Clay":48,"Astrolabe":69,"Dead Branch":96,"Vajra":25,"The Courier":25,"PreservedInsect":55,"Bag of Preparation":91,"Burning Blood":0,"Du-Vu Doll":75,"CaptainsWheel":81,"Anchor":112,"Matryoshka":55,"HornCleat":91,"Pantograph":19,"Snecko Eye":34,"Philosopher\u0027s Stone":0,"MealTicket":91,"Red Mask":75,"Kunai":44,"Membership Card":55,"Paper Frog":52}]},"card_choices":[{"not_picked":["Headbutt","Body Slam"],"picked":"Flame Barrier","floor":1.0},{"not_picked":["Seeing Red","Twin Strike"],"picked":"Sword Boomerang","floor":3.0},{"not_picked":["Headbutt","Wild Strike"],"picked":"Hemokinesis","floor":4.0},{"not_picked":["Warcry","Second Wind"],"picked":"Shockwave","floor":5.0},{"not_picked":["Pummel","Heavy Blade","Seeing Red"],"picked":"SKIP","floor":7.0},{"not_picked":["Evolve","Seeing Red"],"picked":"Battle Trance","floor":8.0},{"not_picked":["Juggernaut","Uppercut"],"picked":"Whirlwind","floor":10.0},{"not_picked":["Body Slam","Pommel Strike","Shockwave"],"picked":"SKIP","floor":14.0},{"not_picked":["Feed","Corruption"],"picked":"Reaper","floor":16.0},{"not_picked":["Warcry","True Grit","Cleave"],"picked":"SKIP","floor":18.0},{"not_picked":["Sentinel+1","Sever Soul","Flex"],"picked":"SKIP","floor":21.0},{"not_picked":["Thunderclap","Feel No Pain"],"picked":"Armaments","floor":23.0},{"not_picked":["Sword Boomerang","Seeing Red","Shrug It Off"],"picked":"SKIP","floor":25.0},{"not_picked":["Feel No Pain","Shrug It Off"],"picked":"Flame Barrier","floor":27.0},{"not_picked":["Shockwave","Clothesline","True Grit"],"picked":"SKIP","floor":29.0},{"not_picked":["Thunderclap","Searing Blow","Second Wind"],"picked":"SKIP","floor":31.0},{"not_picked":["Impervious","Fiend Fire"],"picked":"Bludgeon","floor":33.0},{"not_picked":["Disarm+1","Body Slam","Metallicize"],"picked":"SKIP","floor":35.0},{"not_picked":["True Grit+1","Sword Boomerang","Intimidate"],"picked":"SKIP","floor":38.0},{"not_picked":["Barricade","Armaments+1"],"picked":"Whirlwind+1","floor":40.0},{"not_picked":["Seeing Red+1","Wild Strike+1","Fire Breathing"],"picked":"SKIP","floor":42.0},{"not_picked":["Iron Wave","Seeing Red+1","Headbutt"],"picked":"SKIP","floor":46.0},{"not_picked":["Reckless Charge","Cleave","True Grit"],"picked":"SKIP","floor":47.0},{"not_picked":["Flex+1","Shrug It Off"],"picked":"Burning Pact+1","floor":48.0},{"not_picked":["Dark Embrace","Disarm"],"picked":"Dual Wield","floor":54.0}],"player_experience":255186,"relics_obtained":[{"floor":7.0,"key":"Pear"},{"floor":9.0,"key":"Pantograph"},{"floor":10.0,"key":"The Courier"},{"floor":23.0,"key":"Kunai"},{"floor":25.0,"key":"Self Forming Clay"},{"floor":26.0,"key":"Gremlin Horn"},{"floor":27.0,"key":"Paper Frog"},{"floor":29.0,"key":"Matryoshka"},{"floor":36.0,"key":"Du-Vu Doll"},{"floor":39.0,"key":"CaptainsWheel"},{"floor":40.0,"key":"Torii"},{"floor":42.0,"key":"Bag of Preparation"},{"floor":43.0,"key":"MealTicket"},{"floor":47.0,"key":"Dead Branch"},{"floor":54.0,"key":"Anchor"}],"event_choices":[{"damage_healed":0.0,"max_hp_gain":0.0,"max_hp_loss":0.0,"gold_gain":0.0,"event_name":"Shining Light","player_choice":"Entered Light","floor":11.0,"gold_loss":0.0,"damage_taken":26.0,"cards_upgraded":["Defend_R","Flame Barrier"]},{"damage_healed":0.0,"max_hp_gain":5.0,"max_hp_loss":0.0,"gold_gain":0.0,"event_name":"Forgotten Altar","player_choice":"Shed Blood","floor":19.0,"gold_loss":0.0,"damage_taken":30.0},{"damage_healed":0.0,"max_hp_gain":0.0,"max_hp_loss":0.0,"gold_gain":0.0,"event_name":"Ghosts","player_choice":"Ignored","floor":22.0,"gold_loss":0.0,"damage_taken":0.0},{"damage_healed":0.0,"max_hp_gain":0.0,"max_hp_loss":0.0,"gold_gain":0.0,"event_name":"MindBloom","player_choice":"Fight","floor":36.0,"gold_loss":0.0,"damage_taken":0.0},{"damage_healed":0.0,"max_hp_gain":0.0,"max_hp_loss":0.0,"gold_gain":0.0,"event_name":"Tomb of Lord Red Mask","player_choice":"Paid","floor":37.0,"gold_loss":146.0,"damage_taken":0.0,"relics_obtained":["Red Mask"]},{"damage_healed":0.0,"max_hp_gain":0.0,"max_hp_loss":0.0,"gold_gain":0.0,"event_name":"Mysterious Sphere","player_choice":"Fight","floor":39.0,"gold_loss":0.0,"damage_taken":0.0},{"damage_healed":0.0,"max_hp_gain":0.0,"max_hp_loss":0.0,"gold_gain":0.0,"event_name":"Upgrade Shrine","player_choice":"Upgraded","floor":45.0,"gold_loss":0.0,"damage_taken":0.0,"cards_upgraded":["Bash"]}],"is_beta":false,"boss_relics":[{"not_picked":["Black Star","Ectoplasm"],"picked":"Snecko Eye"},{"not_picked":["Runic Pyramid","Mark of Pain"],"picked":"Astrolabe"}],"items_purged_floors":[20],"is_endless":false,"potions_floor_spawned":[5,7,10,16,23,27,35,40,46,47],"ascension_level":16}}