{"host":"buuozll9zukolitn","time":1608125570,"event":{"mods":["BaseMod","Googly Eyes","Minty Spire (QoL Compilation)","StSLib","everything is the same but u backflip on backflip","slay the spire mod where everything is the same but ironclad has a cowboy hat"],"gold_per_floor":[209,58,8,8,27,58,58,93,119,152,427,462,480,496,496,596,596,612,624,638,111,131,163,173,173,173,173,173,215,241,268,277,277,277],"floor_reached":33,"playtime":2138,"items_purged":["Regret"],"score":486,"play_id":"eb4cbecc-864c-4157-b9c5-4a4f516eb098","local_time":"20201216143250","is_ascension_mode":true,"campfire_choices":[{"floor":7,"key":"REST"},{"floor":15,"key":"REST"},{"floor":25,"key":"REST"},{"floor":28,"key":"REST"},{"floor":32,"key":"REST"}],"circlet_count":0,"master_deck":["Strike_R","Strike_R","Strike_R","Strike_R","Defend_R+1","Defend_R","Defend_R+1","Defend_R","Bash","Headbutt","Heavy Blade","Dual Wield","Iron Wave","Metallicize","Metallicize","Pommel Strike","Barricade","Shrug It Off","Armaments","Armaments","Flex","Disarm","Cleave","Shockwave","Whirlwind","Flex+1"],"relics":["Burning Blood","Pen Nib","Akabeko","Vajra","Mummified Hand","Smiling Mask","Regal Pillow","White Beast Statue","Black Star","Thread and Needle","Lee\u0027s Waffle","War Paint","Pantograph","Gremlin Horn","CeramicFish","Frozen Egg 2","HornCleat","Dream Catcher"],"acts_visited":["Exordium","TheCity"],"potions_floor_usage":[10,14,14,16,16,16,18,20,20,23,23,24,29,31,33],"damage_taken":[{"damage":1,"enemies":"2 Louse","floor":1,"turns":2},{"damage":6,"enemies":"Cultist","floor":5,"turns":3},{"damage":30,"enemies":"3 Sentries","floor":6,"turns":8},{"damage":16,"enemies":"Gremlin Nob","floor":8,"turns":3},{"damage":35,"enemies":"Lagavulin","floor":10,"turns":6},{"damage":29,"enemies":"Gremlin Nob","floor":12,"turns":4},{"damage":5,"enemies":"Jaw Worm","floor":13,"turns":2},{"damage":5,"enemies":"2 Fungi Beasts","floor":14,"turns":3},{"damage":27,"enemies":"Slime Boss","floor":16,"turns":8},{"damage":3,"enemies":"3 Byrds","floor":18,"turns":3},{"damage":2,"enemies":"Chosen","floor":19,"turns":6},{"damage":54,"enemies":"Sentry and Sphere","floor":20,"turns":8},{"damage":0,"enemies":"Snecko","floor":22,"turns":7},{"damage":52,"enemies":"Slavers","floor":23,"turns":13},{"damage":33,"enemies":"Cultist and Chosen","floor":24,"turns":13},{"damage":7,"enemies":"Gremlin Leader","floor":29,"turns":13},{"damage":17,"enemies":"Centurion and Healer","floor":30,"turns":9},{"damage":29,"enemies":"Slavers","floor":31,"turns":8},{"damage":134,"enemies":"Collector","floor":33,"turns":22}],"seed_played":"-255532713702234105","potions_obtained":[{"floor":5,"key":"SkillPotion"},{"floor":10,"key":"Explosive Potion"},{"floor":13,"key":"Swift Potion"},{"floor":14,"key":"EntropicBrew"},{"floor":16,"key":"LiquidBronze"},{"floor":18,"key":"GamblersBrew"},{"floor":19,"key":"Fire Potion"},{"floor":20,"key":"SneckoOil"},{"floor":22,"key":"DistilledChaos"},{"floor":23,"key":"Fire Potion"},{"floor":24,"key":"DuplicationPotion"},{"floor":29,"key":"FairyPotion"},{"floor":30,"key":"LiquidMemories"},{"floor":31,"key":"SpeedPotion"}],"is_trial":false,"path_per_floor":["M","$","?","?","M","E","R","E","T","E","?","E","M","M","R","B",null,"M","M","M","$","M","E","M","R","T","?","R","E","M","E","R","B"],"character_chosen":"IRONCLAD","items_purchased":["Pen Nib","Thread and Needle","Lee\u0027s Waffle","Flex"],"campfire_rested":5,"item_purchase_floors":[2,21,21,21],"current_hp_per_floor":[77,77,77,77,77,53,77,67,67,38,38,15,16,17,56,35,69,72,76,28,87,87,41,14,55,55,38,80,79,68,45,87,0,0],"gold":277,"neow_bonus":"HUNDRED_GOLD","is_daily":false,"chose_seed":false,"campfire_upgraded":0,"win_rate":0.0,"timestamp":1608125570,"path_taken":["M","$","?","?","?","E","R","E","T","E","?","E","?","M","R","BOSS","M","M","M","$","M","E","M","R","T","?","R","E","M","E","R","BOSS"],"items_purchased_type":["Relic","Relic","Relic","Card"],"build_version":"2020-12-13","purchased_purges":1,"victory":false,"max_hp_per_floor":[80,80,80,80,80,80,80,80,80,80,80,80,80,80,80,80,80,80,80,80,87,87,87,87,87,87,92,92,92,92,92,92,92,92],"card_choices":[{"not_picked":["Thunderclap","Searing Blow"],"picked":"Heavy Blade","floor":1},{"not_picked":["Iron Wave","Bludgeon"],"picked":"Headbutt","floor":5},{"not_picked":["Sword Boomerang","Sever Soul"],"picked":"Heavy Blade","floor":6},{"not_picked":["Perfected Strike","Bludgeon"],"picked":"Dual Wield","floor":8},{"not_picked":["Perfected Strike","Heavy Blade"],"picked":"Iron Wave","floor":10},{"not_picked":["Armaments","Searing Blow"],"picked":"Metallicize","floor":12},{"not_picked":["Armaments","Heavy Blade"],"picked":"Metallicize","floor":13},{"not_picked":["Sword Boomerang","Intimidate"],"picked":"Pommel Strike","floor":14},{"not_picked":["Berserk","Bludgeon"],"picked":"Barricade","floor":16},{"not_picked":["Thunderclap","Havoc"],"picked":"Shrug It Off","floor":18},{"not_picked":["Uppercut+1","Burning Pact+1"],"picked":"Armaments","floor":19},{"not_picked":["Evolve","Wild Strike"],"picked":"Armaments","floor":20},{"not_picked":["Carnage","Second Wind"],"picked":"Disarm","floor":22},{"not_picked":["Clothesline","Bloodletting+1","Headbutt"],"picked":"SKIP","floor":23},{"not_picked":["Fire Breathing","Warcry"],"picked":"Cleave","floor":24},{"not_picked":["Combust+1","Second Wind"],"picked":"Shockwave","floor":29},{"not_picked":["Shrug It Off","Sentinel"],"picked":"Whirlwind","floor":30},{"not_picked":["Headbutt+1","Rupture+1","Havoc"],"picked":"SKIP","floor":31},{"not_picked":["Cleave+1","True Grit"],"picked":"Flex+1","floor":32}],"player_experience":284644,"relics_obtained":[{"floor":6,"key":"Vajra"},{"floor":8,"key":"Mummified Hand"},{"floor":9,"key":"Smiling Mask"},{"floor":10,"key":"Regal Pillow"},{"floor":12,"key":"White Beast Statue"},{"floor":23,"key":"War Paint"},{"floor":23,"key":"Pantograph"},{"floor":26,"key":"Gremlin Horn"},{"floor":29,"key":"CeramicFish"},{"floor":29,"key":"Frozen Egg 2"},{"floor":31,"key":"HornCleat"},{"floor":31,"key":"Dream Catcher"}],"event_choices":[{"cards_removed":["Strike_R"],"damage_healed":0,"gold_gain":0,"player_choice":"Card Removal","damage_taken":0,"max_hp_gain":0,"max_hp_loss":0,"event_name":"The Cleric","floor":3,"gold_loss":50},{"cards_removed":["Heavy Blade"],"damage_healed":0,"gold_gain":0,"player_choice":"Gave Card","damage_taken":0,"relics_obtained":["Akabeko"],"max_hp_gain":0,"max_hp_loss":0,"event_name":"WeMeetAgain","floor":4,"gold_loss":0},{"damage_healed":0,"gold_gain":275,"player_choice":"Desecrate","damage_taken":0,"max_hp_gain":0,"max_hp_loss":0,"event_name":"Golden Shrine","floor":11,"gold_loss":0,"cards_obtained":["Regret"]},{"damage_healed":0,"gold_gain":0,"player_choice":"Shed Blood","damage_taken":22,"max_hp_gain":5,"max_hp_loss":0,"event_name":"Forgotten Altar","floor":27,"gold_loss":0}],"is_beta":false,"boss_relics":[{"not_picked":["SacredBark","Runic Cube"],"picked":"Black Star"}],"items_purged_floors":[21],"is_endless":false,"potions_floor_spawned":[5,10,13,14,16,18,19,20,22,23,24,29,30,31],"killed_by":"Collector","ascension_level":9}}