{"host":"hfvpa4llnnjpeawn","time":1608084331,"event":{"mods":["2.2 Compatiblity","Act Like it!","BaseMod","Better Skull","Better Third Choice","BetterRewards","CapriCore","Conspire","Downfall","Elementarium","Hermit","Hubris","Koishi","Lobotomy","Mad Scientist","Minty Spire (QoL Compilation)","Replay The Spire","Shade Mod","Somnambulant","StSLib","The Bladedancer","The Factory","The Jungle","Waifu the Spire"],"gold_per_floor":[11,11,25,27,27,27,56,68,125,137,149,195,207,187,199,211,211],"floor_reached":16,"playtime":644,"items_purged":[],"score":122,"play_id":"eafbfbb2-9aab-4696-8a69-568ca2dccfbf","local_time":"20201215210531","is_ascension_mode":true,"campfire_choices":[{"floor":6,"key":"RECALL"},{"floor":11,"key":"REST"}],"circlet_count":0,"master_deck":["Strike_R","Strike_R","Strike_R","Defend_R","Defend_R","Defend_R","Defend_R","Bash","conspire:Charge+1","Cleave","Rampage","Searing Blow","Armaments","Battle Trance","Limit Break","Flex"],"relics":["Burning Blood","Prayer Wheel","ReplayTheSpireMod:CursedCoin","hubris:SlimyHat","hubris:Icosahedron","MawBank","Replay:Bottled Snecko"],"acts_visited":["Exordium"],"potions_floor_usage":[12],"damage_taken":[{"damage":6,"enemies":"Cultist","floor":1,"turns":3},{"damage":3,"enemies":"2 Louse","floor":3,"turns":3},{"damage":40,"enemies":"Gremlin Nob","floor":7,"turns":5},{"damage":27,"enemies":"Lagavulin","floor":12,"turns":5},{"damage":0,"enemies":"Small Slimes","floor":14,"turns":3},{"damage":75,"enemies":"Slime Boss","floor":16,"turns":8}],"seed_played":"1035902634137240536","potions_obtained":[],"is_trial":false,"path_per_floor":["M","?","M","$","?","R","E","$","T","?","R","E","?","M","R","B"],"character_chosen":"IRONCLAD","items_purchased":["ReplayTheSpireMod:CursedCoin","hubris:SlimyHat"],"campfire_rested":1,"item_purchase_floors":[4,4],"current_hp_per_floor":[80,73,76,76,76,76,42,42,42,42,66,45,45,51,75,0,0],"gold":211,"neow_bonus":"ONE_RARE_RELIC","is_daily":false,"chose_seed":false,"campfire_upgraded":0,"win_rate":0.0,"timestamp":1608084331,"path_taken":["M","?","M","$","?","R","E","$","T","?","R","E","?","?","R","BOSS"],"items_purchased_type":["Relic","Relic"],"build_version":"2020-12-13","purchased_purges":0,"victory":false,"max_hp_per_floor":[80,80,80,80,80,80,80,80,80,80,80,80,80,80,80,80,80],"card_choices":[{"not_picked":["Warcry","Twin Strike"],"picked":"conspire:Charge","floor":1},{"not_picked":["Life Link","Pommel Strike"],"picked":"Cleave","floor":1},{"not_picked":["Perfected Strike","Dual Wield"],"picked":"Rampage","floor":3},{"not_picked":["Uppercut","hubris:CleavingFinish"],"picked":"Searing Blow","floor":3},{"not_picked":["Heavy Blade","Sever Soul"],"picked":"Armaments","floor":7},{"not_picked":["Cleave","Replay:Undeath\u0027s Touch"],"picked":"Battle Trance","floor":12},{"not_picked":["Run Through","Warcry"],"picked":"Limit Break","floor":14},{"not_picked":["Shrug It Off","Iron Wave","Flex"],"picked":"SKIP","floor":14},{"not_picked":["Shrug It Off","Iron Wave"],"picked":"Flex","floor":14}],"player_experience":225282,"relics_obtained":[{"floor":7,"key":"MawBank"},{"floor":12,"key":"Replay:Bottled Snecko"}],"event_choices":[{"cards_removed":["Strike_R"],"damage_healed":0,"gold_gain":0,"player_choice":"Card Removal","damage_taken":7,"max_hp_gain":0,"max_hp_loss":0,"event_name":"Golden Wing","floor":2,"gold_loss":0},{"cards_removed":["hubris:Sloth"],"damage_healed":0,"gold_gain":0,"player_choice":"Forget","damage_taken":0,"max_hp_gain":0,"max_hp_loss":0,"event_name":"Living Wall","floor":10,"gold_loss":0},{"cards_removed":["Strike_R"],"damage_healed":0,"gold_gain":0,"player_choice":"Purged","damage_taken":0,"max_hp_gain":0,"max_hp_loss":0,"event_name":"Purifier","floor":13,"gold_loss":0}],"is_beta":false,"boss_relics":[],"items_purged_floors":[],"is_endless":false,"potions_floor_spawned":[12],"killed_by":"Slime Boss","ascension_level":3}}