{"host":"1vysks8ssvkrgxm9","time":1608112321,"event":{"mods":["Always Whale","BaseMod","Lobotomy","Minty Spire (QoL Compilation)","StSLib","SuperFastMode"],"gold_per_floor":[115,115,131,31261,31261,31293,31293,31304,31304,31304,31272,31272,31301,31313,31313,31414,31414,31433,31532,31532,30666,30682,30682,30712,30712,30737,30757,30790,29952,29133,29133,29133,29238,29238,29255,29268,28477,28527,0,30035,30035,30068,30115,30149,30163,29716,29716,29816,29816,29816],"floor_reached":51,"playtime":1282,"items_purged":["Strike_R","Strike_R","Strike_R","Strike_R","Writhe"],"score":1163,"play_id":"3a217900-02c8-43f3-85ef-980968570c7c","local_time":"20201216185201","is_ascension_mode":true,"campfire_choices":[{"data":"Inflame","floor":7,"key":"SMITH"},{"data":"Demon Form","floor":10,"key":"SMITH"},{"data":"Offering","floor":15,"key":"SMITH"},{"data":"Exhume","floor":23,"key":"SMITH"},{"data":"Double Tap","floor":25,"key":"SMITH"},{"data":"Secret Technique","floor":32,"key":"SMITH"},{"data":"Bash","floor":41,"key":"SMITH"},{"data":"Limit Break","floor":47,"key":"SMITH"},{"data":"Offering","floor":49,"key":"SMITH"}],"circlet_count":0,"master_deck":["Defend_R","Defend_R","Defend_R","Bash+1","Offering+1","Inflame+1","Burning Pact","Shrug It Off","Flash of Steel+1","Demon Form+1","Dropkick","Whirlwind+1","Offering","Exhume+1","Sword Boomerang+1","Double Tap+1","Heavy Blade+1","Seeing Red+1","Secret Technique+1","Pommel Strike+1","Swift Strike+1","Offering+1","Heavy Blade+1","Shrug It Off","True Grit+1","Limit Break+1","Pummel+1"],"relics":["Burning Blood","Potion Belt","PreservedInsect","ClockworkSouvenir","Gremlin Horn","Pear","Smiling Mask","Vajra","Black Star","MutagenicStrength","Molten Egg 2","Bottled Tornado","Sling","Frozen Egg 2","Red Skull","Oddly Smooth Stone","Pen Nib","Nunchaku","Bird Faced Urn","Pocketwatch","Pantograph","Medical Kit","Singing Bowl","Mercury Hourglass","SlaversCollar","TungstenRod","Self Forming Clay","Strange Spoon","Thread and Needle","Red Mask","Strawberry","MealTicket","Bronze Scales","White Beast Statue","Lantern","Bag of Marbles","Bag of Preparation","Whetstone","Centennial Puzzle"],"acts_visited":["Exordium","TheCity","TheBeyond"],"potions_floor_usage":[6,22,46,51,51,51,51,51],"damage_taken":[{"damage":7,"enemies":"Jaw Worm","floor":1,"turns":3},{"damage":19,"enemies":"Small Slimes","floor":3,"turns":3},{"damage":10,"enemies":"Lagavulin","floor":6,"turns":4},{"damage":7,"enemies":"Cultist","floor":8,"turns":3},{"damage":16,"enemies":"3 Sentries","floor":13,"turns":4},{"damage":12,"enemies":"Blue Slaver","floor":14,"turns":3},{"damage":30,"enemies":"Hexaghost","floor":16,"turns":6},{"damage":16,"enemies":"Shell Parasite","floor":18,"turns":2},{"damage":12,"enemies":"3 Byrds","floor":22,"turns":2},{"damage":12,"enemies":"Gremlin Leader","floor":24,"turns":2},{"damage":12,"enemies":"Snake Plant","floor":27,"turns":2},{"damage":24,"enemies":"Book of Stabbing","floor":28,"turns":2},{"damage":24,"enemies":"Champ","floor":33,"turns":3},{"damage":16,"enemies":"Orb Walker","floor":35,"turns":2},{"damage":23,"enemies":"3 Darklings","floor":36,"turns":2},{"damage":7,"enemies":"Mind Bloom Boss Battle","floor":38,"turns":3},{"damage":10,"enemies":"Giant Head","floor":40,"turns":2},{"damage":10,"enemies":"Reptomancer","floor":42,"turns":1},{"damage":5,"enemies":"Nemesis","floor":44,"turns":1},{"damage":10,"enemies":"Writhing Mass","floor":45,"turns":1},{"damage":21,"enemies":"Time Eater","floor":50,"turns":2},{"damage":17,"enemies":"Malkuth","floor":51,"turns":2},{"damage":18,"enemies":"Yesod","floor":51,"turns":2},{"damage":20,"enemies":"Chesed","floor":51,"turns":1}],"seed_played":"4085927207687336368","potions_obtained":[{"floor":3,"key":"AttackPotion"},{"floor":8,"key":"BlessingOfTheForge"},{"floor":14,"key":"Dexterity Potion"},{"floor":22,"key":"ColorlessPotion"}],"is_trial":false,"path_per_floor":["M","?","M","$","?","E","R","M","T","R","?","T","E","M","R","B",null,"M","?","?","$","M","R","E","R","T","M","E","$","$","?","R","B",null,"M","M","$","?","?","E","R","E","T","E","M","$","R","?","R","B",null],"character_chosen":"IRONCLAD","items_purchased":["Potion Belt","PreservedInsect","ClockworkSouvenir","Shrug It Off","Flash of Steel","EntropicBrew","Energy Potion","Fire Potion","Exhume","Molten Egg 2","Bottled Tornado","Sling","Bird Faced Urn","Pocketwatch","Secret Technique","Pommel Strike+1","Pantograph","Medical Kit","Singing Bowl","Swift Strike+1","TungstenRod","Self Forming Clay","Shrug It Off","Strange Spoon","Whetstone","Centennial Puzzle","Fruit Juice","ColorlessPotion"],"campfire_rested":0,"item_purchase_floors":[4,4,4,4,4,4,4,4,21,21,21,21,29,29,29,30,30,30,30,30,37,37,37,37,46,46,46,46],"current_hp_per_floor":[71,71,58,58,58,54,54,53,63,63,63,63,53,47,47,23,82,72,72,72,72,66,66,60,60,60,54,36,36,36,36,36,47,82,72,59,59,83,83,91,91,89,89,93,93,100,100,100,100,87],"gold":29816,"neow_bonus":"THREE_RARE_CARDS","is_daily":false,"chose_seed":false,"campfire_upgraded":9,"win_rate":0.0,"timestamp":1608112321,"path_taken":["M","?","M","$","?","E","R","?","T","R","?","?","E","M","R","BOSS","M","?","?","$","M","R","E","R","T","M","E","?","$","?","R","BOSS","M","M","$","?","?","E","R","E","T","E","M","$","R","?","R","BOSS"],"items_purchased_type":["Relic","Relic","Relic","Card","Card","Potion","Potion","Potion","Card","Relic","Relic","Relic","Relic","Relic","Card","Card","Relic","Relic","Relic","Card","Relic","Relic","Card","Relic","Relic","Relic","Potion","Potion"],"build_version":"2020-12-13","purchased_purges":5,"victory":true,"max_hp_per_floor":[72,72,72,72,72,72,72,72,82,82,82,82,82,82,82,82,82,82,82,82,82,82,82,82,82,82,82,82,82,82,82,82,82,82,82,84,84,84,84,93,93,93,93,93,95,100,100,100,100,100],"card_choices":[{"not_picked":["Immolate","Corruption"],"picked":"Offering","floor":0},{"not_picked":["Twin Strike","Thunderclap"],"picked":"Inflame","floor":1},{"not_picked":["True Grit","Fire Breathing"],"picked":"Burning Pact","floor":3},{"not_picked":["Combust","Fiend Fire"],"picked":"Demon Form","floor":6},{"not_picked":["Power Through","Flame Barrier"],"picked":"Dropkick","floor":8},{"not_picked":["Thunderclap","Intimidate"],"picked":"Whirlwind","floor":13},{"not_picked":["Headbutt","Anger","Sever Soul"],"picked":"SKIP","floor":14},{"not_picked":["Barricade","Feed"],"picked":"Offering","floor":16},{"not_picked":["Warcry","Anger","Cleave+1"],"picked":"SKIP","floor":18},{"not_picked":["Flex","Clash+1"],"picked":"Sword Boomerang+1","floor":22},{"not_picked":["Warcry","Intimidate+1"],"picked":"Double Tap","floor":24},{"not_picked":["Whirlwind+1","Pommel Strike+1"],"picked":"Heavy Blade+1","floor":27},{"not_picked":["Combust+1","Wild Strike+1"],"picked":"Seeing Red+1","floor":28},{"not_picked":["Juggernaut+1","Double Tap"],"picked":"Offering","floor":33},{"not_picked":["Sword Boomerang+1","Seeing Red+1"],"picked":"Heavy Blade+1","floor":35},{"not_picked":["Warcry+1","Flex","Carnage+1"],"picked":"Singing Bowl","floor":36},{"not_picked":["Cleave+1","Warcry+1"],"picked":"True Grit+1","floor":38},{"not_picked":["Twin Strike+1","Wild Strike+1","Headbutt+1"],"picked":"Singing Bowl","floor":40},{"not_picked":["Clothesline+1","Feel No Pain+1"],"picked":"Limit Break","floor":42},{"not_picked":["Havoc+1","Hemokinesis+1"],"picked":"Pummel+1","floor":44},{"not_picked":["Anger+1","Reckless Charge+1","Twin Strike+1"],"picked":"Singing Bowl","floor":45}],"player_experience":42928,"relics_obtained":[{"floor":6,"key":"Gremlin Horn"},{"floor":9,"key":"Pear"},{"floor":12,"key":"Smiling Mask"},{"floor":13,"key":"Vajra"},{"floor":24,"key":"Frozen Egg 2"},{"floor":24,"key":"Red Skull"},{"floor":26,"key":"Oddly Smooth Stone"},{"floor":28,"key":"Pen Nib"},{"floor":28,"key":"Nunchaku"},{"floor":38,"key":"Thread and Needle"},{"floor":40,"key":"Strawberry"},{"floor":40,"key":"MealTicket"},{"floor":42,"key":"Bronze Scales"},{"floor":42,"key":"White Beast Statue"},{"floor":43,"key":"Lantern"},{"floor":44,"key":"Bag of Marbles"},{"floor":44,"key":"Bag of Preparation"}],"event_choices":[{"cards_removed":["Strike_R"],"damage_healed":0,"gold_gain":0,"player_choice":"Forget","damage_taken":0,"max_hp_gain":0,"max_hp_loss":0,"event_name":"Living Wall","floor":2,"gold_loss":0},{"cards_removed":["Defend_R"],"damage_healed":0,"gold_gain":0,"player_choice":"Purged","damage_taken":0,"max_hp_gain":0,"max_hp_loss":0,"event_name":"Purifier","floor":5,"gold_loss":0},{"damage_healed":0,"gold_gain":0,"player_choice":"Left Gold","damage_taken":0,"max_hp_gain":0,"max_hp_loss":0,"event_name":"World of Goop","floor":11,"gold_loss":32},{"damage_healed":0,"gold_gain":99,"player_choice":"Stole From Cult","damage_taken":0,"max_hp_gain":0,"max_hp_loss":0,"event_name":"Nest","floor":19,"gold_loss":0},{"damage_healed":0,"gold_gain":0,"player_choice":"Inject Mutagens","damage_taken":0,"relics_obtained":["MutagenicStrength"],"max_hp_gain":0,"max_hp_loss":0,"event_name":"Drug Dealer","floor":20,"gold_loss":0},{"damage_healed":0,"gold_gain":0,"player_choice":"Opened","damage_taken":0,"relics_obtained":["Mercury Hourglass"],"max_hp_gain":0,"max_hp_loss":0,"event_name":"The Mausoleum","floor":31,"gold_loss":0,"cards_obtained":["Writhe"]},{"damage_healed":0,"gold_gain":0,"player_choice":"Fight","damage_taken":0,"max_hp_gain":0,"max_hp_loss":0,"event_name":"MindBloom","floor":38,"gold_loss":0},{"damage_healed":0,"gold_gain":0,"player_choice":"Paid","damage_taken":0,"relics_obtained":["Red Mask"],"max_hp_gain":0,"max_hp_loss":0,"event_name":"Tomb of Lord Red Mask","floor":39,"gold_loss":28527},{"damage_healed":0,"gold_gain":100,"player_choice":"Pray","damage_taken":0,"max_hp_gain":0,"max_hp_loss":0,"event_name":"Golden Shrine","floor":48,"gold_loss":0}],"is_beta":false,"boss_relics":[{"not_picked":["Tiny House","Runic Dome"],"picked":"Black Star"},{"not_picked":["Philosopher\u0027s Stone","Calling Bell"],"picked":"SlaversCollar"}],"items_purged_floors":[4,21,29,30,37],"is_endless":false,"potions_floor_spawned":[3,8,14,16,22,24,27,35,44,45,51,51,51],"ascension_level":2}}