{"host":"ok3pmhc1fiz31noj","time":1608158094,"event":{"mods":["AchievementEnabler","BaseMod","Colored Map","Colored Powertips","Minty Spire (QoL Compilation)","Quick Restart","Relic Stats","Replay The Spire","StSLib"],"gold_per_floor":[110,110,385,403,40,71,71,82,82,78,106,121,131,141,141,236,236,236,236],"floor_reached":18,"playtime":546,"items_purged":["Regret","Defend_R"],"score":187,"play_id":"9915110b-110c-4900-8876-ad32fa7451c5","local_time":"20201217063454","is_ascension_mode":false,"campfire_choices":[{"floor":7,"key":"DIG"},{"floor":15,"key":"DIG"}],"circlet_count":0,"master_deck":["Strike_R","Strike_R","Strike_R","Strike_R","Strike_R","Defend_R","Defend_R","Bash","Heavy Blade","Flex","ReplayTheSpireMod:Faulty Equipment","Clash","Headbutt","Flex","Limit Break"],"relics":["Burning Blood","NeowsBlessing","Shovel","BranchBurnRelic","Replay:Mystery Machine","Letter Opener","ReplayTheSpireMod:CursedCoin","Odd Mushroom","Prayer Wheel","Runic Pyramid"],"acts_visited":["Exordium","TheCity"],"potions_floor_usage":[14],"damage_taken":[{"damage":0,"enemies":"Jaw Worm","floor":1,"turns":1},{"damage":0,"enemies":"Small Slimes","floor":4,"turns":1},{"damage":0,"enemies":"3 Sentries","floor":6,"turns":1},{"damage":1,"enemies":"Cultist","floor":8,"turns":3},{"damage":13,"enemies":"The Mushroom Lair","floor":11,"turns":4},{"damage":13,"enemies":"Red Slaver","floor":12,"turns":2},{"damage":0,"enemies":"2 Fungi Beasts","floor":13,"turns":2},{"damage":2,"enemies":"Blue Slaver","floor":14,"turns":2},{"damage":74,"enemies":"The Guardian","floor":16,"turns":9},{"damage":25,"enemies":"3 Byrds","floor":18,"turns":4}],"seed_played":"4571674895144179658","potions_obtained":[{"floor":4,"key":"BloodPotion"},{"floor":12,"key":"LiquidMemories"},{"floor":13,"key":"Fire Potion"},{"floor":14,"key":"SkillPotion"}],"is_trial":false,"path_per_floor":["M","?","?","M","$","E","R","M","T","$","?","M","M","M","R","B",null,"M"],"character_chosen":"IRONCLAD","items_purchased":["Shovel","ReplayTheSpireMod:CursedCoin","Clash"],"campfire_rested":0,"item_purchase_floors":[5,10,10],"current_hp_per_floor":[80,73,73,79,79,80,80,80,80,80,73,66,72,76,76,15,80,55,55],"gold":236,"neow_bonus":"THREE_ENEMY_KILL","is_daily":false,"chose_seed":false,"campfire_upgraded":0,"win_rate":0.0,"timestamp":1608158094,"path_taken":["M","?","?","?","$","E","R","M","T","?","?","M","M","M","R","BOSS","M"],"items_purchased_type":["Relic","Relic","Card"],"build_version":"2020-12-13","purchased_purges":2,"victory":false,"max_hp_per_floor":[80,80,80,80,80,80,80,80,80,80,80,80,80,80,80,80,80,80,80],"relic_stats":{"Shovel":2,"counters":[10,29],"Prayer Wheel":0,"Letter Opener":[20],"obtain_stats":[{"BranchBurnRelic":7,"Shovel":5,"NeowsBlessing":0,"ReplayTheSpireMod:CursedCoin":10,"Dead Branch":6,"Prayer Wheel":15,"Letter Opener":9,"Replay:Mystery Machine":7,"Odd Mushroom":11,"Burning Blood":0,"Runic Pyramid":17},{"BranchBurnRelic":3,"Shovel":2,"NeowsBlessing":0,"ReplayTheSpireMod:CursedCoin":4,"Dead Branch":3,"Prayer Wheel":8,"Letter Opener":4,"Replay:Mystery Machine":3,"Odd Mushroom":5,"Burning Blood":0,"Runic Pyramid":9},{"BranchBurnRelic":3,"Shovel":2,"NeowsBlessing":0,"ReplayTheSpireMod:CursedCoin":6,"Dead Branch":3,"Prayer Wheel":16,"Letter Opener":6,"Replay:Mystery Machine":3,"Odd Mushroom":10,"Burning Blood":0,"Runic Pyramid":25}],"Burning Blood":38},"card_choices":[{"not_picked":["Uppercut","Dropkick"],"picked":"Heavy Blade","floor":1},{"not_picked":["Dropkick","Thunderclap","Uppercut"],"picked":"SKIP","floor":4},{"not_picked":["ReplayTheSpireMod:Strike From Hell","ReplayReversal","Feel No Pain"],"picked":"SKIP","floor":6},{"not_picked":["Perfected Strike","Replay:Undeath\u0027s Touch"],"picked":"Flex","floor":8},{"not_picked":["Metallicize","Pommel Strike"],"picked":"Headbutt","floor":11},{"not_picked":["Fiend Fire","Armaments","Headbutt"],"picked":"SKIP","floor":12},{"not_picked":["Carnage","ReplayReversal","Seeing Red"],"picked":"SKIP","floor":13},{"not_picked":["Wild Strike","Battle Trance"],"picked":"Flex","floor":14},{"not_picked":["Eclipse","Offering"],"picked":"Limit Break","floor":16}],"player_experience":126439,"relics_obtained":[{"floor":6,"key":"Dead Branch"},{"floor":7,"key":"Replay:Mystery Machine"},{"floor":9,"key":"Letter Opener"},{"floor":11,"key":"Odd Mushroom"},{"floor":15,"key":"Prayer Wheel"}],"event_choices":[{"cards_removed":["Defend_R"],"damage_healed":0,"gold_gain":0,"player_choice":"Card Removal","damage_taken":7,"max_hp_gain":0,"max_hp_loss":0,"event_name":"Golden Wing","floor":2,"gold_loss":0},{"damage_healed":0,"gold_gain":275,"player_choice":"Desecrate","damage_taken":0,"max_hp_gain":0,"max_hp_loss":0,"event_name":"Golden Shrine","floor":3,"gold_loss":0,"cards_obtained":["Regret"]},{"damage_healed":0,"gold_gain":0,"player_choice":"Fought Mushrooms","damage_taken":0,"max_hp_gain":0,"max_hp_loss":0,"event_name":"Mushrooms","floor":11,"gold_loss":0}],"is_beta":false,"boss_relics":[{"not_picked":["Ectoplasm","ChewingGum"],"picked":"Runic Pyramid"}],"items_purged_floors":[5,10],"is_endless":false,"potions_floor_spawned":[4,12,13,14],"killed_by":"3 Byrds","ascension_level":0}}