{"host":"ci7ivtocgfxh0ueo","time":1608130481,"event":{"mods":["BaseMod","GifTheSpireLib","Minty Spire (QoL Compilation)","StSLib"],"gold_per_floor":[114,114,114,131,148,148,223,223,246,277,2,2,2,15,15,87,87,103,103,103,103,103,136,136,89,89,104,104,104],"floor_reached":28,"playtime":698,"items_purged":[],"score":433,"play_id":"e4e57b22-7dd1-48a1-8e30-2cca7a73da8b","local_time":"20201216225441","is_ascension_mode":true,"campfire_choices":[{"data":"Noxious Fumes","floor":6,"key":"SMITH"},{"floor":8,"key":"REST"},{"floor":13,"key":"REST"},{"data":"Dash","floor":15,"key":"SMITH"},{"floor":24,"key":"REST"}],"circlet_count":0,"master_deck":["AscendersBane","Strike_G+1","Strike_G","Defend_G","Defend_G","Defend_G","Defend_G+1","Defend_G","Survivor","Neutralize+1","Injury","Noxious Fumes+1","Poisoned Stab","Heel Hook+1","Dagger Spray","Dash+1","Die Die Die","Grand Finale+1","Heel Hook+1","Night Terror+1","Caltrops","Leg Sweep","Dagger Spray","PiercingWail+1"],"relics":["Ring of the Snake","Lizard Tail","Juzu Bracelet","Ancient Tea Set","Eternal Feather","Astrolabe","Letter Opener","Toxic Egg 2"],"acts_visited":["Exordium","TheCity"],"potions_floor_usage":[5,16,23,28,28],"damage_taken":[{"damage":11,"enemies":"Small Slimes","floor":1,"turns":5},{"damage":0,"enemies":"Jaw Worm","floor":4,"turns":5},{"damage":0,"enemies":"2 Louse","floor":5,"turns":2},{"damage":34,"enemies":"Lagavulin","floor":10,"turns":8},{"damage":0,"enemies":"Red Slaver","floor":14,"turns":3},{"damage":22,"enemies":"Slime Boss","floor":16,"turns":11},{"damage":22,"enemies":"Spheric Guardian","floor":18,"turns":4},{"damage":60,"enemies":"Slavers","floor":23,"turns":7},{"damage":17,"enemies":"2 Thieves","floor":25,"turns":5},{"damage":18,"enemies":"Snake Plant","floor":27,"turns":5},{"damage":11,"enemies":"Shelled Parasite and Fungi","floor":28,"turns":2}],"seed_played":"-5085131616302930289","potions_obtained":[{"floor":4,"key":"Fire Potion"},{"floor":10,"key":"PowerPotion"},{"floor":18,"key":"PowerPotion"},{"floor":23,"key":"Weak Potion"},{"floor":27,"key":"SpeedPotion"}],"is_trial":false,"path_per_floor":["M","?","?","M","M","R","?","R","T","E","$","?","R","M","R","B",null,"M","?","?","?","?","E","R","M","T","M","M"],"character_chosen":"THE_SILENT","items_purchased":["Eternal Feather"],"campfire_rested":3,"item_purchase_floors":[11],"current_hp_per_floor":[48,48,28,28,28,28,17,36,36,2,2,2,30,30,39,17,54,32,32,32,26,39,13,44,27,27,9,0,0],"gold":104,"neow_bonus":"ONE_RARE_RELIC","is_daily":false,"chose_seed":false,"campfire_upgraded":2,"win_rate":0.0,"timestamp":1608130481,"path_taken":["M","?","?","M","M","R","?","R","T","E","$","?","R","M","R","BOSS","M","?","?","?","?","E","R","M","T","M","M"],"items_purchased_type":["Relic"],"build_version":"2020-12-13","purchased_purges":0,"victory":false,"max_hp_per_floor":[66,66,66,66,66,66,66,66,66,66,66,66,66,66,66,66,66,66,66,66,66,66,66,66,66,66,66,66,66],"card_choices":[{"not_picked":["Terror","Caltrops"],"picked":"Noxious Fumes","floor":1},{"not_picked":["Deflect","Dagger Spray"],"picked":"Poisoned Stab","floor":4},{"not_picked":["Quick Slash","Backflip"],"picked":"Heel Hook","floor":5},{"not_picked":["Doppelganger","Calculated Gamble"],"picked":"Dagger Spray","floor":10},{"not_picked":["Predator","Quick Slash"],"picked":"Dash","floor":14},{"not_picked":["Phantasmal Killer","Doppelganger"],"picked":"Die Die Die","floor":16},{"not_picked":["Outmaneuver","Acrobatics"],"picked":"Caltrops","floor":18},{"not_picked":["PiercingWail","Dagger Spray"],"picked":"Leg Sweep","floor":23},{"not_picked":["Slice","Quick Slash"],"picked":"Dagger Spray","floor":25},{"not_picked":["Prepared+1","Leg Sweep+1"],"picked":"PiercingWail+1","floor":27}],"player_experience":1256238,"relics_obtained":[{"floor":9,"key":"Juzu Bracelet"},{"floor":10,"key":"Ancient Tea Set"},{"floor":23,"key":"Letter Opener"},{"floor":26,"key":"Toxic Egg 2"}],"event_choices":[{"damage_healed":0,"gold_gain":0,"player_choice":"Ignored","damage_taken":0,"max_hp_gain":0,"max_hp_loss":0,"event_name":"Golden Wing","floor":2,"gold_loss":0},{"damage_healed":0,"gold_gain":0,"player_choice":"Entered Light","damage_taken":20,"max_hp_gain":0,"max_hp_loss":0,"event_name":"Shining Light","floor":3,"gold_loss":0,"cards_upgraded":["Strike_G","Defend_G"]},{"damage_healed":0,"gold_gain":75,"player_choice":"Gather Gold","damage_taken":11,"max_hp_gain":0,"max_hp_loss":0,"event_name":"World of Goop","floor":7,"gold_loss":0},{"damage_healed":0,"gold_gain":0,"player_choice":"Grow","damage_taken":0,"max_hp_gain":0,"max_hp_loss":0,"event_name":"Living Wall","floor":12,"gold_loss":0,"cards_upgraded":["Heel Hook"]},{"damage_healed":0,"gold_gain":0,"player_choice":"Forge","damage_taken":0,"max_hp_gain":0,"max_hp_loss":0,"event_name":"Accursed Blacksmith","floor":19,"gold_loss":0,"cards_upgraded":["Neutralize"]},{"damage_healed":0,"gold_gain":0,"player_choice":"Ignored","damage_taken":0,"max_hp_gain":0,"max_hp_loss":0,"event_name":"Beggar","floor":20,"gold_loss":0},{"damage_healed":0,"gold_gain":0,"player_choice":"","damage_taken":6,"max_hp_gain":0,"max_hp_loss":0,"event_name":"Knowing Skull","floor":21,"potions_obtained":[],"gold_loss":0,"cards_obtained":[]},{"damage_healed":13,"gold_gain":0,"player_choice":"Heal","damage_taken":0,"max_hp_gain":0,"max_hp_loss":0,"event_name":"The Library","floor":22,"gold_loss":0}],"is_beta":false,"boss_relics":[{"not_picked":["Cursed Key","HoveringKite"],"picked":"Astrolabe"}],"items_purged_floors":[],"is_endless":false,"potions_floor_spawned":[4,10,18,23,27],"killed_by":"Shelled Parasite and Fungi","ascension_level":17}}