{"host":"99ad87xtd5ypi7ii","time":1608097999,"event":{"mods":["BaseMod","Hermit","Highlight Path","Marisa????????","Minty Spire (QoL Compilation)","Robot Space Explorer","StSLib","The Bladedancer","The Construct","The Cursed","The Disciple","The Elementalist","The Gatherer","The Hierophant","The Runesmith","The Servant 0.9.4","TheVacant"],"gold_per_floor":[109,109,109,125,125,125,143,143,143,143,178,178,178,196,196,292,292,312,325,32,42,42,60,60,86,109,109,122,156,206,222,222,222,222],"floor_reached":33,"playtime":1738,"items_purged":["RobotSpaceExplorer:Strike"],"score":399,"play_id":"0322f92e-155a-445a-89b1-c0265e6d9b39","local_time":"20201216065319","is_ascension_mode":true,"campfire_choices":[{"data":"RobotSpaceExplorer:RigExplosive","floor":6,"key":"SMITH"},{"data":"RobotSpaceExplorer:Electropulse","floor":8,"key":"SMITH"},{"data":"RobotSpaceExplorer:Fix","floor":10,"key":"SMITH"},{"data":"RobotSpaceExplorer:MiniLasers","floor":12,"key":"SMITH"},{"floor":15,"key":"REST"},{"data":"RobotSpaceExplorer:Discharger","floor":24,"key":"SMITH"},{"floor":27,"key":"REST"},{"data":"RobotSpaceExplorer:Discharger","floor":32,"key":"SMITH"}],"circlet_count":0,"master_deck":["RobotSpaceExplorer:Strike","RobotSpaceExplorer:Strike+1","RobotSpaceExplorer:Defend","RobotSpaceExplorer:Defend","RobotSpaceExplorer:Defend+1","RobotSpaceExplorer:Defend","RobotSpaceExplorer:Scan","RobotSpaceExplorer:MiniLasers+1","RobotSpaceExplorer:Electropulse+1","RobotSpaceExplorer:RigExplosive+1","RobotSpaceExplorer:Fix+1","RobotSpaceExplorer:Probe","RobotSpaceExplorer:Smokescreen","RobotSpaceExplorer:HighVoltage","RobotSpaceExplorer:Discharger+1","RobotSpaceExplorer:Discharger+1","RobotSpaceExplorer:FreezeRay+1","RobotSpaceExplorer:SelfCleaning","RobotSpaceExplorer:Calculate"],"relics":["RobotSpaceExplorer:RoboCore","Letter Opener","RobotSpaceExplorer:FoglandsKnife","SacredBark","DollysMirror","MutagenicStrength","Question Card","Juzu Bracelet","Molten Egg 2"],"acts_visited":["Exordium","TheCity"],"potions_floor_usage":[11,16,16,18,18,18,21,21,25,25,25,29,29,33],"damage_taken":[{"damage":0,"enemies":"2 Louse","floor":1,"turns":3},{"damage":1,"enemies":"Jaw Worm","floor":4,"turns":3},{"damage":0,"enemies":"Cultist","floor":7,"turns":3},{"damage":37,"enemies":"Lagavulin","floor":11,"turns":8},{"damage":0,"enemies":"Blue Slaver","floor":14,"turns":3},{"damage":1,"enemies":"Slime Boss","floor":16,"turns":5},{"damage":0,"enemies":"2 Thieves","floor":18,"turns":1},{"damage":20,"enemies":"Spheric Guardian","floor":19,"turns":4},{"damage":21,"enemies":"Snecko","floor":21,"turns":8},{"damage":22,"enemies":"Snake Plant","floor":23,"turns":4},{"damage":19,"enemies":"Book of Stabbing","floor":25,"turns":4},{"damage":27,"enemies":"Centurion and Healer","floor":28,"turns":4},{"damage":2,"enemies":"Gremlin Leader","floor":29,"turns":3},{"damage":0,"enemies":"3 Cultists","floor":31,"turns":3},{"damage":72,"enemies":"Automaton","floor":33,"turns":6}],"seed_played":"1310604517371636106","potions_obtained":[{"floor":4,"key":"EssenceOfSteel"},{"floor":7,"key":"SpeedPotion"},{"floor":11,"key":"Explosive Potion"},{"floor":13,"key":"EntropicBrew"},{"floor":13,"key":"Ancient Potion"},{"floor":18,"key":"Regen Potion"},{"floor":23,"key":"SkillPotion"},{"floor":28,"key":"Energy Potion"}],"is_trial":false,"path_per_floor":["M","?","?","M","?","R","M","R","T","R","E","R","?","M","R","B",null,"M","M","$","M","?","M","R","E","T","R","M","E","?","M","R","B"],"character_chosen":"RobotSpaceExplorer","items_purchased":["RobotSpaceExplorer:Discharger","DollysMirror"],"campfire_rested":2,"item_purchase_floors":[20,20],"current_hp_per_floor":[75,59,82,81,81,81,81,81,81,81,50,50,50,56,80,81,82,82,62,62,78,78,60,60,47,47,71,50,48,48,54,54,0,0],"gold":222,"neow_bonus":"TEN_PERCENT_HP_BONUS","is_daily":false,"chose_seed":false,"campfire_upgraded":6,"win_rate":0.0,"timestamp":1608097999,"path_taken":["M","?","?","M","?","R","?","R","T","R","E","R","?","M","R","BOSS","M","M","$","?","?","M","R","E","T","R","M","E","?","M","R","BOSS"],"items_purchased_type":["Card","Relic"],"build_version":"2020-12-13","purchased_purges":1,"victory":false,"max_hp_per_floor":[82,82,82,82,82,82,82,82,82,82,82,82,82,82,82,82,82,82,82,82,82,82,82,82,82,82,82,82,82,82,82,82,82,82],"card_choices":[{"not_picked":["RobotSpaceExplorer:PlasmaMissile","RobotSpaceExplorer:Counterblock"],"picked":"RobotSpaceExplorer:Electropulse","floor":1},{"not_picked":["RobotSpaceExplorer:LuckyStrike","RobotSpaceExplorer:ScrapShield"],"picked":"RobotSpaceExplorer:RigExplosive","floor":4},{"not_picked":["RobotSpaceExplorer:SurgingStrike","RobotSpaceExplorer:StunGrenade"],"picked":"RobotSpaceExplorer:Fix","floor":7},{"not_picked":["RobotSpaceExplorer:GlueSpray","RobotSpaceExplorer:MakeshiftVolley"],"picked":"RobotSpaceExplorer:Probe","floor":11},{"not_picked":["RobotSpaceExplorer:SlimeMissile","RobotSpaceExplorer:Pulsar"],"picked":"RobotSpaceExplorer:Smokescreen","floor":14},{"not_picked":["RobotSpaceExplorer:BlastShield","RobotSpaceExplorer:ChargingLaser"],"picked":"RobotSpaceExplorer:HighVoltage","floor":16},{"not_picked":["RobotSpaceExplorer:MetalStrike","RobotSpaceExplorer:PowerCollector+1","RobotSpaceExplorer:Counterblock+1"],"picked":"SKIP","floor":18},{"not_picked":["RobotSpaceExplorer:ShovelStrike","RobotSpaceExplorer:Counterblock+1","RobotSpaceExplorer:MetalStrike"],"picked":"SKIP","floor":19},{"not_picked":["RobotSpaceExplorer:SwiftStep+1","RobotSpaceExplorer:Ammunition"],"picked":"RobotSpaceExplorer:FreezeRay+1","floor":21},{"not_picked":["RobotSpaceExplorer:StarLightning","RobotSpaceExplorer:Blitz"],"picked":"RobotSpaceExplorer:SelfCleaning","floor":23},{"not_picked":["RobotSpaceExplorer:StunGrenade+1","RobotSpaceExplorer:Reload+1","RobotSpaceExplorer:MakeshiftVolley"],"picked":"SKIP","floor":25},{"not_picked":["RobotSpaceExplorer:MiniDrones","RobotSpaceExplorer:SwiftStep","RobotSpaceExplorer:Counterblock+1","RobotSpaceExplorer:Probe+1"],"picked":"SKIP","floor":28},{"not_picked":["RobotSpaceExplorer:MiniBoosters+1","RobotSpaceExplorer:ScrapShield","RobotSpaceExplorer:Probe+1"],"picked":"RobotSpaceExplorer:Calculate","floor":29},{"not_picked":["RobotSpaceExplorer:SurgingShield","RobotSpaceExplorer:MetalStrike+1","RobotSpaceExplorer:SwiftStep","RobotSpaceExplorer:PowerGlove+1"],"picked":"SKIP","floor":31}],"player_experience":756713,"relics_obtained":[{"floor":9,"key":"Letter Opener"},{"floor":11,"key":"RobotSpaceExplorer:FoglandsKnife"},{"floor":25,"key":"Question Card"},{"floor":26,"key":"Juzu Bracelet"},{"floor":29,"key":"Molten Egg 2"}],"event_choices":[{"damage_healed":0,"gold_gain":0,"player_choice":"Entered Light","damage_taken":16,"max_hp_gain":0,"max_hp_loss":0,"event_name":"Shining Light","floor":2,"gold_loss":0,"cards_upgraded":["RobotSpaceExplorer:Defend","RobotSpaceExplorer:Strike"]},{"damage_healed":27,"gold_gain":0,"player_choice":"Banana","damage_taken":0,"max_hp_gain":0,"max_hp_loss":0,"event_name":"Big Fish","floor":3,"gold_loss":0},{"cards_removed":["RobotSpaceExplorer:Strike"],"damage_healed":0,"gold_gain":0,"player_choice":"Offered Basic","damage_taken":0,"max_hp_gain":0,"max_hp_loss":0,"event_name":"Bonfire Elementals","floor":5,"gold_loss":0},{"damage_healed":0,"gold_gain":0,"player_choice":"Got Potions","damage_taken":0,"max_hp_gain":0,"max_hp_loss":0,"event_name":"Lab","floor":13,"gold_loss":0},{"damage_healed":0,"gold_gain":0,"player_choice":"Inject Mutagens","damage_taken":0,"relics_obtained":["MutagenicStrength"],"max_hp_gain":0,"max_hp_loss":0,"event_name":"Drug Dealer","floor":22,"gold_loss":0}],"is_beta":false,"boss_relics":[{"not_picked":["Snecko Eye","RobotSpaceExplorer:Reprocessor"],"picked":"SacredBark"}],"items_purged_floors":[20],"is_endless":false,"potions_floor_spawned":[4,7,11,18,23,28],"killed_by":"Automaton","ascension_level":8}}