{"host":"i1h39d0gfh5c6uxl","time":1608093113,"event":{"mods":["AchievementEnabler","BaseMod","Colored Map","Colored Powertips","Highlight Path","Minty Spire (QoL Compilation)"],"gold_per_floor":[118,133,133,133,153,180,180,214,214,226,226,243,274,290,290,290,290],"floor_reached":16,"playtime":620,"items_purged":[],"score":244,"play_id":"d3f53ee9-d2cc-4f6f-a940-1dfe5a95df63","local_time":"20201216123153","is_ascension_mode":true,"campfire_choices":[{"floor":7,"key":"REST"},{"floor":11,"key":"REST"},{"data":"Flame Barrier","floor":15,"key":"SMITH"}],"circlet_count":0,"master_deck":["AscendersBane","Strike_R","Strike_R","Strike_R","Strike_R","Defend_R","Defend_R","Defend_R","Defend_R","Bash+1","Feed","Shrug It Off","Flame Barrier+1","Rampage","True Grit","Pommel Strike","Clothesline","Twin Strike"],"relics":["Burning Blood","Paper Frog","Magic Flower","Kunai","Prayer Wheel"],"acts_visited":["Exordium"],"potions_floor_usage":[5,10,12,14,16],"damage_taken":[{"damage":14,"enemies":"Jaw Worm","floor":1,"turns":4},{"damage":4,"enemies":"Small Slimes","floor":2,"turns":4},{"damage":6,"enemies":"Cultist","floor":5,"turns":3},{"damage":52,"enemies":"Gremlin Nob","floor":6,"turns":5},{"damage":47,"enemies":"3 Sentries","floor":8,"turns":14},{"damage":0,"enemies":"2 Fungi Beasts","floor":10,"turns":3},{"damage":9,"enemies":"Exordium Thugs","floor":12,"turns":4},{"damage":51,"enemies":"Lagavulin","floor":13,"turns":9},{"damage":9,"enemies":"Large Slime","floor":14,"turns":4},{"damage":48,"enemies":"Hexaghost","floor":16,"turns":9}],"seed_played":"-1005831627054225471","potions_obtained":[{"floor":1,"key":"Swift Potion"},{"floor":8,"key":"AttackPotion"},{"floor":10,"key":"Explosive Potion"},{"floor":13,"key":"BloodPotion"},{"floor":14,"key":"Weak Potion"}],"is_trial":false,"path_per_floor":["M","M","?","?","M","E","R","E","T","M","R","M","E","M","R","B"],"character_chosen":"IRONCLAD","items_purchased":[],"campfire_rested":2,"item_purchase_floors":[],"current_hp_per_floor":[63,68,68,68,71,25,50,9,9,23,49,54,17,44,44,0,0],"gold":290,"neow_bonus":"ONE_RANDOM_RARE_CARD","is_daily":false,"chose_seed":false,"campfire_upgraded":1,"win_rate":0.0,"timestamp":1608093113,"path_taken":["M","M","?","?","?","E","R","E","T","M","R","M","E","M","R","BOSS"],"items_purchased_type":[],"build_version":"2020-12-13","purchased_purges":0,"victory":false,"max_hp_per_floor":[78,81,81,81,84,84,84,84,84,87,87,90,93,93,93,93,93],"card_choices":[{"not_picked":["Sever Soul","Wild Strike"],"picked":"Shrug It Off","floor":1},{"not_picked":["Inflame","Havoc","Dark Embrace"],"picked":"SKIP","floor":2},{"not_picked":["Burning Pact","Sentinel"],"picked":"Flame Barrier","floor":5},{"not_picked":["Flex","Iron Wave"],"picked":"Rampage","floor":6},{"not_picked":["Metallicize","Sword Boomerang"],"picked":"True Grit","floor":8},{"not_picked":["Thunderclap","Rampage"],"picked":"Pommel Strike","floor":10},{"not_picked":["Brutality","Clash"],"picked":"Clothesline","floor":12},{"not_picked":["Wild Strike","True Grit"],"picked":"Twin Strike","floor":13},{"not_picked":["True Grit","Corruption","Anger"],"picked":"SKIP","floor":14},{"not_picked":["Whirlwind","Anger","Flex"],"picked":"SKIP","floor":14}],"player_experience":1273267,"relics_obtained":[{"floor":6,"key":"Paper Frog"},{"floor":8,"key":"Magic Flower"},{"floor":9,"key":"Kunai"},{"floor":13,"key":"Prayer Wheel"}],"event_choices":[{"damage_healed":0,"gold_gain":0,"player_choice":"Grow","damage_taken":0,"max_hp_gain":0,"max_hp_loss":0,"event_name":"Living Wall","floor":3,"gold_loss":0,"cards_upgraded":["Bash"]},{"cards_removed":["Strike_R"],"damage_healed":0,"gold_gain":0,"player_choice":"Purged","damage_taken":0,"max_hp_gain":0,"max_hp_loss":0,"event_name":"Purifier","floor":4,"gold_loss":0}],"is_beta":false,"boss_relics":[],"items_purged_floors":[],"is_endless":false,"potions_floor_spawned":[1,8,10,13,14],"killed_by":"Hexaghost","ascension_level":20}}