{"host":"b94931fzay7ri6da","time":1608110927,"event":{"mods":["AchievementEnabler","BaseMod","Colored Map","Colored Powertips","Downfall","Minty Spire (QoL Compilation)","Quick Restart","StSLib","SuperFastMode"],"gold_per_floor":[210,210,224,237,249,275,275,285,310,310,337,612,213,225,225,326,326,344,344,359,359,284,284,301,301,328,328,363,382,396,414,414,515,515,531,881,881,881],"floor_reached":37,"playtime":2196,"items_purged":["Regret"],"score":524,"play_id":"72e6aca8-427e-4350-91c4-4edbbc44e564","local_time":"20201216092847","is_ascension_mode":true,"campfire_choices":[{"floor":7,"key":"REST"},{"floor":10,"key":"REST"},{"floor":15,"key":"REST"},{"floor":23,"key":"REST"},{"data":"Eruption","floor":25,"key":"SMITH"},{"data":"ClearTheMind","floor":27,"key":"SMITH"},{"data":"Fasting2","floor":32,"key":"SMITH"}],"circlet_count":0,"master_deck":["Defend_P","Defend_P","Defend_P","Eruption+1","Vigilance","Vengeance","Wireheading","FlurryOfBlows","ClearTheMind+1","Fasting2+1","TalkToTheHand","DeusExMachina","CutThroughFate+1","EmptyBody","DeusExMachina","ThirdEye","FlyingSleeves+1","Bite+1","Bite","Bite","Bite","Bite","JustLucky+1","ForeignInfluence+1","Study","Weave","JustLucky","Wish","Consecrate+1","EmptyMind"],"relics":["PureWater","Vajra","Regal Pillow","Gambling Chip","Sozu","WarpedTongs","Whetstone","Nunchaku","Fusion Hammer","Old Coin"],"acts_visited":["Exordium","TheCity","TheBeyond"],"potions_floor_usage":[30,33,33],"damage_taken":[{"damage":0,"enemies":"Small Slimes","floor":1,"turns":2},{"damage":0,"enemies":"Cultist","floor":3,"turns":2},{"damage":10,"enemies":"2 Louse","floor":4,"turns":2},{"damage":19,"enemies":"Exordium Wildlife","floor":5,"turns":5},{"damage":41,"enemies":"Lagavulin","floor":6,"turns":6},{"damage":14,"enemies":"Looter","floor":8,"turns":4},{"damage":22,"enemies":"Gremlin Nob","floor":11,"turns":4},{"damage":15,"enemies":"Large Slime","floor":14,"turns":4},{"damage":0,"enemies":"Slime Boss","floor":16,"turns":5},{"damage":40,"enemies":"2 Thieves","floor":18,"turns":4},{"damage":28,"enemies":"3 Byrds","floor":20,"turns":6},{"damage":10,"enemies":"Cultist and Chosen","floor":24,"turns":6},{"damage":8,"enemies":"Gremlin Leader","floor":28,"turns":5},{"damage":11,"enemies":"Centurion and Healer","floor":29,"turns":5},{"damage":24,"enemies":"Sentry and Sphere","floor":30,"turns":4},{"damage":5,"enemies":"Chosen and Byrds","floor":31,"turns":3},{"damage":49,"enemies":"Champ","floor":33,"turns":7},{"damage":46,"enemies":"3 Darklings","floor":35,"turns":6},{"damage":24,"enemies":"Mind Bloom Boss Battle","floor":36,"turns":3}],"seed_played":"-9143631780017090294","potions_obtained":[{"floor":5,"key":"BlessingOfTheForge"},{"floor":6,"key":"AttackPotion"},{"floor":14,"key":"Swift Potion"}],"is_trial":false,"path_per_floor":["M","?","M","M","M","E","R","M","T","R","E","?","$","M","R","B",null,"M","?","M","?","?","R","M","R","T","R","E","M","M","M","R","B",null,"M","?","M"],"character_chosen":"WATCHER","items_purchased":["Gambling Chip","CutThroughFate"],"campfire_rested":4,"item_purchase_floors":[13,13],"current_hp_per_floor":[72,72,72,62,43,2,23,9,9,45,23,23,23,10,46,48,72,32,32,6,6,6,42,45,45,45,45,51,52,35,34,34,16,72,39,19,0,0],"gold":881,"neow_bonus":"HUNDRED_GOLD","is_daily":false,"chose_seed":false,"campfire_upgraded":3,"win_rate":0.0,"timestamp":1608110927,"path_taken":["M","?","?","M","M","E","R","M","T","R","E","?","$","M","R","BOSS","M","?","?","?","?","R","M","R","T","R","E","?","M","M","R","BOSS","M","?","M"],"items_purchased_type":["Relic","Card"],"build_version":"2020-12-13","purchased_purges":1,"victory":false,"max_hp_per_floor":[72,72,72,72,72,72,72,72,72,72,72,72,72,72,72,72,72,72,72,72,72,72,72,72,72,72,72,72,72,72,72,72,72,72,72,72,72,72],"card_choices":[{"not_picked":["CrushJoints","EmptyFist"],"picked":"Vengeance","floor":1},{"not_picked":["Crescendo","BowlingBash"],"picked":"Wireheading","floor":3},{"not_picked":["CrushJoints","FlyingSleeves"],"picked":"FlurryOfBlows","floor":4},{"not_picked":["EmptyBody","Consecrate"],"picked":"ClearTheMind","floor":5},{"not_picked":["ThirdEye","SashWhip"],"picked":"Fasting2","floor":6},{"not_picked":["EmptyFist","Weave"],"picked":"TalkToTheHand","floor":8},{"not_picked":["Indignation","Sanctity"],"picked":"DeusExMachina","floor":11},{"not_picked":["Halt","SashWhip"],"picked":"EmptyBody","floor":14},{"not_picked":["Vault","ConjureBlade"],"picked":"DeusExMachina","floor":16},{"not_picked":["Crescendo","Prostrate"],"picked":"ThirdEye","floor":18},{"not_picked":["FlurryOfBlows","ThirdEye"],"picked":"FlyingSleeves+1","floor":20},{"not_picked":["Evaluate","EmptyBody"],"picked":"JustLucky+1","floor":24},{"not_picked":["Meditate","SpiritShield"],"picked":"ForeignInfluence+1","floor":28},{"not_picked":["ThirdEye","Nirvana"],"picked":"Study","floor":29},{"not_picked":["JustLucky","WaveOfTheHand"],"picked":"Weave","floor":30},{"not_picked":["Protect","FearNoEvil"],"picked":"JustLucky","floor":31},{"not_picked":["Brilliance","ConjureBlade"],"picked":"Wish","floor":33},{"not_picked":["EmptyFist","Crescendo"],"picked":"Consecrate+1","floor":35},{"not_picked":["Collect+1","SashWhip+1"],"picked":"EmptyMind","floor":36}],"player_experience":301927,"relics_obtained":[{"floor":6,"key":"Vajra"},{"floor":9,"key":"Regal Pillow"},{"floor":11,"key":"Blood Vial"},{"floor":26,"key":"Whetstone"},{"floor":28,"key":"Nunchaku"},{"floor":36,"key":"Old Coin"}],"event_choices":[{"cards_removed":["Defend_P"],"damage_healed":0,"gold_gain":0,"player_choice":"Purged","damage_taken":0,"max_hp_gain":0,"max_hp_loss":0,"event_name":"Purifier","floor":2,"gold_loss":0},{"damage_healed":0,"gold_gain":275,"player_choice":"Desecrate","damage_taken":0,"max_hp_gain":0,"max_hp_loss":0,"event_name":"Golden Shrine","floor":12,"gold_loss":0,"cards_obtained":["Regret"]},{"damage_healed":0,"gold_gain":0,"player_choice":"Rummage","damage_taken":0,"relics_obtained":["WarpedTongs"],"max_hp_gain":0,"max_hp_loss":0,"event_name":"Accursed Blacksmith","floor":19,"gold_loss":0,"cards_obtained":["Pain"]},{"damage_healed":0,"gold_gain":0,"player_choice":"Became a vampire (Vial)","damage_taken":0,"max_hp_gain":0,"max_hp_loss":0,"event_name":"Vampires","floor":21,"relics_lost":["Blood Vial"],"gold_loss":0,"cards_obtained":["Bite","Bite","Bite","Bite","Bite"]},{"cards_removed":["Pain"],"damage_healed":0,"gold_gain":0,"player_choice":"Gave Gold","damage_taken":0,"max_hp_gain":0,"max_hp_loss":0,"event_name":"Beggar","floor":22,"gold_loss":75},{"damage_healed":0,"gold_gain":0,"player_choice":"Fight","damage_taken":0,"max_hp_gain":0,"max_hp_loss":0,"event_name":"MindBloom","floor":36,"gold_loss":0}],"is_beta":false,"boss_relics":[{"not_picked":["Black Star","Runic Dome"],"picked":"Sozu"},{"not_picked":["Pandora\u0027s Box","Cursed Key"],"picked":"Fusion Hammer"}],"items_purged_floors":[13],"is_endless":false,"potions_floor_spawned":[5,6,14,28,30,31,33,36],"killed_by":"3 Shapes","ascension_level":1}}