{"host":"3qkmyeoym75lj4wn","time":1608158786,"event":{"mods":["2.2 Compatiblity","BaseMod","Block Reminder","Colored Powertips","Highlight Path","Minty Spire (QoL Compilation)","Permanent Neow","Potion Indicator Mod","Rare Cards Sparkle","Relic Stats","StSLib"],"gold_per_floor":[16,16,86,102,116,145,162,195,272,291,307,307,321,339,339,429,429,453,503,263,278,97,97,22,22,47,47,71,111,111,111,111,111,111],"floor_reached":33,"playtime":1527,"items_purged":["Strike_R","Strike_R"],"score":654,"play_id":"a8f9ee2f-00fb-49b1-8d5a-5e34b97797e6","local_time":"20201216224626","is_ascension_mode":true,"campfire_choices":[{"data":"Bludgeon","floor":15,"key":"SMITH"},{"data":"Bash","floor":23,"key":"SMITH"},{"data":"Metallicize","floor":30,"key":"SMITH"},{"data":"Feel No Pain","floor":32,"key":"SMITH"}],"circlet_count":0,"master_deck":["AscendersBane","Defend_R","Defend_R","Defend_R","Defend_R","Bash+1","Bludgeon+1","Thunderclap","Metallicize+1","Havoc","Feel No Pain+1","Armaments","Ghostly Armor","Reaper+1","Feed+1","Uppercut+1"],"relics":["Burning Blood","Champion Belt","Thread and Needle","Molten Egg 2","Golden Idol","Snecko Eye","Orichalcum"],"acts_visited":["Exordium","TheCity"],"potions_floor_usage":[14,16,18,33,33],"damage_taken":[{"damage":11.0,"enemies":"2 Louse","floor":1.0,"turns":3.0},{"damage":8.0,"enemies":"Small Slimes","floor":4.0,"turns":2.0},{"damage":0.0,"enemies":"Jaw Worm","floor":5.0,"turns":3.0},{"damage":40.0,"enemies":"Gremlin Nob","floor":6.0,"turns":5.0},{"damage":7.0,"enemies":"2 Fungi Beasts","floor":7.0,"turns":3.0},{"damage":30.0,"enemies":"Lagavulin","floor":8.0,"turns":6.0},{"damage":2.0,"enemies":"Blue Slaver","floor":10.0,"turns":5.0},{"damage":7.0,"enemies":"Looter","floor":11.0,"turns":4.0},{"damage":10.0,"enemies":"Gremlin Gang","floor":13.0,"turns":4.0},{"damage":3,"enemies":"Large Slime","floor":14,"turns":11},{"damage":0,"enemies":"Slime Boss","floor":16,"turns":8},{"damage":20,"enemies":"2 Thieves","floor":18,"turns":4},{"damage":1,"enemies":"Shell Parasite","floor":21,"turns":2},{"damage":9,"enemies":"Centurion and Healer","floor":28,"turns":6},{"damage":18,"enemies":"Slavers","floor":29,"turns":8},{"damage":91,"enemies":"Collector","floor":33,"turns":6}],"seed_played":"8182483034201740948","potions_obtained":[{"floor":4.0,"key":"Ancient Potion"},{"floor":5.0,"key":"ColorlessPotion"},{"floor":8.0,"key":"PowerPotion"},{"floor":11.0,"key":"SkillPotion"},{"floor":13.0,"key":"Regen Potion"},{"floor":16,"key":"Swift Potion"},{"floor":21,"key":"Explosive Potion"},{"floor":29,"key":"AttackPotion"}],"is_trial":false,"path_per_floor":["M","?","?","M","M","E","M","E","T","M","M","?","M","M","R","B",null,"M","?","$","M","$","R","?","?","T","$","M","E","R","?","R","B"],"character_chosen":"IRONCLAD","items_purchased":["Feed+1","Uppercut+1"],"campfire_rested":0,"item_purchase_floors":[20,22],"current_hp_per_floor":[63,63,63,61,67,33,32,8,8,12,11,11,7,25,25,31,59,52,52,52,61,61,61,61,61,61,61,67,71,71,71,71,0,0],"gold":111,"neow_bonus":"THREE_RARE_CARDS","is_daily":false,"chose_seed":false,"campfire_upgraded":4,"win_rate":0.0,"timestamp":1608158786,"path_taken":["M","?","?","M","M","E","M","E","T","M","M","?","?","M","R","BOSS","M","?","$","M","$","R","?","?","T","$","?","E","R","?","R","BOSS"],"items_purchased_type":["Card","Card"],"build_version":"2020-12-13","purchased_purges":2,"victory":false,"max_hp_per_floor":[75,75,75,75,75,75,75,75,75,75,75,68,68,68,68,68,68,68,68,68,72,72,72,72,72,72,72,76,80,80,80,80,80,80],"relic_stats":{"counters":[16,80],"Golden Idol":46,"Snecko Eye":[38,37,46,38],"Champion Belt":[49],"Orichalcum":[6],"obtain_stats":[{"Golden Idol":12,"Snecko Eye":17,"Thread and Needle":8,"Molten Egg 2":9,"Champion Belt":6,"Orichalcum":29,"Burning Blood":0},{"Golden Idol":8,"Snecko Eye":11,"Thread and Needle":6,"Molten Egg 2":6,"Champion Belt":4,"Orichalcum":15,"Burning Blood":0},{"Golden Idol":31,"Snecko Eye":54,"Thread and Needle":22,"Molten Egg 2":22,"Champion Belt":13,"Orichalcum":74,"Burning Blood":0}],"Burning Blood":90},"card_choices":[{"not_picked":["Brutality","Berserk"],"picked":"Bludgeon","floor":0.0},{"not_picked":["Twin Strike","Clothesline"],"picked":"Thunderclap","floor":1.0},{"not_picked":["Dual Wield","Sword Boomerang"],"picked":"Metallicize","floor":4.0},{"not_picked":["Rampage","Perfected Strike"],"picked":"Havoc","floor":5.0},{"not_picked":["Infernal Blade","Havoc","Fiend Fire"],"picked":"SKIP","floor":6.0},{"not_picked":["Warcry","Shockwave"],"picked":"Feel No Pain","floor":7.0},{"not_picked":["Warcry","Rampage","Bludgeon"],"picked":"SKIP","floor":8.0},{"not_picked":["Clothesline+1","Flex"],"picked":"Armaments","floor":10.0},{"not_picked":["Sentinel","Clothesline+1","Havoc"],"picked":"SKIP","floor":11.0},{"not_picked":["Blood for Blood+1","Sword Boomerang+1"],"picked":"Ghostly Armor","floor":13.0},{"not_picked":["Clash+1","Sword Boomerang+1","Anger+1"],"picked":"SKIP","floor":14},{"not_picked":["Exhume","Barricade"],"picked":"Reaper+1","floor":16},{"not_picked":["Headbutt+1","Twin Strike+1","Clash+1"],"picked":"SKIP","floor":18},{"not_picked":["Body Slam+1","Infernal Blade","Spot Weakness"],"picked":"SKIP","floor":21},{"not_picked":["True Grit","Armaments+1","Heavy Blade+1"],"picked":"SKIP","floor":28},{"not_picked":["Body Slam+1","Sentinel","Clash+1"],"picked":"SKIP","floor":29}],"player_experience":1591587,"relics_obtained":[{"floor":6.0,"key":"Champion Belt"},{"floor":8.0,"key":"Thread and Needle"},{"floor":9.0,"key":"Molten Egg 2"},{"floor":29,"key":"Orichalcum"}],"event_choices":[{"cards_removed":["Strike_R"],"damage_healed":0.0,"max_hp_gain":0.0,"max_hp_loss":0.0,"gold_gain":0.0,"event_name":"Living Wall","player_choice":"Forget","floor":2.0,"gold_loss":0.0,"damage_taken":0.0},{"damage_healed":0.0,"max_hp_gain":0.0,"max_hp_loss":0.0,"gold_gain":70.0,"event_name":"Golden Wing","player_choice":"Gained Gold","floor":3.0,"gold_loss":0.0,"damage_taken":0.0},{"damage_healed":0.0,"max_hp_gain":0.0,"max_hp_loss":7.0,"gold_gain":0.0,"event_name":"Golden Idol","player_choice":"Lose Max HP","floor":12.0,"gold_loss":0.0,"damage_taken":0.0,"relics_obtained":["Golden Idol"]},{"damage_healed":0,"gold_gain":50,"player_choice":"Stole From Cult","damage_taken":0,"max_hp_gain":0,"max_hp_loss":0,"event_name":"Nest","floor":19,"gold_loss":0},{"cards_removed":["Strike_R"],"damage_healed":0,"gold_gain":0,"player_choice":"Gave Gold","damage_taken":0,"max_hp_gain":0,"max_hp_loss":0,"event_name":"Beggar","floor":24,"gold_loss":75},{"cards_removed":["Strike_R"],"damage_healed":0,"gold_gain":0,"player_choice":"Offered Basic","damage_taken":0,"max_hp_gain":0,"max_hp_loss":0,"event_name":"Bonfire Elementals","floor":25,"gold_loss":0},{"damage_healed":0,"gold_gain":0,"player_choice":"Ignored","damage_taken":0,"max_hp_gain":0,"max_hp_loss":0,"event_name":"Ghosts","floor":31,"gold_loss":0}],"is_beta":false,"boss_relics":[{"not_picked":["Runic Dome","Tiny House"],"picked":"Snecko Eye"}],"items_purged_floors":[20,22],"is_endless":false,"potions_floor_spawned":[4,5,8,11,13,16,21,29],"killed_by":"Collector","ascension_level":20}}