{"host":"zr590xw2unlz0wv7","time":1608104799,"event":{"mods":["BaseMod","Minty Spire (QoL Compilation)","READ ME - Guardian Mod","StSLib"],"gold_per_floor":[117,117,135,112,112,154,154,190,214,236,259,278,293,332,332,436,436,475,49,72,117,126,126,166,180,180,207,218,70,70,121,121,235,285,334,334,358,358,406,431,431],"floor_reached":40,"playtime":2289,"items_purged":["EmptyFist"],"score":591,"play_id":"82d7e8a4-a80a-4d62-91e3-c5ff7fddbde5","local_time":"20201216154639","is_ascension_mode":true,"campfire_choices":[{"floor":7.0,"key":"RECALL"},{"data":"Alpha","floor":15.0,"key":"SMITH"},{"data":"Nirvana","floor":23.0,"key":"SMITH"},{"floor":30.0,"key":"REST"},{"data":"Study","floor":32.0,"key":"SMITH"}],"circlet_count":0,"master_deck":["Strike_P","Strike_P","Strike_P","Strike_P","Defend_P","Defend_P","Defend_P","Defend_P","Eruption+1","Vigilance","Prostrate","ThirdEye","Alpha+1","JustLucky","ThirdEye","ThirdEye","Perseverance","Evaluate","Wish","Nirvana+1","ThirdEye","Prostrate+1","Ghostly","Ghostly","Ghostly","Ghostly","Ghostly","EmptyMind","Study+1","Good Instincts","ClearTheMind+1","DevaForm","Prostrate+1","Wireheading"],"relics":["PureWater","NeowsBlessing","CeramicFish","Pen Nib","Tiny Chest","Bird Faced Urn","Philosopher\u0027s Stone","Torii","Happy Flower","Orichalcum","Strawberry","Tiny House","Bag of Preparation","Singing Bowl"],"acts_visited":["Exordium","TheCity","TheBeyond"],"potions_floor_usage":[],"damage_taken":[{"damage":0.0,"enemies":"2 Louse","floor":1.0,"turns":1.0},{"damage":0.0,"enemies":"Jaw Worm","floor":3.0,"turns":1.0},{"damage":0.0,"enemies":"Gremlin Nob","floor":6.0,"turns":1.0},{"damage":20.0,"enemies":"Lagavulin","floor":8.0,"turns":5.0},{"damage":0.0,"enemies":"Cultist","floor":10.0,"turns":3.0},{"damage":0.0,"enemies":"3 Louse","floor":11.0,"turns":4.0},{"damage":0.0,"enemies":"2 Fungi Beasts","floor":12.0,"turns":3.0},{"damage":0.0,"enemies":"Blue Slaver","floor":13.0,"turns":4.0},{"damage":2.0,"enemies":"3 Sentries","floor":14.0,"turns":3.0},{"damage":38.0,"enemies":"The Guardian","floor":16.0,"turns":8.0},{"damage":29.0,"enemies":"Spheric Guardian","floor":18.0,"turns":5.0},{"damage":9.0,"enemies":"Shell Parasite","floor":20.0,"turns":4.0},{"damage":9.0,"enemies":"Slavers","floor":24.0,"turns":6.0},{"damage":20.0,"enemies":"Snecko","floor":25.0,"turns":7.0},{"damage":0.0,"enemies":"Centurion and Healer","floor":28.0,"turns":5.0},{"damage":10.0,"enemies":"Snake Plant","floor":31.0,"turns":6.0},{"damage":9.0,"enemies":"Champ","floor":33.0,"turns":11.0},{"damage":0.0,"enemies":"Orb Walker","floor":35.0,"turns":6.0},{"damage":27.0,"enemies":"3 Darklings","floor":39.0,"turns":6.0},{"damage":44,"enemies":"Nemesis","floor":40,"turns":9}],"seed_played":"5329616436671577176","potions_obtained":[{"floor":1.0,"key":"SkillPotion"},{"floor":6.0,"key":"LiquidMemories"},{"floor":8.0,"key":"AttackPotion"},{"floor":11.0,"key":"Explosive Potion"},{"floor":16.0,"key":"Energy Potion"},{"floor":18.0,"key":"Energy Potion"},{"floor":20.0,"key":"Weak Potion"},{"floor":31.0,"key":"EssenceOfSteel"},{"floor":34.0,"key":"Energy Potion"}],"is_trial":false,"path_per_floor":["M","?","M","$","?","E","R","E","T","M","M","M","M","E","R","B",null,"M","$","M","?","?","R","E","M","T","T","M","$","R","M","R","B",null,"M","?","T","T","M","E"],"character_chosen":"WATCHER","items_purchased":["ThirdEye","Nirvana","Torii","ThirdEye","Prostrate","Good Instincts"],"campfire_rested":1,"item_purchase_floors":[4,19,19,19,19,29],"current_hp_per_floor":[72,72,72,72,72,72,72,52,52,52,52,52,52,50,50,14,72,45,45,40,36,36,36,31,15,15,22,26,26,38,32,32,29,48,48,48,48,48,25,0,0],"gold":431,"neow_bonus":"THREE_ENEMY_KILL","is_daily":false,"chose_seed":false,"campfire_upgraded":3,"win_rate":0.0,"timestamp":1608104799,"path_taken":["M","?","M","$","?","E","R","E","T","M","M","?","M","E","R","BOSS","M","$","M","?","?","R","E","M","T","?","M","$","R","?","R","BOSS","M","?","?","?","M","E"],"items_purchased_type":["Card","Card","Relic","Card","Card","Card"],"build_version":"2020-12-13","purchased_purges":1,"victory":false,"max_hp_per_floor":[72,72,72,72,72,72,72,72,72,72,72,72,72,72,72,72,72,72,72,72,36,36,36,36,36,36,43,43,43,43,43,43,43,48,48,48,48,48,48,48,48],"card_choices":[{"not_picked":["Meditate","SashWhip"],"picked":"Prostrate","floor":1.0},{"not_picked":["FollowUp","Sanctity"],"picked":"CrushJoints","floor":3.0},{"not_picked":["Crescendo","EmptyFist"],"picked":"Alpha","floor":6.0},{"not_picked":["Vengeance","DeceiveReality"],"picked":"JustLucky","floor":8.0},{"not_picked":["Protect","Vengeance"],"picked":"ThirdEye","floor":10.0},{"not_picked":["Halt","FearNoEvil"],"picked":"ThirdEye","floor":11.0},{"not_picked":["Collect","Sanctity"],"picked":"Perseverance","floor":12.0},{"not_picked":["FearNoEvil","MasterReality","Sanctity"],"picked":"SKIP","floor":13.0},{"not_picked":["CutThroughFate","Crescendo"],"picked":"Evaluate","floor":14.0},{"not_picked":["Blasphemy","DevaForm"],"picked":"Wish","floor":16.0},{"not_picked":["Indignation+1","Tantrum+1","CarveReality"],"picked":"SKIP","floor":18.0},{"not_picked":["ClearTheMind","BattleHymn"],"picked":"EmptyFist","floor":20.0},{"not_picked":["Consecrate","Swivel+1"],"picked":"Study","floor":24.0},{"not_picked":["SandsOfTime","ForeignInfluence","Swivel"],"picked":"SKIP","floor":25.0},{"not_picked":["EmptyFist","FollowUp","ThirdEye"],"picked":"SKIP","floor":28.0},{"not_picked":["Meditate","CrushJoints+1"],"picked":"ClearTheMind+1","floor":31.0},{"not_picked":["Devotion","Omniscience"],"picked":"DevaForm","floor":33.0},{"not_picked":["FlurryOfBlows+1","Establishment"],"picked":"Prostrate+1","floor":35.0},{"not_picked":["Adaptation+1","InnerPeace"],"picked":"Wireheading","floor":39.0}],"player_experience":490433,"relics_obtained":[{"floor":6.0,"key":"Pen Nib"},{"floor":8.0,"key":"Tiny Chest"},{"floor":14.0,"key":"Bird Faced Urn"},{"floor":24.0,"key":"Happy Flower"},{"floor":26.0,"key":"Orichalcum"},{"floor":27.0,"key":"Strawberry"},{"floor":37.0,"key":"Bag of Preparation"},{"floor":38.0,"key":"Singing Bowl"}],"event_choices":[{"damage_healed":0.0,"max_hp_gain":0.0,"max_hp_loss":0.0,"gold_gain":0.0,"event_name":"Living Wall","player_choice":"Grow","floor":2.0,"gold_loss":0.0,"damage_taken":0.0,"cards_upgraded":["Eruption"]},{"cards_removed":["CrushJoints"],"damage_healed":0.0,"max_hp_gain":0.0,"max_hp_loss":0.0,"gold_gain":0.0,"event_name":"WeMeetAgain","player_choice":"Gave Card","floor":5.0,"gold_loss":0.0,"damage_taken":0.0,"relics_obtained":["CeramicFish"]},{"damage_healed":0.0,"max_hp_gain":0.0,"max_hp_loss":36.0,"gold_gain":0.0,"event_name":"Ghosts","player_choice":"Became a Ghost","floor":21.0,"gold_loss":0.0,"damage_taken":0.0,"cards_obtained":["Ghostly","Ghostly","Ghostly","Ghostly","Ghostly"]},{"damage_healed":0.0,"max_hp_gain":0.0,"max_hp_loss":0.0,"gold_gain":0.0,"event_name":"The Library","player_choice":"Read","floor":22.0,"gold_loss":0.0,"damage_taken":0.0,"cards_obtained":["EmptyMind"]},{"damage_healed":0.0,"max_hp_gain":0.0,"max_hp_loss":0.0,"gold_gain":0.0,"event_name":"Tomb of Lord Red Mask","player_choice":"Ignored","floor":36.0,"gold_loss":0.0,"damage_taken":0.0}],"is_beta":false,"boss_relics":[{"not_picked":["Cursed Key","Ectoplasm"],"picked":"Philosopher\u0027s Stone"},{"not_picked":["Velvet Choker","VioletLotus"],"picked":"Tiny House"}],"items_purged_floors":[29],"is_endless":false,"potions_floor_spawned":[1,6,8,11,16,18,20,31],"killed_by":"Nemesis","ascension_level":4}}