{"host":"o3b7ow6d1xe49css","time":1608078992,"event":{"mods":["2.2 Compatiblity","Act Like it!","Aspiration","BaseMod","Bestiary","Better Altar","Better Match","Better Note","Better Sensory Stone","Better Skull","Better Third Choice","Colored Powertips","Conspire","Downfall","Elementarium","Energized Spire","Force Act Four","GifTheSpireLib","Halation","Hermit","Hubris","Infinite Spire","Minty Spire (QoL Compilation)","Quick Restart","Replay The Spire","Spicy Shops","Spikes Relics","StSLib","Stuff the Spire","The Blue Laboratory","The Jungle","Wandering Minibosses","vexMod"],"gold_per_floor":[112,128,139,139,158,190,222,256,282,282,292,324,349,66,66,168,168,183,194,194,214,214,214,214,239,265,292,317,350,362,374,386,398,398],"floor_reached":33,"playtime":1164,"items_purged":["Strike_R","Strike_R"],"score":545,"play_id":"b4233057-da70-48c4-9804-1328b324f904","local_time":"20201215153632","daily_mods":["Heirloom","Flight","Elite Swarm","downfall:Enraging"],"is_ascension_mode":true,"campfire_choices":[{"floor":10,"key":"REST"},{"data":"Fiend Fire","floor":15,"key":"SMITH"},{"floor":23,"key":"RECALL"},{"data":"Brutality","floor":24,"key":"SMITH"},{"data":"Offering","floor":30,"key":"SMITH"},{"data":"Twin Strike","floor":32,"key":"SMITH"}],"circlet_count":0,"master_deck":["Defend_R+1","Defend_R+1","Defend_R+1","Defend_R+1","Bash","Sword Boomerang","Infernal Blade","Flame Barrier","Feed","Immolate","Fiend Fire+1","Twin Strike+1","Offering+1","Reaper","Inflame","Armaments","Brutality+1","Burning Pact+1","Clumsy","infinitespire:Fortify"],"relics":["Burning Blood","Ring of Chaos","hubris:Potato","Nunchaku","Oddly Smooth Stone","Replay:PocketPolymizer","Chameleon Ring","StuffTheSpire:GrapeVine","infinitespire:Burning Sword","aspiration:ChemicalBlood","Replay:Bottled Eggs","ReplayTheSpireMod:Lightbulb","Replay:Mystery Machine","Unceasing Top","MawBank","Tiny Chest"],"acts_visited":["Exordium","TheCity"],"potions_floor_usage":[6,6,7,8,8,8,11,18,19,19,25,28,29,33],"damage_taken":[{"damage":6,"enemies":"2 Louse","floor":1,"turns":3},{"damage":8,"enemies":"Cultist","floor":2,"turns":3},{"damage":18,"enemies":"Jaw Worm","floor":3,"turns":5},{"damage":7,"enemies":"3 Louse","floor":5,"turns":2},{"damage":55,"enemies":"3 Sentries","floor":6,"turns":10},{"damage":20,"enemies":"Lagavulin","floor":7,"turns":6},{"damage":0,"enemies":"3 Sentries","floor":8,"turns":2},{"damage":0,"enemies":"Blue Slaver","floor":11,"turns":1},{"damage":32,"enemies":"Lagavulin","floor":12,"turns":6},{"damage":12,"enemies":"3 Sentries","floor":13,"turns":3},{"damage":0,"enemies":"Slime Boss","floor":16,"turns":5},{"damage":10,"enemies":"Shell Parasite","floor":18,"turns":2},{"damage":20,"enemies":"Chosen","floor":19,"turns":2},{"damage":9,"enemies":"Centurion and Healer","floor":21,"turns":6},{"damage":14,"enemies":"Nightmare","floor":25,"turns":5},{"damage":8,"enemies":"Book of Stabbing","floor":28,"turns":3},{"damage":10,"enemies":"Gremlin Leader","floor":29,"turns":2},{"damage":75,"enemies":"Collector","floor":33,"turns":6}],"seed_played":"7665829757912674771","potions_obtained":[{"floor":3,"key":"ColorlessPotion"},{"floor":5,"key":"BloodPotion"},{"floor":6,"key":"Adrenaline Potion"},{"floor":7,"key":"EntropicBrew"},{"floor":8,"key":"Fire Potion"},{"floor":13,"key":"blueLaboratory:SavagePotion"},{"floor":18,"key":"FearPotion"},{"floor":21,"key":"blueLaboratory:BottleOfRum"}],"is_trial":true,"path_per_floor":["M","M","M","?","M","E","E","E","T","R","M","E","E","$","R","B",null,"M","M","?","M","?","R","R","NM","T","T","E","E","R","AVR","R","B"],"character_chosen":"IRONCLAD","items_purchased":["Inflame","blueLaboratory:FrostheartPotion"],"campfire_rested":1,"item_purchase_floors":[14,14],"current_hp_per_floor":[80,78,66,66,65,32,20,30,30,55,61,35,31,31,31,45,79,75,63,63,62,62,62,62,64,64,64,62,66,66,66,66,0,0],"gold":398,"neow_bonus":"","is_daily":false,"chose_seed":false,"campfire_upgraded":4,"win_rate":0.0,"timestamp":1608078992,"path_taken":["M","M","M","?","M","E","E","E","T","R","?","E","E","$","R","BOSS","M","M","?","?","?","R","R","NM","T","?","E","E","R","AVR","R","BOSS"],"items_purchased_type":["Card","Potion"],"build_version":"2020-12-13","purchased_purges":2,"victory":false,"max_hp_per_floor":[80,80,80,80,80,80,82,86,86,86,86,86,88,88,88,90,90,90,92,92,94,94,94,94,94,94,94,94,96,96,96,96,96,96],"card_choices":[{"not_picked":["ReplayTheSpireMod:Strike From Hell","conspire:Charge","Replay:Undeath\u0027s Touch"],"picked":"SKIP","floor":1},{"not_picked":["Flex","Headbutt"],"picked":"Sword Boomerang","floor":2},{"not_picked":["Life Link","Thunderclap"],"picked":"Infernal Blade","floor":3},{"not_picked":["Invigoration","Run Through"],"picked":"Flame Barrier","floor":5},{"not_picked":["Immolate","Brutality"],"picked":"Feed","floor":6},{"not_picked":["Offering","Corruption"],"picked":"Immolate","floor":7},{"not_picked":["Immolate","conspire:Purge"],"picked":"Fiend Fire","floor":8},{"not_picked":["StuffTheSpire:Incineration","Perfected Strike"],"picked":"Twin Strike","floor":11},{"not_picked":["Bludgeon","Corruption"],"picked":"Offering","floor":12},{"not_picked":["Exhume","Corruption"],"picked":"Reaper","floor":13},{"not_picked":["Impervious","Immolate"],"picked":"Brutality","floor":16},{"not_picked":["Replay:Undeath\u0027s Touch","hubris:ReadiedAction+1"],"picked":"Burning Pact+1","floor":18},{"not_picked":["Sword Boomerang","ReplayTheSpireMod:Corrosion Curse+1","Blood for Blood"],"picked":"SKIP","floor":19},{"not_picked":["True Grit","StuffTheSpire:RockThrow","hubris:SharpeningStone"],"picked":"SKIP","floor":21},{"not_picked":["infinitespire:DeathsTouch","infinitespire:UltimateForm"],"picked":"infinitespire:Fortify","floor":25},{"not_picked":["StuffTheSpire:TitanForm","Corruption","Reaper"],"picked":"SKIP","floor":25},{"not_picked":["StuffTheSpire:TitanForm","Corruption","Reaper"],"picked":"SKIP","floor":25},{"not_picked":["conspire:HitWhereItHurts","Berserk","Corruption"],"picked":"SKIP","floor":28},{"not_picked":["Juggernaut","Berserk","Exhume"],"picked":"SKIP","floor":29}],"player_experience":1714876,"relics_obtained":[{"floor":6,"key":"Nunchaku"},{"floor":7,"key":"Oddly Smooth Stone"},{"floor":8,"key":"Replay:PocketPolymizer"},{"floor":12,"key":"Chameleon Ring"},{"floor":13,"key":"StuffTheSpire:GrapeVine"},{"floor":25,"key":"Replay:Bottled Eggs"},{"floor":26,"key":"ReplayTheSpireMod:Lightbulb"},{"floor":27,"key":"Replay:Mystery Machine"},{"floor":28,"key":"Unceasing Top"},{"floor":29,"key":"MawBank"}],"event_choices":[{"cards_removed":["Strike_R"],"damage_healed":0,"gold_gain":0,"player_choice":"Offered Basic","damage_taken":0,"max_hp_gain":0,"max_hp_loss":0,"event_name":"Bonfire Elementals","floor":4,"gold_loss":0},{"cards_removed":["Strike_R"],"damage_healed":0,"gold_gain":0,"player_choice":"Give","damage_taken":0,"max_hp_gain":0,"max_hp_loss":0,"event_name":"betterNote:BetterNote","floor":20,"gold_loss":0,"cards_obtained":["Strike_R"]}],"is_beta":false,"boss_relics":[{"not_picked":["hubris:Backtick","Ring of Chaos"],"picked":"infinitespire:Burning Sword"}],"items_purged_floors":[14,31],"is_endless":false,"potions_floor_spawned":[3,5,6,7,8,13,18,21],"killed_by":"Collector","ascension_level":5}}