{"host":"y89x8uui45kcjy42","time":1608122374,"event":{"mods":["2.2 Compatiblity","BaseMod","CapriCore","Colored Map","Colored Powertips","Custom Start","Friendly Minions","Highlight Path","Keyboard Shortcuts","Minty Spire (QoL Compilation)","Relic Stats","Slay the Relics Exporter","StSLib","SuperFastMode","The Gatherer","Waifu the Spire"],"gold_per_floor":[113,113,132,151,151,192,192,192,192,192],"floor_reached":8,"playtime":370,"items_purged":[],"score":59,"play_id":"098ac4bf-3aae-42a2-8d61-e64699271a36","local_time":"20201216213934","is_ascension_mode":true,"metric_token":1053,"campfire_choices":[{"data":"Gatherer:HeartToFruit","floor":7,"key":"SMITH"}],"circlet_count":0,"master_deck":["Gatherer:Strike_Gatherer","Gatherer:Strike_Gatherer","Gatherer:Strike_Gatherer","Gatherer:Strike_Gatherer","Gatherer:Defend_Gatherer","Gatherer:Defend_Gatherer","Gatherer:Defend_Gatherer","Gatherer:Defend_Gatherer","Gatherer:Centralize","Gatherer:FlowerWhip","Gatherer:SaveValuables","Gatherer:Photoscythe","Gatherer:ScentOfRosmari","Gatherer:SmartManeuver","Gatherer:FruitForce","Gatherer:HeartToFruit+1"],"relics":["Gatherer:AlchemyBag","Golden Idol","Shuriken"],"acts_visited":["Exordium"],"potions_floor_usage":[8,8],"damage_taken":[{"damage":0,"enemies":"Small Slimes","floor":1,"turns":4},{"damage":0,"enemies":"Cultist","floor":3,"turns":4},{"damage":5,"enemies":"Jaw Worm","floor":4,"turns":6},{"damage":33,"enemies":"Gremlin Nob","floor":6,"turns":6},{"damage":21,"enemies":"Lagavulin","floor":8,"turns":5}],"seed_played":"-7125325137256896748","potions_obtained":[{"floor":1,"key":"PowerPotion"},{"floor":6,"key":"LiquidMemories"}],"is_trial":false,"path_per_floor":["M","?","M","M","?","E","R","E"],"character_chosen":"THE_GATHERER","items_purchased":[],"campfire_rested":0,"item_purchase_floors":[],"current_hp_per_floor":[51,51,51,50,50,17,17,0,0,0],"gold":192,"neow_bonus":"TRANSFORM_TWO_CARDS","is_daily":false,"chose_seed":false,"campfire_upgraded":1,"win_rate":0.0,"timestamp":1608122374,"path_taken":["M","?","M","M","?","E","R","E"],"items_purchased_type":[],"build_version":"2020-12-13","purchased_purges":0,"victory":false,"max_hp_per_floor":[72,67,67,71,71,71,71,71,71,71],"relic_stats":{"counters":[5,25],"Golden Idol":16,"Shuriken":[2],"obtain_stats":[{"Golden Idol":2,"Shuriken":6,"Gatherer:AlchemyBag":0},{"Golden Idol":1,"Shuriken":4,"Gatherer:AlchemyBag":0},{"Golden Idol":4,"Shuriken":20,"Gatherer:AlchemyBag":0}]},"card_choices":[{"not_picked":["Gatherer:WoolGloves","Gatherer:TreeGrowth"],"picked":"Gatherer:ScentOfRosmari","floor":1},{"not_picked":["Gatherer:SaveValuables","Gatherer:TreeGrowth"],"picked":"Gatherer:SmartManeuver","floor":3},{"not_picked":["Gatherer:SaveValuables","Gatherer:GatherMaterial"],"picked":"Gatherer:FruitForce","floor":4},{"not_picked":["Gatherer:RecipeChange","Gatherer:BambuSword"],"picked":"Gatherer:HeartToFruit","floor":6}],"player_experience":505148,"relics_obtained":[{"floor":6,"key":"Shuriken"}],"event_choices":[{"damage_healed":0,"gold_gain":0,"player_choice":"Lose Max HP","damage_taken":0,"relics_obtained":["Golden Idol"],"max_hp_gain":0,"max_hp_loss":5,"event_name":"Golden Idol","floor":2,"gold_loss":0},{"damage_healed":0,"gold_gain":0,"player_choice":"0 cards matched","damage_taken":0,"max_hp_gain":0,"max_hp_loss":0,"event_name":"Match and Keep!","floor":5,"gold_loss":0,"cards_obtained":[]}],"is_beta":false,"boss_relics":[],"items_purged_floors":[],"is_endless":false,"potions_floor_spawned":[1,6],"killed_by":"Lagavulin","ascension_level":1}}