{"host":"0cnf9zf1gia27zti","time":1608080676,"event":{"mods":["BaseMod","BetterRewards","Card Forge","Colored Map","Colored Powertips","Conspire","Downfall","Minty Spire (QoL Compilation)","Practice Mode","Quick Restart","Replay The Spire","Robot Space Explorer","Shade Mod","Spicy Shops","StSLib"],"gold_per_floor":[110,110,110,110,35,52,52,64,64,82,114,114,114,114],"floor_reached":13,"playtime":764,"items_purged":["Defend_G"],"score":137,"play_id":"be154966-b15c-4c7a-a1f8-8e9d7ca49014","local_time":"20201216010436","is_ascension_mode":true,"campfire_choices":[{"floor":7,"key":"REST"}],"circlet_count":0,"master_deck":["AscendersBane","Strike_G","Strike_G","Strike_G","Defend_G","Defend_G+1","Defend_G","Defend_G","Survivor","Neutralize","Blade Dance","Caltrops+1","Cloak And Dagger"],"relics":["Ring of the Snake","Hammer of Thor","Seething Fire","Anvil of the Gods","Gremlin Food","conspire:GlowingRock","Frozen Egg 2","Replay:Arrowhead"],"acts_visited":["Exordium"],"potions_floor_usage":[11],"damage_taken":[{"damage":0,"enemies":"Jaw Worm","floor":1,"turns":4},{"damage":0,"enemies":"Cultist","floor":6,"turns":4},{"damage":0,"enemies":"2 Louse","floor":8,"turns":3},{"damage":3,"enemies":"Looter","floor":10,"turns":4},{"damage":29,"enemies":"3 Sentries","floor":11,"turns":9},{"damage":10,"enemies":"Gremlin Nob","floor":13,"turns":3}],"seed_played":"8408827280698608459","potions_obtained":[{"floor":8,"key":"Dexterity Potion"}],"is_trial":false,"path_per_floor":["M","?","$","?","$","M","R","M","T","M","E","?","E"],"character_chosen":"THE_SILENT","items_purchased":["Gremlin Food","Blade Dance","conspire:GlowingRock","Frozen Egg 2","Caltrops+1"],"campfire_rested":1,"item_purchase_floors":[0,0,0,0,0],"current_hp_per_floor":[31,31,31,31,31,31,52,52,52,49,20,20,10,10],"gold":114,"neow_bonus":"","is_daily":false,"chose_seed":false,"campfire_upgraded":0,"win_rate":0.0,"timestamp":1608080676,"path_taken":["M","?","?","?","$","M","R","M","T","M","E","?","E"],"items_purchased_type":["Relic","Card","Relic","Relic","Card"],"build_version":"2020-12-13","purchased_purges":1,"victory":false,"max_hp_per_floor":[70,70,70,70,70,70,70,70,70,70,70,70,70,70],"card_choices":[{"not_picked":["Hidden Blade","Toxin Wave","Outmaneuver"],"picked":"SKIP","floor":1},{"not_picked":["Deadly Poison","Sucker Punch","Dagger Spray"],"picked":"SKIP","floor":6},{"not_picked":["Dodge and Roll","Grand Finale","Slice"],"picked":"SKIP","floor":8},{"not_picked":["Flechettes","Acrobatics"],"picked":"Cloak And Dagger","floor":10},{"not_picked":["Sucker Punch","Dagger Spray","ReplayTheSpireMod:The Works"],"picked":"SKIP","floor":11}],"player_experience":2068378,"relics_obtained":[{"floor":11,"key":"Replay:Arrowhead"}],"event_choices":[{"cards_removed":["Strike_G"],"damage_healed":0,"gold_gain":0,"player_choice":"Offered Basic","damage_taken":0,"max_hp_gain":0,"max_hp_loss":0,"event_name":"Bonfire Elementals","floor":2,"gold_loss":0},{"cards_removed":["Strike_G"],"damage_healed":0,"gold_gain":0,"player_choice":"Forget","damage_taken":0,"max_hp_gain":0,"max_hp_loss":0,"event_name":"Living Wall","floor":4,"gold_loss":0},{"damage_healed":0,"gold_gain":0,"player_choice":"Leave","damage_taken":0,"max_hp_gain":0,"max_hp_loss":0,"event_name":"conspire:Investor","floor":12,"gold_loss":0}],"is_beta":false,"boss_relics":[],"items_purged_floors":[5],"is_endless":false,"potions_floor_spawned":[8],"killed_by":"Gremlin Nob","ascension_level":13}}