{"host":"y087t2reloz9bi43","time":1608160197,"event":{"mods":["2.2 Compatiblity","AchievementEnabler","Aspiration","BaseMod","Beaked The Cultist","Better Vampires","BetterRewards","Colored Map","Colored Powertips","Conspire","Downfall","Ekko","Fireblade Mod","Friendly Minions","GifTheSpireLib","Halation","Hermit","Hubris","Infinite Spire","Jedi Mod","Mad Scientist","Marisa????????","Mimic Mod","Minty Spire (QoL Compilation)","Permanent Neow","Rare Cards Sparkle","Relic Stats","Replay The Spire","Robot Space Explorer","Shade Mod","Shop Mod","StSLib","The Blackbeard","The Bug Knight","The Construct","The Cursed","The Hierophant","The Jungle","The Necromancer","The Runesmith","The Servant 0.9.4","TheHero","TheVacant","Uncapped","everything is the same but u backflip on backflip","vexMod"],"gold_per_floor":[119,136,153,167,167,179,251,279,279,279,290,290,365,391,391,391,391],"floor_reached":16,"playtime":1316,"items_purged":[],"score":112,"play_id":"47fbca39-a4ee-4f45-86f1-5dca5a1fec50","local_time":"20201216230957","is_ascension_mode":false,"campfire_choices":[{"data":"theVacant:Crunch","floor":10,"key":"SMITH"},{"data":"theVacant:Showdown","floor":12,"key":"SMITH"},{"floor":15,"key":"REST"}],"circlet_count":0,"master_deck":["theVacant:VacantStarterStrike+1","theVacant:VacantStarterStrike","theVacant:VacantStarterStrike","theVacant:VacantStarterStrike","theVacant:VacantStarterDefend","theVacant:VacantStarterDefend","theVacant:VacantStarterDefend","theVacant:VacantStarterDefend","theVacant:Release","theVacant:Crunch+1","Impatience","theVacant:ShutAway","theVacant:GraveDigger","theVacant:GraveDigger+1","theVacant:Whip","theVacant:Whip","theVacant:Enrage","theVacant:Showdown+1","theVacant:Dig"],"relics":["theVacant:BrassGoblet","Smiling Mask","hubris:MysteriousPyramids"],"acts_visited":["Exordium"],"potions_floor_usage":[4,8],"damage_taken":[{"damage":0,"enemies":"Cultist","floor":1,"turns":4},{"damage":0,"enemies":"Small Slimes","floor":2,"turns":3},{"damage":0,"enemies":"Jaw Worm","floor":3,"turns":2},{"damage":5,"enemies":"2 Fungi Beasts","floor":4,"turns":3},{"damage":2,"enemies":"Looter","floor":6,"turns":2},{"damage":9,"enemies":"HollowMod:MossKnight","floor":8,"turns":7},{"damage":6,"enemies":"Red Slaver","floor":11,"turns":3},{"damage":29,"enemies":"Lagavulin","floor":14,"turns":4},{"damage":30,"enemies":"The Guardian","floor":16,"turns":6}],"seed_played":"8305295314910867601","potions_obtained":[{"floor":1,"key":"PowerPotion"},{"floor":4,"key":"SteroidPotion"},{"floor":8,"key":"jedi:wingpotion"}],"is_trial":false,"path_per_floor":["M","M","M","M","?","M","?","E","T","R","M","R","?","E","R","B"],"character_chosen":"THE_VACANT","items_purchased":[],"campfire_rested":1,"item_purchase_floors":[],"current_hp_per_floor":[80,80,80,75,59,57,57,48,48,48,42,42,34,5,29,0,0],"gold":391,"neow_bonus":"RANDOM_COLORLESS","is_daily":false,"chose_seed":false,"campfire_upgraded":2,"win_rate":0.0,"timestamp":1608160197,"path_taken":["M","M","M","?","?","M","?","E","T","R","M","R","?","E","R","BOSS"],"items_purchased_type":[],"build_version":"2020-12-13","purchased_purges":0,"victory":false,"max_hp_per_floor":[80,80,80,80,80,80,80,80,80,80,80,80,80,80,80,80,80],"relic_stats":{"counters":[9,34],"Smiling Mask":0,"obtain_stats":[{"theVacant:BrassGoblet":0,"hubris:MysteriousPyramids":14,"Smiling Mask":8},{"theVacant:BrassGoblet":0,"hubris:MysteriousPyramids":8,"Smiling Mask":6},{"theVacant:BrassGoblet":0,"hubris:MysteriousPyramids":28,"Smiling Mask":21}]},"card_choices":[{"not_picked":["Replay:Sssssssssshield","Survey Options"],"picked":"Impatience","floor":0},{"not_picked":["theVacant:EyePoke","theVacant:Soothe"],"picked":"theVacant:ShutAway","floor":1},{"not_picked":["theVacant:EmptyShield","theVacant:CleanseSoul"],"picked":"theVacant:GraveDigger","floor":2},{"not_picked":["theVacant:Return","theVacant:Fling"],"picked":"theVacant:GraveDigger","floor":3},{"not_picked":["theVacant:Fortify","theVacant:Soothe"],"picked":"theVacant:Whip","floor":4},{"not_picked":["theVacant:Return","theVacant:Fling"],"picked":"theVacant:Whip","floor":6},{"not_picked":["theVacant:Threat","theVacant:Fortify"],"picked":"theVacant:Enrage","floor":8},{"not_picked":["theVacant:GraveDigger","theVacant:Sneeze"],"picked":"theVacant:Showdown","floor":11},{"not_picked":["theVacant:OnSecondThought","theVacant:Enrage"],"picked":"theVacant:Dig","floor":14}],"player_experience":341797,"relics_obtained":[{"floor":8,"key":"Smiling Mask"},{"floor":14,"key":"hubris:MysteriousPyramids"}],"event_choices":[{"damage_healed":0,"gold_gain":0,"player_choice":"Entered Light","damage_taken":16,"max_hp_gain":0,"max_hp_loss":0,"event_name":"Shining Light","floor":5,"gold_loss":0,"cards_upgraded":["theVacant:GraveDigger","theVacant:VacantStarterStrike"]},{"damage_healed":0,"gold_gain":72,"player_choice":"Gained Gold","damage_taken":0,"max_hp_gain":0,"max_hp_loss":0,"event_name":"Golden Wing","floor":7,"gold_loss":0},{"damage_healed":0,"gold_gain":75,"player_choice":"Touch","damage_taken":8,"max_hp_gain":0,"max_hp_loss":0,"event_name":"FaceTrader","floor":13,"gold_loss":0}],"is_beta":false,"boss_relics":[],"items_purged_floors":[],"is_endless":false,"potions_floor_spawned":[1,4,8],"killed_by":"The Guardian","ascension_level":0}}