{"host":"do5be0rrwzdbe7ng","time":1608121533,"event":{"mods":["AchievementEnabler","BaseMod","Colored Map","Colored Powertips","Custom Start","DeckTracker","Keyboard Shortcuts","Minty Spire (QoL Compilation)","Quick Restart","StSLib","SuperFastMode","everything is the same but u backflip on backflip"],"gold_per_floor":[114,39,39,114,133,162,180,180,180,214,225,225,225,235,235,306,306,321,321,40,54,54,54,54,68,141,153,166,184,184,184,184],"floor_reached":31,"playtime":707,"items_purged":["Strike_B"],"score":517,"play_id":"480fc2d5-46de-4b16-a37e-80aa935b131a","local_time":"20201216212533","is_ascension_mode":true,"campfire_choices":[{"data":"Streamline","floor":8.0,"key":"SMITH"},{"data":"Go for the Eyes","floor":12.0,"key":"SMITH"},{"data":"Zap","floor":15.0,"key":"SMITH"},{"data":"Biased Cognition","floor":23,"key":"SMITH"},{"data":"Turbo","floor":30,"key":"SMITH"}],"circlet_count":0,"master_deck":["AscendersBane","Defend_B","Defend_B","Defend_B","Zap+1","Dualcast","Ball Lightning","Go for the Eyes+1","Streamline+1","Cold Snap","Coolheaded","Undo","Echo Form","Biased Cognition+1","Flash of Steel","Turbo+1"],"relics":["Cracked Core","NeowsBlessing","TungstenRod","Mercury Hourglass","Oddly Smooth Stone","Empty Cage","Bottled Flame"],"acts_visited":["Exordium","TheCity"],"potions_floor_usage":[21,29],"damage_taken":[{"damage":0.0,"enemies":"Small Slimes","floor":1.0,"turns":1.0},{"damage":0.0,"enemies":"Jaw Worm","floor":5.0,"turns":1.0},{"damage":0.0,"enemies":"3 Sentries","floor":6.0,"turns":1.0},{"damage":0.0,"enemies":"2 Louse","floor":7.0,"turns":2.0},{"damage":16.0,"enemies":"Lagavulin","floor":10.0,"turns":4.0},{"damage":0.0,"enemies":"2 Fungi Beasts","floor":11.0,"turns":2.0},{"damage":0.0,"enemies":"Looter","floor":14.0,"turns":2.0},{"damage":16.0,"enemies":"Hexaghost","floor":16.0,"turns":10.0},{"damage":0.0,"enemies":"Spheric Guardian","floor":18.0,"turns":3.0},{"damage":3,"enemies":"3 Byrds","floor":21,"turns":4},{"damage":6,"enemies":"3 Cultists","floor":25,"turns":5},{"damage":9,"enemies":"Snake Plant","floor":27,"turns":4},{"damage":0,"enemies":"Centurion and Healer","floor":28,"turns":7},{"damage":18,"enemies":"Shelled Parasite and Fungi","floor":29,"turns":4},{"damage":30,"enemies":"Gremlin Leader","floor":31,"turns":2}],"seed_played":"1673293209840700078","potions_obtained":[{"floor":1.0,"key":"ColorlessPotion"},{"floor":6.0,"key":"Block Potion"},{"floor":10.0,"key":"Fire Potion"},{"floor":16.0,"key":"Block Potion"},{"floor":18.0,"key":"Ancient Potion"},{"floor":25,"key":"Fire Potion"},{"floor":28,"key":"DuplicationPotion"}],"is_trial":false,"path_per_floor":["M","$","?","?","M","E","M","R","T","E","M","R","?","M","R","B",null,"M","?","$","M","?","R","?","M","T","M","M","M","R","E"],"character_chosen":"DEFECT","items_purchased":["Biased Cognition","Flash of Steel"],"campfire_rested":0,"item_purchase_floors":[20,20],"current_hp_per_floor":[64,64,69,58,58,58,58,58,58,42,42,42,36,36,36,20,62,62,62,62,59,59,59,59,53,53,44,44,26,26,0,0],"gold":184,"neow_bonus":"THREE_ENEMY_KILL","is_daily":false,"chose_seed":false,"campfire_upgraded":5,"win_rate":0.0,"timestamp":1608121533,"path_taken":["M","$","?","?","M","E","M","R","T","E","M","R","?","M","R","BOSS","M","?","$","M","?","R","?","M","T","M","M","?","R","E"],"items_purchased_type":["Card","Card"],"build_version":"2020-12-13","purchased_purges":1,"victory":false,"max_hp_per_floor":[71,71,76,76,76,76,76,76,76,76,76,76,76,76,76,76,76,76,76,76,76,76,76,76,76,76,76,76,76,76,76,76],"card_choices":[{"not_picked":["Chill","Reprogram"],"picked":"Ball Lightning","floor":1.0},{"not_picked":["Rebound","Leap"],"picked":"Go for the Eyes","floor":5.0},{"not_picked":["Barrage","Force Field"],"picked":"Streamline","floor":6.0},{"not_picked":["Hyperbeam","Leap"],"picked":"Cold Snap","floor":7.0},{"not_picked":["Hello World","Consume","Reprogram"],"picked":"SKIP","floor":10.0},{"not_picked":["Sweeping Beam","Streamline"],"picked":"Coolheaded","floor":11.0},{"not_picked":["Rebound","Beam Cell"],"picked":"Undo","floor":14.0},{"not_picked":["Biased Cognition","Amplify"],"picked":"Echo Form","floor":16.0},{"not_picked":["Streamline","Steam","Melter"],"picked":"SKIP","floor":18.0},{"not_picked":["Doom and Gloom","Go for the Eyes","Conserve Battery"],"picked":"SKIP","floor":21},{"not_picked":["Go for the Eyes","Melter"],"picked":"Turbo","floor":25},{"not_picked":["Steam Power","Conserve Battery","Barrage"],"picked":"SKIP","floor":27},{"not_picked":["Conserve Battery","Steam","Rip and Tear"],"picked":"SKIP","floor":28},{"not_picked":["Hologram","Rebound","Leap"],"picked":"SKIP","floor":29}],"player_experience":343036,"relics_obtained":[{"floor":6.0,"key":"TungstenRod"},{"floor":9.0,"key":"Mercury Hourglass"},{"floor":10.0,"key":"Oddly Smooth Stone"},{"floor":26,"key":"Bottled Flame"}],"event_choices":[{"damage_healed":0.0,"max_hp_gain":5.0,"max_hp_loss":0.0,"gold_gain":0.0,"event_name":"Big Fish","player_choice":"Donut","floor":3.0,"gold_loss":0.0,"damage_taken":0.0},{"damage_healed":0.0,"max_hp_gain":0.0,"max_hp_loss":0.0,"gold_gain":75.0,"event_name":"World of Goop","player_choice":"Gather Gold","floor":4.0,"gold_loss":0.0,"damage_taken":11.0},{"cards_removed":["Strike_B"],"damage_healed":0.0,"max_hp_gain":0.0,"max_hp_loss":0.0,"gold_gain":0.0,"event_name":"Golden Wing","player_choice":"Card Removal","floor":13.0,"gold_loss":0.0,"damage_taken":7.0},{"damage_healed":0,"gold_gain":0,"player_choice":"Ignored","damage_taken":0,"max_hp_gain":0,"max_hp_loss":0,"event_name":"Cursed Tome","floor":19,"gold_loss":0},{"cards_removed":["Defend_B"],"damage_healed":0,"gold_gain":0,"player_choice":"Elegance","damage_taken":0,"max_hp_gain":0,"max_hp_loss":0,"event_name":"Back to Basics","floor":22,"gold_loss":0},{"damage_healed":0,"gold_gain":0,"player_choice":"Ignored","damage_taken":0,"max_hp_gain":0,"max_hp_loss":0,"event_name":"Vampires","floor":24,"gold_loss":0}],"is_beta":false,"boss_relics":[{"not_picked":["Pandora\u0027s Box","Fusion Hammer"],"picked":"Empty Cage"}],"items_purged_floors":[2],"is_endless":false,"potions_floor_spawned":[1,6,10,16,18,25,28],"killed_by":"Gremlin Leader","ascension_level":18}}