{"host":"fdq5pmhluajjrf8d","time":1608139592,"event":{"mods":["BaseMod","Minty Spire (QoL Compilation)"],"gold_per_floor":[113,1,276,293,304,304,316,28,52,72,82,82,102,113,113,113,113],"floor_reached":16,"playtime":703,"items_purged":["Decay","Regret"],"score":187,"play_id":"1cf8b5e7-c039-4402-b2e2-5c91f8d1707a","local_time":"20201216122632","is_ascension_mode":true,"campfire_choices":[{"data":"Zap","floor":6,"key":"SMITH"},{"data":"Sadistic Nature","floor":15,"key":"SMITH"}],"circlet_count":0,"master_deck":["AscendersBane","Strike_B","Strike_B","Strike_B","Strike_B","Defend_B","Defend_B","Defend_B","Defend_B","Zap+1","Dualcast","Beam Cell","Scrape","Genetic Algorithm","Conserve Battery","Beam Cell","Sadistic Nature+1","Steam","Parasite","Multi-Cast","Go for the Eyes"],"relics":["Cracked Core","Unceasing Top","Bag of Marbles"],"acts_visited":["Exordium"],"potions_floor_usage":[11,16,16],"damage_taken":[{"damage":5,"enemies":"Cultist","floor":1,"turns":4},{"damage":7,"enemies":"Small Slimes","floor":4,"turns":3},{"damage":3,"enemies":"2 Louse","floor":5,"turns":3},{"damage":18,"enemies":"Lots of Slimes","floor":7,"turns":4},{"damage":3,"enemies":"Large Slime","floor":10,"turns":4},{"damage":7,"enemies":"Exordium Wildlife","floor":11,"turns":3},{"damage":3,"enemies":"Blue Slaver","floor":13,"turns":4},{"damage":1,"enemies":"Looter","floor":14,"turns":3},{"damage":35,"enemies":"Hexaghost","floor":16,"turns":9}],"seed_played":"-6531729438727980551","potions_obtained":[{"floor":1,"key":"SkillPotion"},{"floor":7,"key":"ColorlessPotion"},{"floor":11,"key":"ColorlessPotion"}],"is_trial":false,"path_per_floor":["M","$","?","M","M","R","M","$","T","M","M","?","M","M","R","B"],"character_chosen":"DEFECT","items_purchased":["Scrape","Sadistic Nature"],"campfire_rested":0,"item_purchase_floors":[2,8],"current_hp_per_floor":[59,59,59,52,49,49,31,31,31,28,21,38,35,34,34,0,0],"gold":113,"neow_bonus":"ONE_RARE_RELIC","is_daily":false,"chose_seed":false,"campfire_upgraded":2,"win_rate":0.0,"timestamp":1608139592,"path_taken":["M","$","?","M","M","R","M","$","T","M","?","?","M","M","R","BOSS"],"items_purchased_type":["Card","Card"],"build_version":"2020-12-13","purchased_purges":2,"victory":false,"max_hp_per_floor":[71,71,71,71,71,71,71,71,71,71,71,71,71,71,71,71,71],"card_choices":[{"not_picked":["Turbo","Streamline"],"picked":"Beam Cell","floor":1},{"not_picked":["Chaos","BootSequence"],"picked":"Genetic Algorithm","floor":4},{"not_picked":["Steam Power","Blizzard"],"picked":"Conserve Battery","floor":5},{"not_picked":["Ball Lightning","Scrape"],"picked":"Beam Cell","floor":7},{"not_picked":["Coolheaded","Hello World","Turbo"],"picked":"SKIP","floor":10},{"not_picked":["Rebound","Hello World"],"picked":"Steam","floor":11},{"not_picked":["Steam","Steam Power"],"picked":"Multi-Cast","floor":13},{"not_picked":["Steam","Coolheaded"],"picked":"Go for the Eyes","floor":14}],"player_experience":1869374,"relics_obtained":[{"floor":9,"key":"Bag of Marbles"}],"event_choices":[{"damage_healed":0,"gold_gain":275,"player_choice":"Desecrate","damage_taken":0,"max_hp_gain":0,"max_hp_loss":0,"event_name":"Golden Shrine","floor":3,"gold_loss":0,"cards_obtained":["Regret"]},{"damage_healed":17,"gold_gain":0,"player_choice":"Healed and dodged fight","damage_taken":0,"max_hp_gain":0,"max_hp_loss":0,"event_name":"Mushrooms","floor":12,"gold_loss":0,"cards_obtained":["Parasite"]}],"is_beta":false,"boss_relics":[],"items_purged_floors":[2,8],"is_endless":false,"potions_floor_spawned":[1,7,10,11],"killed_by":"Hexaghost","ascension_level":19}}