{"host":"e0kes70z4atl8xdk","time":1608115032,"event":{"mods":["BaseMod","Colored Map","Colored Powertips","Minty Spire (QoL Compilation)","Rare Cards Sparkle","Relic Stats"],"gold_per_floor":[113,126,145,155,155,155,174,174,174,174,207,207,84,100,100,195,195,205,219,71,91,91,117,117,117,170,189,189,223,223,24,24,129,129,148,0,0,19,19,51,124,140,189,219,237,11,11,27,27,27],"floor_reached":51,"playtime":4033,"items_purged":["Strike_R","Strike_R","Strike_R"],"score":904,"play_id":"ddc97285-0b3d-4538-9e40-b86133e92801","local_time":"20201216113712","is_ascension_mode":true,"campfire_choices":[{"data":"Shockwave","floor":6.0,"key":"SMITH"},{"data":"Twin Strike","floor":8.0,"key":"SMITH"},{"floor":10.0,"key":"REST"},{"data":"Spot Weakness","floor":12.0,"key":"SMITH"},{"data":"Headbutt","floor":15.0,"key":"SMITH"},{"floor":24.0,"key":"REST"},{"data":"Limit Break","floor":28.0,"key":"SMITH"},{"data":"Demon Form","floor":30.0,"key":"SMITH"},{"floor":32.0,"key":"REST"},{"data":"Madness","floor":47.0,"key":"SMITH"},{"data":"Double Tap","floor":49.0,"key":"SMITH"}],"circlet_count":0,"master_deck":["Strike_R","Strike_R+1","Defend_R","Defend_R","Defend_R","Defend_R","Bash","Anger+1","Twin Strike+1","Shockwave+1","Headbutt+1","Spot Weakness+1","Immolate","Whirlwind","Heavy Blade","Anger+1","Demon Form+1","Limit Break+1","Reaper","Shrug It Off","Double Tap+1","Madness+1","True Grit+1","Parasite","Battle Trance+1"],"relics":["Burning Blood","Lantern","Juzu Bracelet","Mark of Pain","Bag of Preparation","Mummified Hand","Regal Pillow","Ice Cream","Runic Pyramid","Red Mask","Question Card","White Beast Statue","Happy Flower","Toxic Egg 2"],"acts_visited":["Exordium","TheCity","TheBeyond"],"potions_floor_usage":[50,50],"damage_taken":[{"damage":1.0,"enemies":"Cultist","floor":1.0,"turns":3.0},{"damage":5.0,"enemies":"Small Slimes","floor":2.0,"turns":3.0},{"damage":2.0,"enemies":"Jaw Worm","floor":3.0,"turns":3.0},{"damage":12.0,"enemies":"Looter","floor":4.0,"turns":3.0},{"damage":20.0,"enemies":"Large Slime","floor":7.0,"turns":7.0},{"damage":17.0,"enemies":"Gremlin Nob","floor":11.0,"turns":4.0},{"damage":5.0,"enemies":"Red Slaver","floor":14.0,"turns":2.0},{"damage":43.0,"enemies":"Hexaghost","floor":16.0,"turns":5.0},{"damage":7.0,"enemies":"3 Byrds","floor":18.0,"turns":4.0},{"damage":6.0,"enemies":"2 Thieves","floor":19.0,"turns":4.0},{"damage":14.0,"enemies":"Centurion and Healer","floor":21.0,"turns":3.0},{"damage":20.0,"enemies":"Book of Stabbing","floor":23.0,"turns":3.0},{"damage":13.0,"enemies":"Snecko","floor":27.0,"turns":3.0},{"damage":21.0,"enemies":"Gremlin Leader","floor":29.0,"turns":3.0},{"damage":34.0,"enemies":"Champ","floor":33.0,"turns":7.0},{"damage":16.0,"enemies":"3 Darklings","floor":35.0,"turns":3.0},{"damage":16.0,"enemies":"3 Shapes","floor":38.0,"turns":3.0},{"damage":22.0,"enemies":"Reptomancer","floor":40.0,"turns":5.0},{"damage":4.0,"enemies":"Jaw Worm Horde","floor":42.0,"turns":2.0},{"damage":3.0,"enemies":"Nemesis","floor":44.0,"turns":3.0},{"damage":28.0,"enemies":"Writhing Mass","floor":45.0,"turns":4.0},{"damage":0.0,"enemies":"Transient","floor":48.0,"turns":5.0},{"damage":51,"enemies":"Donu and Deca","floor":50,"turns":5}],"seed_played":"7772417023864999114","potions_obtained":[{"floor":1.0,"key":"Ancient Potion"},{"floor":3.0,"key":"FearPotion"},{"floor":14.0,"key":"GamblersBrew"},{"floor":19.0,"key":"SpeedPotion"},{"floor":21.0,"key":"Fruit Juice"},{"floor":29.0,"key":"HeartOfIron"},{"floor":33.0,"key":"Strength Potion"},{"floor":40.0,"key":"ColorlessPotion"},{"floor":42.0,"key":"LiquidBronze"},{"floor":44.0,"key":"Strength Potion"},{"floor":45.0,"key":"Explosive Potion"},{"floor":48.0,"key":"Block Potion"}],"is_trial":false,"path_per_floor":["M","M","M","M","?","R","M","R","T","R","E","R","$","M","R","B",null,"M","M","$","M","?","E","R","?","T","M","R","E","R","$","R","B",null,"M","?","?","M","?","E","T","M","T","E","M","$","R","M","R","B",null],"character_chosen":"IRONCLAD","items_purchased":["Swift Potion","Bag of Preparation","Shrug It Off","Explosive Potion","CultistPotion"],"campfire_rested":3,"item_purchase_floors":[13,20,31,31,46],"current_hp_per_floor":[85,86,88,82,64,64,50,50,50,76,65,65,65,66,66,29,73,72,72,72,64,64,55,82,82,82,75,75,60,60,60,93,65,86,93,93,81,74,74,84,84,86,86,89,67,67,67,93,93,70],"gold":27,"neow_bonus":"TEN_PERCENT_HP_BONUS","is_daily":false,"chose_seed":false,"campfire_upgraded":8,"win_rate":0.0,"timestamp":1608115032,"path_taken":["M","M","M","M","?","R","M","R","T","R","E","R","$","M","R","BOSS","M","M","$","M","?","E","R","?","T","M","R","E","R","$","R","BOSS","M","?","?","M","?","E","?","M","T","E","M","$","R","M","R","BOSS"],"items_purchased_type":["Potion","Relic","Card","Potion","Potion"],"build_version":"2020-12-13","purchased_purges":3,"victory":true,"max_hp_per_floor":[88,88,88,88,88,88,88,88,88,88,88,88,88,88,88,88,88,88,88,88,88,88,93,93,93,93,93,93,93,93,93,93,93,93,93,93,93,93,93,93,93,93,93,93,93,93,93,93,93,93],"relic_stats":{"Regal Pillow":6,"Happy Flower":[5],"counters":[23,87],"Mummified Hand":[8],"Juzu Bracelet":0,"Bag of Preparation":[26],"Question Card":4,"obtain_stats":[{"Ice Cream":29,"Lantern":9,"Regal Pillow":26,"Happy Flower":43,"Juzu Bracelet":11,"Bag of Preparation":20,"Question Card":40,"Burning Blood":0,"White Beast Statue":41,"Mummified Hand":23,"Mark of Pain":17,"Red Mask":36,"Toxic Egg 2":44,"Runic Pyramid":34},{"Ice Cream":14,"Lantern":5,"Regal Pillow":12,"Happy Flower":19,"Juzu Bracelet":6,"Bag of Preparation":10,"Question Card":18,"Burning Blood":0,"White Beast Statue":18,"Mummified Hand":12,"Mark of Pain":8,"Red Mask":16,"Toxic Egg 2":20,"Runic Pyramid":15},{"Ice Cream":50,"Lantern":19,"Regal Pillow":44,"Happy Flower":70,"Juzu Bracelet":23,"Bag of Preparation":38,"Question Card":68,"Burning Blood":0,"White Beast Statue":68,"Mummified Hand":44,"Mark of Pain":30,"Red Mask":60,"Toxic Egg 2":73,"Runic Pyramid":57}],"Burning Blood":124},"card_choices":[{"not_picked":["Infernal Blade","Warcry","Rupture"],"picked":"SKIP","floor":1.0},{"not_picked":["Havoc","Cleave"],"picked":"Anger","floor":2.0},{"not_picked":["Infernal Blade","Feel No Pain"],"picked":"Twin Strike","floor":3.0},{"not_picked":["Pommel Strike","Rampage"],"picked":"Shockwave","floor":4.0},{"not_picked":["Ghostly Armor","Rupture"],"picked":"Headbutt","floor":7.0},{"not_picked":["Iron Wave","Sever Soul"],"picked":"Spot Weakness","floor":11.0},{"not_picked":["Clash","Iron Wave","Anger"],"picked":"SKIP","floor":14.0},{"not_picked":["Impervious","Offering"],"picked":"Immolate","floor":16.0},{"not_picked":["Clothesline","Reckless Charge+1"],"picked":"Whirlwind","floor":18.0},{"not_picked":["Dropkick","Perfected Strike"],"picked":"Heavy Blade","floor":19.0},{"not_picked":["Uppercut+1","Rupture"],"picked":"Anger+1","floor":21.0},{"not_picked":["Heavy Blade","Wild Strike","Second Wind"],"picked":"SKIP","floor":23.0},{"not_picked":["Perfected Strike+1","True Grit+1"],"picked":"Limit Break","floor":27.0},{"not_picked":["Sword Boomerang","Cleave"],"picked":"Reaper","floor":29.0},{"not_picked":["Demon Form","Exhume"],"picked":"Double Tap","floor":33.0},{"not_picked":["Cleave","Clothesline+1","Power Through+1"],"picked":"SKIP","floor":35.0},{"not_picked":["Twin Strike+1","Body Slam","Pommel Strike+1"],"picked":"SKIP","floor":38.0},{"not_picked":["Warcry+1","Clothesline+1","Seeing Red"],"picked":"SKIP","floor":40.0},{"not_picked":["Clash+1","Rage+1","Sever Soul+1","Dark Embrace+1"],"picked":"SKIP","floor":42.0},{"not_picked":["Cleave+1","Burning Pact+1","Feel No Pain+1"],"picked":"True Grit+1","floor":44.0},{"not_picked":["Pummel","Shrug It Off+1","Burning Pact+1","Cleave+1"],"picked":"SKIP","floor":45.0},{"not_picked":["Wild Strike+1","Spot Weakness+1","Shrug It Off+1"],"picked":"Battle Trance+1","floor":48.0}],"player_experience":193804,"relics_obtained":[{"floor":9.0,"key":"Lantern"},{"floor":11.0,"key":"Juzu Bracelet"},{"floor":23.0,"key":"Mummified Hand"},{"floor":26.0,"key":"Regal Pillow"},{"floor":29.0,"key":"Ice Cream"},{"floor":40.0,"key":"Question Card"},{"floor":41.0,"key":"White Beast Statue"},{"floor":43.0,"key":"Happy Flower"},{"floor":44.0,"key":"Toxic Egg 2"}],"event_choices":[{"damage_healed":0.0,"max_hp_gain":0.0,"max_hp_loss":0.0,"gold_gain":0.0,"event_name":"Shining Light","player_choice":"Entered Light","floor":5.0,"gold_loss":0.0,"damage_taken":18.0,"cards_upgraded":["Strike_R","Anger"]},{"damage_healed":0.0,"max_hp_gain":0.0,"max_hp_loss":0.0,"gold_gain":0.0,"event_name":"The Mausoleum","player_choice":"Ignored","floor":22.0,"gold_loss":0.0,"damage_taken":0.0},{"damage_healed":0.0,"max_hp_gain":0.0,"max_hp_loss":0.0,"gold_gain":0.0,"event_name":"The Library","player_choice":"Read","floor":25.0,"gold_loss":0.0,"damage_taken":0.0,"cards_obtained":["Demon Form"]},{"damage_healed":0.0,"max_hp_gain":0.0,"max_hp_loss":0.0,"gold_gain":0.0,"event_name":"Tomb of Lord Red Mask","player_choice":"Paid","floor":36.0,"gold_loss":148.0,"damage_taken":0.0,"relics_obtained":["Red Mask"]},{"damage_healed":0.0,"max_hp_gain":0.0,"max_hp_loss":0.0,"gold_gain":0.0,"event_name":"Winding Halls","player_choice":"Embrace Madness","floor":37.0,"gold_loss":0.0,"damage_taken":12.0,"cards_obtained":["Madness","Madness"]},{"cards_removed":["Madness"],"damage_healed":0.0,"max_hp_gain":0.0,"max_hp_loss":0.0,"gold_gain":0.0,"event_name":"Falling","player_choice":"Removed Skill","floor":39.0,"gold_loss":0.0,"damage_taken":0.0}],"is_beta":false,"boss_relics":[{"not_picked":["Ectoplasm","Fusion Hammer"],"picked":"Mark of Pain"},{"not_picked":["Sozu","Tiny House"],"picked":"Runic Pyramid"}],"items_purged_floors":[13,31,46],"is_endless":false,"potions_floor_spawned":[1,3,14,19,21,29,33,40,42,44,45,48],"ascension_level":6}}