{"host":"4a0j9lay3ec96yoz","time":1608148865,"event":{"mods":["BaseMod","Minty Spire (QoL Compilation)","Shop Mod","The Servant 0.9.4"],"gold_per_floor":[113,40,16,32,32,32,32,32,32,42,42,59,78,96,96,200,200,215,215,0,0,0,16,16,16,16,16,16,33,33,43,43,43,43],"floor_reached":33,"playtime":2882,"items_purged":[],"score":235,"play_id":"dddf9c37-6a30-4c36-a054-4ddcd1b14134","local_time":"20201216150105","is_ascension_mode":false,"campfire_choices":[{"data":"SilverBlades","floor":6,"key":"SMITH"},{"data":"Ricochet","floor":8,"key":"SMITH"},{"floor":15,"key":"REST"},{"floor":24,"key":"REST"},{"data":"ForgedInTime","floor":28,"key":"SMITH"},{"floor":32,"key":"REST"}],"circlet_count":0,"master_deck":["Strike_S+1","Strike_S+1","Strike_S+1","Strike_S+1","Defend_S+1","Defend_S+1","Defend_S+1","Defend_S+1","KidneyShot","Exchange","Alleviate","Rearm","Spin","Ricochet+1","SilverBlades+1","GearUp","ForgedInTime+1","Gouge+1","KillingDoll+1","DualDimension+1","DoubleEdge+1","Sabotage","Initiator","Writhe","Barrier","Potential","Duplication"],"relics":["Uniform","Shuriken","Astrolabe","Mango","Nilry\u0027s Codex","Happy Flower"],"acts_visited":["Exordium","TheCity"],"potions_floor_usage":[16,16,16,33,33],"damage_taken":[{"damage":0,"enemies":"Cultist","floor":1,"turns":5},{"damage":9,"enemies":"Jaw Worm","floor":4,"turns":6},{"damage":0,"enemies":"2 Louse","floor":10,"turns":2},{"damage":12,"enemies":"Large Slime","floor":12,"turns":6},{"damage":17,"enemies":"Looter","floor":13,"turns":4},{"damage":0,"enemies":"3 Louse","floor":14,"turns":2},{"damage":61,"enemies":"The Guardian","floor":16,"turns":12},{"damage":19,"enemies":"Shell Parasite","floor":18,"turns":5},{"damage":14,"enemies":"2 Thieves","floor":23,"turns":4},{"damage":13,"enemies":"Snake Plant","floor":29,"turns":3},{"damage":6,"enemies":"3 Cultists","floor":31,"turns":5},{"damage":66,"enemies":"Champ","floor":33,"turns":11}],"seed_played":"-6833765170932987445","potions_obtained":[{"floor":12,"key":"Explosive Potion"},{"floor":13,"key":"SneckoOil"},{"floor":14,"key":"Weak Potion"},{"floor":16,"key":"ColorlessPotion"},{"floor":23,"key":"ColorlessPotion"}],"is_trial":false,"path_per_floor":["M","$","$","M","$","R","?","R","T","M","?","M","M","M","R","B",null,"M","?","$","?","?","M","R","$","T","$","R","M","$","M","R","B"],"character_chosen":"THE_SERVANT","items_purchased":["Rearm","Spin","Ricochet","Sabotage","Initiator"],"campfire_rested":3,"item_purchase_floors":[2,2,3,20,20],"current_hp_per_floor":[65,65,65,56,56,56,56,56,56,56,56,52,43,43,62,9,65,46,46,46,60,44,30,53,53,53,53,53,40,40,34,57,0,0],"gold":43,"neow_bonus":"","is_daily":false,"chose_seed":false,"campfire_upgraded":3,"win_rate":0.0,"timestamp":1608148865,"path_taken":["M","?","$","M","$","R","?","R","T","?","?","M","M","M","R","BOSS","M","?","$","?","?","M","R","?","T","$","R","M","$","M","R","BOSS"],"items_purchased_type":["Card","Card","Card","Card","Card"],"build_version":"2020-12-13","purchased_purges":0,"victory":false,"max_hp_per_floor":[65,65,65,65,65,65,65,65,65,65,65,65,65,65,65,65,65,65,65,65,79,79,79,79,79,79,79,79,79,79,79,79,79,79],"card_choices":[{"not_picked":["Revamp","FastForward"],"picked":"Alleviate","floor":1},{"not_picked":["Foresight","Rearm"],"picked":"SilverBlades","floor":4},{"not_picked":["Foresight","Rewind"],"picked":"SpecialFormula","floor":10},{"not_picked":["Misdirection","TimeWarp"],"picked":"GearUp","floor":12},{"not_picked":["TheWorld","FastForward"],"picked":"FanOfKnives","floor":13},{"not_picked":["FanOfKnives","Alleviate"],"picked":"BestPractice","floor":14},{"not_picked":["TheWorld","Deny"],"picked":"ForgedInTime","floor":16},{"not_picked":["Spin","Rearm"],"picked":"DoubleEdge+1","floor":18},{"not_picked":["Gouge+1","Starlight"],"picked":"Barrier","floor":23},{"not_picked":["Starlight","Rearm+1"],"picked":"Potential","floor":29},{"not_picked":["Gouge","Rewind+1"],"picked":"Duplication","floor":31}],"player_experience":0,"relics_obtained":[{"floor":9,"key":"Shuriken"},{"floor":22,"key":"Nilry\u0027s Codex"},{"floor":26,"key":"Happy Flower"}],"event_choices":[{"damage_healed":0,"gold_gain":0,"player_choice":"Ignored","damage_taken":0,"max_hp_gain":0,"max_hp_loss":0,"event_name":"WeMeetAgain","floor":7,"gold_loss":0},{"damage_healed":0,"gold_gain":0,"player_choice":"Grow","damage_taken":0,"max_hp_gain":0,"max_hp_loss":0,"event_name":"Living Wall","floor":11,"gold_loss":0,"cards_upgraded":["SpecialFormula"]},{"damage_healed":0,"gold_gain":0,"player_choice":"Simplicity","damage_taken":0,"max_hp_gain":0,"max_hp_loss":0,"event_name":"Back to Basics","floor":19,"gold_loss":0,"cards_upgraded":["Strike_S","Strike_S","Strike_S","Strike_S","Defend_S","Defend_S","Defend_S","Defend_S"]},{"damage_healed":0,"gold_gain":0,"player_choice":"Opened","damage_taken":0,"relics_obtained":["Mango"],"max_hp_gain":0,"max_hp_loss":0,"event_name":"The Mausoleum","floor":21,"gold_loss":0,"cards_obtained":["Writhe"]},{"damage_healed":0,"gold_gain":0,"player_choice":"Obtained Book","damage_taken":16,"max_hp_gain":0,"max_hp_loss":0,"event_name":"Cursed Tome","floor":22,"gold_loss":0}],"is_beta":false,"boss_relics":[{"not_picked":["Tiny House","SacredBark"],"picked":"Astrolabe"}],"items_purged_floors":[],"is_endless":false,"potions_floor_spawned":[12,13,14,16,23],"killed_by":"Champ","ascension_level":0}}