{"host":"rqd50iigewdjy74u","time":1608137779,"event":{"mods":["AchievementEnabler","BaseMod","BetterRewards","Custom Start","Minty Spire (QoL Compilation)","StSLib"],"gold_per_floor":[110,110,75,89,102,102,132,132,132,148,148,172,215,16,16,144,144,169,188,204,220,220,263,286,286,286,286,41,59,59,72,72,202,202,227,227,53,118,118,157,157,197,220,235,249,249,68,68,68,68,68],"floor_reached":50,"playtime":2575,"items_purged":[],"score":582,"play_id":"044e3f30-647d-4217-9e04-eca8605f2e7d","local_time":"20201216105619","is_ascension_mode":true,"campfire_choices":[{"data":"Sunder","floor":6,"key":"SMITH"},{"data":"Sunder","floor":11,"key":"SMITH"},{"floor":15,"key":"REST"},{"floor":25,"key":"REST"},{"floor":27,"key":"REST"},{"data":"Echo Form","floor":30,"key":"SMITH"},{"data":"Double Energy","floor":32,"key":"SMITH"},{"data":"Creative AI","floor":41,"key":"SMITH"},{"data":"Redo","floor":46,"key":"SMITH"},{"data":"Static Discharge","floor":49,"key":"SMITH"}],"circlet_count":0,"master_deck":["Strike_B+1","Strike_B+1","Strike_B+1","Defend_B+1","Defend_B","Zap","Dualcast","Core Surge","Loop","Cold Snap","Sunder+1","Sunder+1","Double Energy+1","Cold Snap","Static Discharge","Conserve Battery","Echo Form+1","Double Energy+1","Tempest+1","Multi-Cast+1","Go for the Eyes","Coolheaded","Doom and Gloom+1","Genetic Algorithm","Genetic Algorithm","Sweeping Beam+1","Conserve Battery","Go for the Eyes","Creative AI+1","Gash+1","Beam Cell","Capacitor+1","Redo+1","Chill+1","Storm+1","Gash+1","Static Discharge+1"],"relics":["Cracked Core","Mercury Hourglass","Golden Idol","Gremlin Horn","Du-Vu Doll","Whetstone","Astrolabe","Ginger","Strawberry","Runic Capacitor","Coffee Dripper","Bronze Scales","Bird Faced Urn","Blood Vial","Bottled Tornado","Pen Nib","Anchor"],"acts_visited":["Exordium","TheCity","TheBeyond"],"potions_floor_usage":[12,13,13,15,21,24,24,33,38],"damage_taken":[{"damage":12,"enemies":"2 Louse","floor":1,"turns":3},{"damage":2,"enemies":"Small Slimes","floor":4,"turns":3},{"damage":11,"enemies":"Jaw Worm","floor":5,"turns":2},{"damage":19,"enemies":"3 Sentries","floor":7,"turns":5},{"damage":0,"enemies":"Large Slime","floor":10,"turns":3},{"damage":10,"enemies":"Looter","floor":12,"turns":2},{"damage":1,"enemies":"Gremlin Nob","floor":13,"turns":3},{"damage":14,"enemies":"Slime Boss","floor":16,"turns":8},{"damage":5,"enemies":"Chosen","floor":18,"turns":3},{"damage":37,"enemies":"2 Thieves","floor":19,"turns":3},{"damage":19,"enemies":"Shelled Parasite and Fungi","floor":20,"turns":4},{"damage":15,"enemies":"Centurion and Healer","floor":21,"turns":5},{"damage":6,"enemies":"Gremlin Leader","floor":23,"turns":6},{"damage":21,"enemies":"Cultist and Chosen","floor":24,"turns":5},{"damage":8,"enemies":"Snecko","floor":29,"turns":4},{"damage":18,"enemies":"Shelled Parasite and Fungi","floor":31,"turns":2},{"damage":60,"enemies":"Automaton","floor":33,"turns":7},{"damage":14,"enemies":"Orb Walker","floor":35,"turns":3},{"damage":54,"enemies":"2 Orb Walkers","floor":38,"turns":4},{"damage":65,"enemies":"Giant Head","floor":40,"turns":8},{"damage":48,"enemies":"Nemesis","floor":42,"turns":8},{"damage":2,"enemies":"3 Shapes","floor":44,"turns":4},{"damage":27,"enemies":"Transient","floor":45,"turns":5},{"damage":34,"enemies":"Time Eater","floor":50,"turns":3}],"seed_played":"6892924757594114614","potions_obtained":[{"floor":1,"key":"PowerPotion"},{"floor":4,"key":"DistilledChaos"},{"floor":7,"key":"Swift Potion"},{"floor":13,"key":"Fruit Juice"},{"floor":18,"key":"SpeedPotion"},{"floor":23,"key":"EntropicBrew"},{"floor":33,"key":"Strength Potion"},{"floor":42,"key":"Swift Potion"}],"is_trial":false,"path_per_floor":["M","?","?","M","M","R","E","?","T","M","R","M","E","$","R","B",null,"M","M","M","M","?","E","M","R","T","R","$","M","R","M","R","B",null,"M","?","$","?","?","E","R","E","T","M","M","R","$","$","R","B"],"character_chosen":"DEFECT","items_purchased":["Conserve Battery","Whetstone","Runic Capacitor","FairyPotion","Bronze Scales","Beam Cell","Static Discharge","Anchor"],"campfire_rested":3,"item_purchase_floors":[14,14,28,28,37,37,47,47],"current_hp_per_floor":[63,48,66,64,53,53,34,16,16,16,16,6,5,5,34,20,80,75,38,19,4,30,24,15,39,46,72,72,64,64,46,46,26,87,73,73,73,19,76,38,38,14,14,24,17,17,17,17,17,0,0],"gold":68,"neow_bonus":"ONE_RANDOM_RARE_CARD","is_daily":false,"chose_seed":false,"campfire_upgraded":7,"win_rate":0.0,"timestamp":1608137779,"path_taken":["M","?","?","M","M","R","E","?","T","M","R","?","E","$","R","BOSS","M","M","M","M","?","E","M","R","T","R","$","M","R","M","R","BOSS","M","?","$","?","?","E","R","E","T","M","M","R","?","$","R","BOSS"],"items_purchased_type":["Card","Relic","Relic","Potion","Relic","Card","Card","Relic"],"build_version":"2020-12-13","purchased_purges":0,"victory":false,"max_hp_per_floor":[75,75,75,75,75,75,75,75,75,75,75,75,75,75,80,80,80,80,80,80,80,80,80,80,80,87,87,87,87,87,87,87,87,87,87,87,87,87,76,76,76,76,76,76,76,76,76,76,76,76,76],"card_choices":[{"not_picked":["Scrape","Sweeping Beam"],"picked":"Loop","floor":1},{"not_picked":["Go for the Eyes","White Noise"],"picked":"Cold Snap","floor":4},{"not_picked":["Streamline","Hologram"],"picked":"Sunder","floor":5},{"not_picked":["Coolheaded","Redo"],"picked":"Sunder","floor":7},{"not_picked":["Barrage","Beam Cell"],"picked":"Double Energy","floor":10},{"not_picked":["Rebound","Stack"],"picked":"Cold Snap","floor":12},{"not_picked":["Steam Power","Ball Lightning"],"picked":"Static Discharge","floor":13},{"not_picked":["Seek","Core Surge"],"picked":"Echo Form","floor":16},{"not_picked":["Streamline","Fusion"],"picked":"Go for the Eyes","floor":18},{"not_picked":["Beam Cell","White Noise"],"picked":"Coolheaded","floor":19},{"not_picked":["Gash","Fusion"],"picked":"Doom and Gloom+1","floor":20},{"not_picked":["Stack","Hologram"],"picked":"Genetic Algorithm","floor":21},{"not_picked":["Turbo","Scrape+1"],"picked":"Genetic Algorithm","floor":23},{"not_picked":["Stack","Cold Snap+1"],"picked":"Sweeping Beam+1","floor":24},{"not_picked":["Doom and Gloom+1","Turbo"],"picked":"Conserve Battery","floor":29},{"not_picked":["Seek","Ball Lightning+1"],"picked":"Go for the Eyes","floor":31},{"not_picked":["Echo Form","Hyperbeam"],"picked":"Creative AI","floor":33},{"not_picked":["Consume","Steam"],"picked":"Gash+1","floor":35},{"not_picked":["Genetic Algorithm+1","Blizzard"],"picked":"Capacitor+1","floor":38},{"not_picked":["Steam Power+1","Sweeping Beam"],"picked":"Redo","floor":40},{"not_picked":["Go for the Eyes","Tempest"],"picked":"Chill+1","floor":42},{"not_picked":["Conserve Battery+1","Coolheaded"],"picked":"Storm+1","floor":44},{"not_picked":["Defragment+1","Hologram"],"picked":"Gash+1","floor":45}],"player_experience":50450,"relics_obtained":[{"floor":7,"key":"Mercury Hourglass"},{"floor":9,"key":"Gremlin Horn"},{"floor":13,"key":"Du-Vu Doll"},{"floor":23,"key":"Ginger"},{"floor":26,"key":"Strawberry"},{"floor":38,"key":"Bird Faced Urn"},{"floor":40,"key":"Blood Vial"},{"floor":42,"key":"Bottled Tornado"},{"floor":43,"key":"Pen Nib"}],"event_choices":[{"damage_healed":0,"gold_gain":0,"player_choice":"Entered Light","damage_taken":15,"max_hp_gain":0,"max_hp_loss":0,"event_name":"Shining Light","floor":2,"gold_loss":0,"cards_upgraded":["Strike_B","Defend_B"]},{"damage_healed":18,"gold_gain":0,"player_choice":"Healed","damage_taken":0,"max_hp_gain":0,"max_hp_loss":0,"event_name":"The Cleric","floor":3,"gold_loss":35},{"damage_healed":0,"gold_gain":0,"player_choice":"Take Damage","damage_taken":18,"relics_obtained":["Golden Idol"],"max_hp_gain":0,"max_hp_loss":0,"event_name":"Golden Idol","floor":8,"gold_loss":0},{"damage_healed":26,"gold_gain":0,"player_choice":"Heal","damage_taken":0,"max_hp_gain":0,"max_hp_loss":0,"event_name":"The Library","floor":22,"gold_loss":0},{"damage_healed":0,"gold_gain":0,"player_choice":"Ignored","damage_taken":0,"max_hp_gain":0,"max_hp_loss":0,"event_name":"Tomb of Lord Red Mask","floor":36,"gold_loss":0},{"damage_healed":0,"gold_gain":0,"player_choice":"Fight","damage_taken":0,"max_hp_gain":0,"max_hp_loss":0,"event_name":"Mysterious Sphere","floor":38,"gold_loss":0},{"damage_healed":76,"gold_gain":0,"player_choice":"Heal","damage_taken":0,"max_hp_gain":0,"max_hp_loss":11,"event_name":"The Moai Head","floor":39,"gold_loss":0}],"is_beta":false,"boss_relics":[{"not_picked":["Tiny House","Nuclear Battery"],"picked":"Astrolabe"},{"not_picked":["Runic Dome","Busted Crown"],"picked":"Coffee Dripper"}],"items_purged_floors":[],"is_endless":false,"potions_floor_spawned":[1,4,7,13,18,23,29,33,42],"killed_by":"Time Eater","ascension_level":1}}