{"host":"sum4dy402bbv9y4o","time":1608135150,"event":{"mods":["Aspiration","BaseMod","Conspire","Highlight Path","Minty Spire (QoL Compilation)","StSLib"],"gold_per_floor":[118,118,131,131,141,141,176,176,200,200,218,230,258,258,258,329,329,340,265,285,285,285],"floor_reached":21,"playtime":630,"items_purged":[],"score":378,"play_id":"0d72b2e9-cb34-45f0-9bad-a6064c110aa0","local_time":"20201216191230","is_ascension_mode":true,"campfire_choices":[{"data":"Bash","floor":6,"key":"SMITH"},{"data":"Clothesline","floor":8,"key":"SMITH"},{"data":"Headbutt","floor":10,"key":"SMITH"},{"data":"Dropkick","floor":15,"key":"SMITH"}],"circlet_count":0,"master_deck":["AscendersBane","Strike_R","Strike_R","Defend_R","Defend_R","Defend_R","Defend_R","Bash+1","Headbutt+1","Clothesline+1","Fire Breathing","Second Wind+1","Reaper","Dropkick+1","Twin Strike","conspire:Purge+1","Wild Strike+1","Shrug It Off+1"],"relics":["Burning Blood","NeowsBlessing","Toxic Egg 2","PreservedInsect","conspire:BottledYoYo","Mark of Pain"],"acts_visited":["Exordium","TheCity"],"potions_floor_usage":[7,7,13,16,18],"damage_taken":[{"damage":0,"enemies":"2 Louse","floor":1,"turns":1},{"damage":0,"enemies":"Cultist","floor":3,"turns":1},{"damage":0,"enemies":"Jaw Worm","floor":5,"turns":1},{"damage":30,"enemies":"Lagavulin","floor":7,"turns":5},{"damage":13,"enemies":"2 Fungi Beasts","floor":11,"turns":4},{"damage":20,"enemies":"Exordium Thugs","floor":12,"turns":5},{"damage":15,"enemies":"Gremlin Nob","floor":13,"turns":4},{"damage":33,"enemies":"Hexaghost","floor":16,"turns":9},{"damage":17,"enemies":"Chosen","floor":18,"turns":4},{"damage":36,"enemies":"Shell Parasite","floor":20,"turns":5},{"damage":35,"enemies":"Snake Plant","floor":21,"turns":4}],"seed_played":"-266182574254668913","potions_obtained":[{"floor":1,"key":"Fire Potion"},{"floor":2,"key":"EntropicBrew"},{"floor":3,"key":"Fire Potion"},{"floor":12,"key":"SteroidPotion"},{"floor":13,"key":"Weak Potion"},{"floor":16,"key":"Ancient Potion"}],"is_trial":false,"path_per_floor":["M","?","M","?","M","R","E","R","T","R","M","M","E","?","R","B",null,"M","?","M","M"],"character_chosen":"IRONCLAD","items_purchased":[],"campfire_rested":0,"item_purchase_floors":[],"current_hp_per_floor":[74,74,75,75,75,75,51,51,51,51,44,31,31,31,31,10,59,54,54,28,0,0],"gold":285,"neow_bonus":"THREE_ENEMY_KILL","is_daily":false,"chose_seed":false,"campfire_upgraded":4,"win_rate":0.0,"timestamp":1608135150,"path_taken":["M","?","?","?","?","R","E","R","T","R","M","?","E","?","R","BOSS","M","?","M","M"],"items_purchased_type":[],"build_version":"2020-12-13","purchased_purges":0,"victory":false,"max_hp_per_floor":[75,75,75,75,75,75,75,75,75,75,75,75,75,75,75,75,75,75,75,75,75,75],"card_choices":[{"not_picked":["Clash","Searing Blow"],"picked":"Headbutt","floor":1},{"not_picked":["Warcry","Iron Wave"],"picked":"Clothesline","floor":3},{"not_picked":["Clothesline","Havoc"],"picked":"Fire Breathing","floor":5},{"not_picked":["Sever Soul","Warcry+1"],"picked":"Second Wind+1","floor":7},{"not_picked":["Dual Wield+1","Thunderclap"],"picked":"Reaper","floor":11},{"not_picked":["Body Slam","Evolve"],"picked":"Dropkick","floor":12},{"not_picked":["Body Slam","Pommel Strike"],"picked":"Twin Strike","floor":13},{"not_picked":["Impervious+1","Exhume+1"],"picked":"conspire:Purge+1","floor":16},{"not_picked":["Uppercut","Dark Embrace"],"picked":"Wild Strike+1","floor":18},{"not_picked":["Flex+1","Thunderclap+1"],"picked":"Shrug It Off+1","floor":20}],"player_experience":2793962,"relics_obtained":[{"floor":7,"key":"Toxic Egg 2"},{"floor":9,"key":"PreservedInsect"},{"floor":13,"key":"conspire:BottledYoYo"}],"event_choices":[{"damage_healed":0,"gold_gain":0,"player_choice":"Got Potions","damage_taken":0,"max_hp_gain":0,"max_hp_loss":0,"event_name":"Lab","floor":2,"gold_loss":0},{"damage_healed":0,"gold_gain":0,"player_choice":"Full Heal","damage_taken":0,"max_hp_gain":0,"max_hp_loss":0,"event_name":"Wheel of Change","floor":4,"gold_loss":0},{"cards_removed":["Strike_R"],"damage_healed":0,"gold_gain":0,"player_choice":"Purged","damage_taken":0,"max_hp_gain":0,"max_hp_loss":0,"event_name":"Purifier","floor":14,"gold_loss":0},{"cards_removed":["Strike_R"],"damage_healed":0,"gold_gain":0,"player_choice":"Gave Gold","damage_taken":0,"max_hp_gain":0,"max_hp_loss":0,"event_name":"Beggar","floor":19,"gold_loss":75}],"is_beta":false,"boss_relics":[{"not_picked":["Sozu","conspire:SlowCooker"],"picked":"Mark of Pain"}],"items_purged_floors":[],"is_endless":false,"potions_floor_spawned":[1,3,12,13,16],"killed_by":"Snake Plant","ascension_level":20}}