{"host":"a7kkotolxcg5vljr","time":1608139419,"event":{"mods":["2.2 Compatiblity","AchievementEnabler","Act Like it!","BaseMod","Better Altar","Better Skull","Better Third Choice","Colored Map","Colored Powertips","Downfall","Hermit","Highlight Path","Marisa????????","Minty Spire (QoL Compilation)","Quick Restart","Rare Cards Sparkle","Replay The Spire","Spicy Shops","StSLib","The Cursed","The Disciple","The Servant 0.9.4"],"gold_per_floor":[119,92,116,116,133,167,167,179,179,189,207,207,207,218,218,218,218],"floor_reached":16,"playtime":304,"items_purged":[],"score":127,"play_id":"dfc43107-0359-4e54-ad5f-04dee248481f","local_time":"20201216122339","is_ascension_mode":false,"campfire_choices":[{"data":"Searing Blow","floor":7,"key":"SMITH"},{"floor":12,"key":"RECALL"}],"circlet_count":0,"master_deck":["Strike_R","Strike_R+1","Strike_R","Strike_R","Strike_R+1","Defend_R","Defend_R","Defend_R","Defend_R","Bash","Searing Blow+1","Regret","ReplayTheSpireMod:Stacked","Sentinel","Clash","Perfected Strike","Thunderclap","Clash"],"relics":["Burning Blood","NeowsBlessing","betterThird:SlimedRelic","Whetstone","Gremlin Food","Calipers","Mirror","Mercury Hourglass","ReplayFunnel","Orichalcum","Omamori"],"acts_visited":["Exordium"],"potions_floor_usage":[11,16,16,16],"damage_taken":[{"damage":0,"enemies":"Small Slimes","floor":1,"turns":1},{"damage":0,"enemies":"Jaw Worm","floor":5,"turns":1},{"damage":0,"enemies":"Gremlin Nob","floor":6,"turns":1},{"damage":0,"enemies":"2 Louse","floor":8,"turns":3},{"damage":20,"enemies":"Exordium Thugs","floor":10,"turns":5},{"damage":7,"enemies":"Lots of Slimes","floor":11,"turns":3},{"damage":8,"enemies":"Looter","floor":14,"turns":3},{"damage":13,"enemies":"The Guardian","floor":16,"turns":5}],"seed_played":"7910120761908267528","potions_obtained":[{"floor":5,"key":"Explosive Potion"},{"floor":6,"key":"Flashbang"},{"floor":8,"key":"Strength Potion"},{"floor":11,"key":"SneckoOil"}],"is_trial":false,"path_per_floor":["M","?","T","?","M","E","R","M","T","M","M","R","?","M","R_BF","B"],"character_chosen":"IRONCLAD","items_purchased":[],"campfire_rested":0,"item_purchase_floors":[],"current_hp_per_floor":[80,69,69,69,75,80,80,80,80,66,65,65,65,63,11,0,0],"gold":218,"neow_bonus":"THREE_ENEMY_KILL","is_daily":false,"chose_seed":false,"campfire_upgraded":1,"win_rate":0.0,"timestamp":1608139419,"path_taken":["M","?","?","?","M","E","R","?","T","?","M","R","?","M","R_BF","BOSS"],"items_purchased_type":[],"build_version":"2020-12-13","purchased_purges":0,"victory":false,"max_hp_per_floor":[80,80,80,80,80,80,80,80,80,80,80,80,80,80,80,80,80],"card_choices":[{"not_picked":["Clash","Ghostly Armor"],"picked":"Searing Blow","floor":1},{"not_picked":["Twin Strike","ReplayTheSpireMod:Corrosion Curse"],"picked":"ReplayTheSpireMod:Stacked","floor":5},{"not_picked":["Sever Soul","Defy Death"],"picked":"Sentinel","floor":6},{"not_picked":["Clothesline","ReplayTheSpireMod:Limb From Limb"],"picked":"Clash","floor":8},{"not_picked":["Seeing Red","Hemokinesis"],"picked":"Perfected Strike","floor":10},{"not_picked":["Flame Barrier","Rage"],"picked":"Thunderclap","floor":11},{"not_picked":["Sword Boomerang","Run Through"],"picked":"Clash","floor":14}],"player_experience":320485,"relics_obtained":[{"floor":3,"key":"Whetstone"},{"floor":6,"key":"Calipers"},{"floor":9,"key":"Mirror"},{"floor":13,"key":"Mercury Hourglass"}],"event_choices":[{"damage_healed":0,"gold_gain":0,"player_choice":"Slimed","damage_taken":11,"max_hp_gain":0,"max_hp_loss":0,"event_name":"betterThird:BetterGoop","floor":2,"gold_loss":27},{"damage_healed":0,"gold_gain":0,"player_choice":"Box","damage_taken":0,"relics_obtained":["Gremlin Food"],"max_hp_gain":0,"max_hp_loss":0,"event_name":"Big Fish","floor":4,"gold_loss":0,"cards_obtained":["Regret"]},{"damage_healed":0,"gold_gain":0,"player_choice":"Relic","damage_taken":0,"max_hp_gain":0,"max_hp_loss":0,"event_name":"Wheel of Change","floor":13,"gold_loss":0},{"damage_healed":0,"gold_gain":0,"player_choice":"RE RE RE ","damage_taken":58,"relics_obtained":["ReplayFunnel","Orichalcum","Omamori"],"max_hp_gain":0,"max_hp_loss":0,"event_name":"betterSkull:BetterSkull","floor":15,"gold_loss":0,"cards_upgraded":[]}],"is_beta":false,"boss_relics":[],"items_purged_floors":[],"is_endless":false,"potions_floor_spawned":[5,6,8,10,11],"killed_by":"The Guardian","ascension_level":0}}