{"host":"69rply1jf2d1wbmp","time":1608100577,"event":{"mods":["BaseMod","Minty Spire (QoL Compilation)","Quick Restart"],"gold_per_floor":[109,120,45,63,75,75,103,116,116,144,159,15,27,42,42,142,142,158,6,6,21,34,34,69,69,69,99,99,112,211,123,123,123,123],"floor_reached":33,"playtime":996,"items_purged":["Strike_R","Decay"],"score":299,"play_id":"c1e3edab-4f23-4e84-804e-eb1fa878cd05","local_time":"20201216013617","is_ascension_mode":false,"campfire_choices":[{"data":"Bash","floor":6,"key":"SMITH"},{"data":"Rampage","floor":15,"key":"SMITH"},{"data":"Armaments","floor":23,"key":"SMITH"},{"floor":32,"key":"REST"}],"circlet_count":0,"master_deck":["Strike_R","Strike_R","Strike_R","Defend_R","Defend_R","Defend_R","Bash+1","Cleave","Shrug It Off","Rampage+1","Rampage","Double Tap","Shrug It Off","Anger+1","Armaments+1","Infernal Blade","Reaper","Shame","Inflame","Clash+1"],"relics":["Black Blood","Art of War","Bag of Marbles","Ancient Tea Set","Anchor","Dream Catcher","MutagenicStrength","Blue Candle","Vajra","Orichalcum","Smiling Mask"],"acts_visited":["Exordium","TheCity"],"potions_floor_usage":[7,16,33],"damage_taken":[{"damage":1,"enemies":"Cultist","floor":1,"turns":4},{"damage":0,"enemies":"2 Louse","floor":2,"turns":2},{"damage":0,"enemies":"Small Slimes","floor":4,"turns":2},{"damage":7,"enemies":"Looter","floor":5,"turns":3},{"damage":15,"enemies":"Lagavulin","floor":7,"turns":5},{"damage":8,"enemies":"Lots of Slimes","floor":8,"turns":3},{"damage":6,"enemies":"Gremlin Nob","floor":10,"turns":3},{"damage":17,"enemies":"Gremlin Gang","floor":11,"turns":4},{"damage":0,"enemies":"Large Slime","floor":13,"turns":4},{"damage":4,"enemies":"Blue Slaver","floor":14,"turns":3},{"damage":44,"enemies":"The Guardian","floor":16,"turns":8},{"damage":40,"enemies":"Spheric Guardian","floor":18,"turns":6},{"damage":4,"enemies":"2 Thieves","floor":21,"turns":4},{"damage":8,"enemies":"Snake Plant","floor":22,"turns":4},{"damage":19,"enemies":"Gremlin Leader","floor":24,"turns":6},{"damage":32,"enemies":"Book of Stabbing","floor":27,"turns":5},{"damage":29,"enemies":"Centurion and Healer","floor":29,"turns":5},{"damage":62,"enemies":"Automaton","floor":33,"turns":6}],"seed_played":"-3533657958106749908","potions_obtained":[{"floor":5,"key":"DistilledChaos"},{"floor":10,"key":"Block Potion"},{"floor":11,"key":"SpeedPotion"},{"floor":13,"key":"ElixirPotion"},{"floor":14,"key":"Swift Potion"},{"floor":21,"key":"FearPotion"},{"floor":22,"key":"DuplicationPotion"}],"is_trial":false,"path_per_floor":["M","M","$","M","M","R","E","M","T","E","M","$","M","M","R","B",null,"M","$","?","M","M","R","E","?","T","E","?","M","?","$","R","B"],"character_chosen":"IRONCLAD","items_purchased":["Anchor","Dream Catcher","Inflame"],"campfire_rested":1,"item_purchase_floors":[12,19,31],"current_hp_per_floor":[61,67,67,73,72,72,63,61,61,61,50,50,56,58,58,20,80,52,52,52,60,64,64,57,57,57,37,37,25,25,25,49,0,0],"gold":123,"neow_bonus":"REMOVE_TWO","is_daily":false,"chose_seed":false,"campfire_upgraded":3,"win_rate":0.0,"timestamp":1608100577,"path_taken":["M","M","?","M","M","R","E","?","T","E","M","$","M","?","R","BOSS","M","$","?","M","M","R","E","?","T","E","?","M","?","?","R","BOSS"],"items_purchased_type":["Relic","Relic","Card"],"build_version":"2020-12-13","purchased_purges":2,"victory":false,"max_hp_per_floor":[80,80,80,80,80,80,80,80,80,80,80,80,80,80,80,80,80,80,80,80,80,80,80,80,80,80,80,80,80,80,80,80,80,80],"card_choices":[{"not_picked":["Dropkick","Headbutt"],"picked":"Cleave","floor":1},{"not_picked":["Rupture","Flex","Heavy Blade"],"picked":"SKIP","floor":2},{"not_picked":["Ghostly Armor","Headbutt"],"picked":"Shrug It Off","floor":4},{"not_picked":["Havoc","Hemokinesis","Warcry"],"picked":"SKIP","floor":5},{"not_picked":["Carnage","Armaments"],"picked":"Rampage","floor":7},{"not_picked":["Reckless Charge","Battle Trance"],"picked":"Rampage","floor":8},{"not_picked":["Wild Strike","Dark Embrace"],"picked":"Double Tap","floor":10},{"not_picked":["Wild Strike","Second Wind"],"picked":"Shrug It Off","floor":11},{"not_picked":["True Grit","Headbutt","Power Through"],"picked":"SKIP","floor":13},{"not_picked":["True Grit","Pommel Strike","Sword Boomerang"],"picked":"SKIP","floor":14},{"not_picked":["Shrug It Off","Sword Boomerang"],"picked":"Anger+1","floor":18},{"not_picked":["Shrug It Off","Body Slam"],"picked":"Armaments","floor":21},{"not_picked":["Evolve+1","Headbutt"],"picked":"Infernal Blade","floor":22},{"not_picked":["Heavy Blade","Twin Strike"],"picked":"Reaper","floor":24},{"not_picked":["Body Slam","Immolate","Spot Weakness"],"picked":"SKIP","floor":27},{"not_picked":["Headbutt","Anger","Pommel Strike"],"picked":"SKIP","floor":29},{"not_picked":["Warcry","Rampage"],"picked":"Clash+1","floor":32}],"player_experience":348361,"relics_obtained":[{"floor":7,"key":"Art of War"},{"floor":9,"key":"Bag of Marbles"},{"floor":10,"key":"Ancient Tea Set"},{"floor":24,"key":"Blue Candle"},{"floor":26,"key":"Orichalcum"},{"floor":27,"key":"Smiling Mask"}],"event_choices":[{"damage_healed":0,"gold_gain":0,"player_choice":"Inject Mutagens","damage_taken":0,"relics_obtained":["MutagenicStrength"],"max_hp_gain":0,"max_hp_loss":0,"event_name":"Drug Dealer","floor":20,"gold_loss":0},{"damage_healed":0,"gold_gain":0,"player_choice":"Stole Relic","damage_taken":0,"relics_obtained":["Vajra"],"max_hp_gain":0,"max_hp_loss":0,"event_name":"Addict","floor":25,"gold_loss":0,"cards_obtained":["Shame"]},{"damage_healed":0,"gold_gain":0,"player_choice":"Smashed Altar","damage_taken":0,"max_hp_gain":0,"max_hp_loss":0,"event_name":"Forgotten Altar","floor":28,"gold_loss":0,"cards_obtained":["Decay"]},{"damage_healed":0,"gold_gain":99,"player_choice":"Stole From Cult","damage_taken":0,"max_hp_gain":0,"max_hp_loss":0,"event_name":"Nest","floor":30,"gold_loss":0}],"is_beta":false,"boss_relics":[{"not_picked":["Mark of Pain","Calling Bell"],"picked":"Black Blood"}],"items_purged_floors":[3,31],"is_endless":false,"potions_floor_spawned":[5,10,11,13,14,21,22],"killed_by":"Automaton","ascension_level":0}}