{"host":"ok3pmhc1fiz31noj","time":1608129175,"event":{"mods":["AchievementEnabler","BaseMod","Colored Map","Minty Spire (QoL Compilation)","Quick Restart","Replay The Spire","StSLib"],"gold_per_floor":[111,111,122,122,47,47,79,96,119,19,19,29,29,29,29,134,134,150,161,161,179,194,194,194],"floor_reached":23,"playtime":873,"items_purged":["Strike_G","Defend_G"],"score":227,"play_id":"c4d01661-81c1-4054-8efb-fdce84304bf6","local_time":"20201216223255","is_ascension_mode":true,"campfire_choices":[{"data":"Survivor","floor":6,"key":"SMITH"},{"data":"Neutralize","floor":11,"key":"SMITH"},{"floor":13,"key":"REST"},{"data":"Defend_G","floor":15,"key":"SMITH"}],"circlet_count":0,"master_deck":["Survivor+1","Neutralize+1","Cloak And Dagger+1","Storm of Steel","Poison Darts","Burst","Heel Hook","Poisoned Stab","Venomology","Choke","ReplayTheSpireMod:Scrap Shanks"],"relics":["Ring of the Snake","NeowsBlessing","Omamori","Tiny Chest","Replay:Grab Bag","Sozu","Philosopher\u0027s Stone","WristBlade","Pandora\u0027s Box","Pantograph"],"acts_visited":["Exordium","TheCity"],"potions_floor_usage":[16,23,23],"damage_taken":[{"damage":0,"enemies":"Jaw Worm","floor":1,"turns":1},{"damage":0,"enemies":"Cultist","floor":3,"turns":1},{"damage":0,"enemies":"3 Sentries","floor":7,"turns":1},{"damage":0,"enemies":"2 Louse","floor":8,"turns":3},{"damage":6,"enemies":"Gremlin Gang","floor":12,"turns":6},{"damage":56,"enemies":"The Guardian","floor":16,"turns":21},{"damage":9,"enemies":"3 Byrds","floor":18,"turns":3},{"damage":13,"enemies":"2 Thieves","floor":19,"turns":3},{"damage":6,"enemies":"Snecko","floor":21,"turns":3},{"damage":35,"enemies":"Centurion and Healer","floor":22,"turns":3},{"damage":9,"enemies":"Slavers","floor":23,"turns":1}],"seed_played":"525380151045870473","potions_obtained":[{"floor":3,"key":"DistilledChaos"},{"floor":12,"key":"Languid Potion"},{"floor":16,"key":"EssenceOfSteel"}],"is_trial":false,"path_per_floor":["M","?","M","?","$","R","E","M","T","$","R","M","R","?","R","B",null,"M","M","T","M","M","E"],"character_chosen":"THE_SILENT","items_purchased":[],"campfire_rested":1,"item_purchase_floors":[],"current_hp_per_floor":[70,70,70,70,70,70,70,70,70,70,70,64,70,70,70,14,70,61,48,48,42,7,0,0],"gold":194,"neow_bonus":"THREE_ENEMY_KILL","is_daily":false,"chose_seed":false,"campfire_upgraded":3,"win_rate":0.0,"timestamp":1608129175,"path_taken":["M","?","?","?","?","R","E","M","T","$","R","?","R","?","R","BOSS","M","?","?","M","M","E"],"items_purchased_type":[],"build_version":"2020-12-13","purchased_purges":2,"victory":false,"max_hp_per_floor":[70,70,70,70,70,70,70,70,70,70,70,70,70,70,70,70,70,70,70,70,70,70,70,70],"card_choices":[{"not_picked":["Dodge and Roll","Crippling Poison"],"picked":"Cloak And Dagger","floor":1},{"not_picked":["Dodge and Roll","Prepared","Sucker Punch"],"picked":"SKIP","floor":3},{"not_picked":["Dagger Throw","Dodge and Roll","Poisoned Stab"],"picked":"SKIP","floor":7},{"not_picked":["Escape Plan","Flying Knee","Well Laid Plans"],"picked":"SKIP","floor":8},{"not_picked":["Acrobatics","Slice","Venomology"],"picked":"SKIP","floor":12},{"not_picked":["Doppelganger","Glass Knife"],"picked":"Storm of Steel","floor":16},{"not_picked":["Fluid Movement+1","Caltrops","ReplayTheSpireMod:Exploit Weakness"],"picked":"SKIP","floor":18},{"not_picked":["Backflip","Noxious Fumes+1","Dash"],"picked":"SKIP","floor":19},{"not_picked":["Dagger Throw+1","Hidden Blade+1","Dodge and Roll"],"picked":"SKIP","floor":21},{"not_picked":["Underhanded Strike","Dodge and Roll"],"picked":"ReplayTheSpireMod:Scrap Shanks","floor":22}],"player_experience":121649,"relics_obtained":[{"floor":7,"key":"Omamori"},{"floor":9,"key":"Tiny Chest"},{"floor":20,"key":"Pantograph"}],"event_choices":[{"damage_healed":0,"gold_gain":0,"player_choice":"Forge","damage_taken":0,"max_hp_gain":0,"max_hp_loss":0,"event_name":"Accursed Blacksmith","floor":2,"gold_loss":0,"cards_upgraded":["Cloak And Dagger"]},{"cards_removed":["Strike_G"],"damage_healed":0,"gold_gain":0,"player_choice":"Purged","damage_taken":0,"max_hp_gain":0,"max_hp_loss":0,"event_name":"Purifier","floor":14,"gold_loss":0}],"is_beta":false,"boss_relics":[{"not_picked":["Ring of Chaos","ChewingGum"],"picked":"Replay:Grab Bag"},{"not_picked":["Velvet Choker","Fusion Hammer"],"picked":"Sozu"},{"not_picked":["Coffee Dripper","Cursed Key"],"picked":"Philosopher\u0027s Stone"},{"not_picked":["Snecko Scales","SacredBark"],"picked":"WristBlade"},{"not_picked":["Astrolabe","Runic Pyramid"],"picked":"Pandora\u0027s Box"}],"items_purged_floors":[5,10],"is_endless":false,"potions_floor_spawned":[3,12,16,18],"killed_by":"Slavers","ascension_level":1}}