{"host":"tvytvmghe8inzt9c","time":1608156761,"event":{"mods":["AchievementEnabler","BaseMod","Better Third Choice","BetterRewards","Colored Map","Colored Powertips","Custom Start","DeckTracker","Downfall","Energized Spire","Hubris","Marisa????????","Minty Spire (QoL Compilation)","Quick Restart","StSLib","TheBandit"],"gold_per_floor":[413,413,413,430,505,532,532,532,532,96,109,109,128,144,144,246,246,262,273,188,237,259,259,297,342,366,366,389,389,389,408,408,532,532,561,188,188,211,229,270,270,311,336,361,380,402,16,53,53,162,162,189,216,282,320,63,63,97,125,125,125,153,153,176,211,211,317,317,345,365,365,140,159,6,6,35,72,114,143,184,228,267,267,376,376,399,399,427,446,482,516,534,555,589,598,633,671,695,739,739,844,844,871,871,622,658,697,736,711,711,746,746,767,792,792,826,826,939,939,967,882,766,691,345,385,385,429,467,467,509,531,575,603,603,712,712,734,752,810,810,845,845,582,601,642,686,747,775,775,795,795,908,908,908],"floor_reached":153,"playtime":6737,"items_purged":[],"score":5606,"play_id":"6312d1e0-34c1-4067-82bb-799ba74782e4","local_time":"20201216171241","is_ascension_mode":false,"campfire_choices":[{"data":"1","floor":7,"key":"LIFT"},{"data":"2","floor":12,"key":"LIFT"},{"data":"3","floor":15,"key":"LIFT"},{"data":"PowerUp","floor":23,"key":"SMITH"},{"data":"ManaRampage","floor":27,"key":"SMITH"},{"data":"StarDustReverie","floor":29,"key":"SMITH"},{"data":"SprinkleStarSeal","floor":32,"key":"SMITH"},{"data":"FairyDestructionRay","floor":41,"key":"SMITH"},{"data":"BinaryStars","floor":49,"key":"SMITH"},{"data":"EventHorizon","floor":57,"key":"SMITH"},{"data":"OneTimeOff","floor":63,"key":"SMITH"},{"data":"ShootTheMoon","floor":66,"key":"SMITH"},{"data":"PropBag","floor":75,"key":"SMITH"},{"data":"Strike_MRS","floor":83,"key":"SMITH"},{"data":"Singularity","floor":100,"key":"SMITH"},{"data":"WitchOfGreed","floor":112,"key":"SMITH"},{"data":"OpenUniverse","floor":115,"key":"SMITH"},{"data":"ManaConvection","floor":117,"key":"SMITH"},{"data":"JA","floor":129,"key":"SMITH"},{"data":"MagicAbsorber","floor":134,"key":"SMITH"},{"data":"RefractionSpark","floor":142,"key":"SMITH"},{"data":"PulseMagic","floor":149,"key":"SMITH"},{"data":"WitchOfGreed","floor":151,"key":"SMITH"}],"circlet_count":0,"master_deck":["DC+1","ShootTheMoon+1","FairyDestructionRay+1","ChargeUpSpray","RefractionSpark+1","EventHorizon+1","Singularity+1","WitchOfGreed+1","BinaryStars+1","StarDustReverie+1","ManaRampage+1","SprinkleStarSeal+1","OpenUniverse+1","OneTimeOff+1","ManaConvection+1","MagicAbsorber+1","GasGiant","PulseMagic+1","PropBag+1","SuperPerseids","GalacticHalo","Acceleration+1","Acceleration","SporeBomb","PowerUp+1","JA+1","FinalSpark+1","AlicesGift","DeepEcoloBomb+1","GrandCross+1","GrandCross","WitchLeyline","WitchLeyline","Strike_MRS+1","Strike_MRS","Strike_MRS","Strike_MRS","MasterSpark","Parasite","Parasite","GalacticHalo","AsteroidBelt","FairyDestructionRay","hubris:DuctTapeCard+2","UltimateShortwave","MilkyWay+1","GalacticHalo+1","Acceleration","FinalSpark+1","UnstableBomb","MachineGunSpark+1","PowerUp+1","6A+1","Ghostly+1","Ghostly","Ghostly","Ghostly","Ghostly","MysteriousBeam+1","AlicesGift+1","StarDustReverie+1","MysteriousBeam+1","GravityBeat","NonDirectionalLaser","AsteroidBelt","BlazeAway+1","WitchOfGreed","LuminesStrike+1","Madness","Madness+1","Singularity+1","Orbital+1","SporeBomb+1","Singularity+1","WitchLeyline","StarDustReverie+1","JA","CollectingQuirk","StarlightTyphoon","AbsoluteMagnitude","DoubleSpark","MachineGunSpark+1","EnergyRecoil","6A","LuminesStrike+1","GalacticHalo","LuminesStrike+1","GalacticHalo","MillisecondPulsars","6A+1","CollectingQuirk","GalacticHalo","StarlightTyphoon","JA","MagicChant+1","MagicChant+1","ManaRampage","DC","GrandCross+1","EarthLightRay","WitchOfGreed+1","IllusionStar+1","NonDirectionalLaser+1","UltimateShortwave","GrandCross+1","WitchOfGreed+1","DarkMatter","ShootingEcho+1","MaximisePower","MysteriousBeam+1","SporeBomb","SprinkleStarSeal+1","WitchOfGreed","PulseMagic+1","LuminesStrike+1","MagicChant+1","StarDustReverie","OneTimeOff","AlicesGift","GravityBeat","Orbital","BlazeAway","WitchOfGreed","6A","FinalSpark","IllusionStar","MilkyWay","ChargingUp","GalacticHalo","UnstableBomb","AbsoluteMagnitude","Acceleration","ShootTheMoon","DarkSpark+2","SuperPerseids","Acceleration","EnergyFlow","ShootingEcho","CollectingQuirk","ManaRampage","MilkyWay+1","IllusionStar+1","FinalSpark","MillisecondPulsars","EnergyFlow+1","Madness","Madness","DeepEcoloBomb+1","Occultation","AbsoluteMagnitude","BlazingStar+1","Acceleration","MilkyWay","WitchOfGreed","Apotheosis","expansioncontent:TimeRipple","SporeBomb+1","ManaRampage","ChargeUpSpray","UltimateShortwave","Acceleration+1","SuperPerseids","StarDustReverie"],"relics":["BewitchedHakkero","Mango","Kunai","Lantern","Letter Opener","BreadOfAWashokuLover","Burning Blood","Girya","Nunchaku","Ornamental Fan","Pen Nib","Ring of the Snake","Sozu","Torii","WristBlade","ExperimentalFamiliar","hubris:IronBody","Magic Flower","MealTicket","Membership Card","Omamori","Orichalcum","Tiny Chest","BewitchedHakkero","Blood Vial","HornCleat","Meat on the Bone","hubris:64BitClover","AmplifyWand","Old Coin","Regal Pillow","MagicBroom","HandmadeGrimoire","hubris:Towel","Bottled Lightning","Turnip","hubris:DuctTape","SimpleLauncher","Akabeko","Mercury Hourglass","Mummified Hand","Oddly Smooth Stone","CeramicFish","StoneCalendar","Vajra","Nloth\u0027s Gift","expansioncontent:StudyCardRelic","hubris:SlimyHat","champ:Barbells","Thread and Needle","Boot","hubris:SphereOfDissonance","Incense Burner","Strawberry","Anchor","DollysMirror","sneckomod:BlankCard","champ:DuelingGlove","Whetstone","Sozu","hubris:Spice","BigShroomBag","Bag of Marbles","Orrery","Eternal Feather","Ice Cream","hubris:HerbalPaste","Gambling Chip","Happy Flower","PreservedInsect","Gremlin Horn","Bronze Scales","hubris:TenFootPole","Strange Spoon","betterThird:SlimedRelic","WarpedTongs","RampagingMagicTools","Shuriken","Toolbox","betterThird:NestCultRelic","hubris:Backtick","Pear","Calipers"],"acts_visited":["Exordium","TheCity","TheBeyond","Exordium","TheCity","TheBeyond","Exordium","TheCity","TheBeyond","Exordium"],"potions_floor_usage":[],"damage_taken":[{"damage":0,"enemies":"Jaw Worm","floor":1,"turns":1},{"damage":0,"enemies":"Small Slimes","floor":4,"turns":1},{"damage":0,"enemies":"Lagavulin","floor":6,"turns":1},{"damage":0,"enemies":"2 Louse","floor":11,"turns":1},{"damage":0,"enemies":"Large Slime","floor":13,"turns":1},{"damage":0,"enemies":"Looter","floor":14,"turns":1},{"damage":0,"enemies":"Slime Boss","floor":16,"turns":1},{"damage":0,"enemies":"Shell Parasite","floor":18,"turns":1},{"damage":0,"enemies":"Spheric Guardian","floor":19,"turns":1},{"damage":0,"enemies":"Cultist and Chosen","floor":22,"turns":1},{"damage":0,"enemies":"Gremlin Leader","floor":24,"turns":1},{"damage":0,"enemies":"Shelled Parasite and Fungi","floor":28,"turns":1},{"damage":0,"enemies":"Centurion and Healer","floor":31,"turns":1},{"damage":0,"enemies":"Collector","floor":33,"turns":1},{"damage":0,"enemies":"Orb Walker","floor":35,"turns":1},{"damage":0,"enemies":"3 Darklings","floor":38,"turns":1},{"damage":0,"enemies":"Nemesis","floor":40,"turns":1},{"damage":0,"enemies":"Giant Head","floor":42,"turns":1},{"damage":0,"enemies":"Jaw Worm Horde","floor":44,"turns":1},{"damage":0,"enemies":"Sphere and 2 Shapes","floor":45,"turns":1},{"damage":0,"enemies":"4 Shapes","floor":46,"turns":1},{"damage":0,"enemies":"Reptomancer","floor":48,"turns":1},{"damage":0,"enemies":"Time Eater","floor":50,"turns":1},{"damage":0,"enemies":"2 Louse","floor":52,"turns":1},{"damage":0,"enemies":"Small Slimes","floor":53,"turns":1},{"damage":0,"enemies":"3 Sentries","floor":54,"turns":1},{"damage":0,"enemies":"The Mushroom Lair","floor":55,"turns":1},{"damage":0,"enemies":"3 Sentries","floor":58,"turns":1},{"damage":0,"enemies":"Cultist","floor":59,"turns":1},{"damage":0,"enemies":"Looter","floor":62,"turns":1},{"damage":0,"enemies":"Red Slaver","floor":64,"turns":1},{"damage":0,"enemies":"Large Slime","floor":65,"turns":1},{"damage":0,"enemies":"Hexaghost","floor":67,"turns":1},{"damage":0,"enemies":"3 Byrds","floor":69,"turns":1},{"damage":0,"enemies":"Spheric Guardian","floor":70,"turns":1},{"damage":0,"enemies":"Centurion and Healer","floor":73,"turns":1},{"damage":0,"enemies":"Shelled Parasite and Fungi","floor":76,"turns":1},{"damage":0,"enemies":"Gremlin Leader","floor":77,"turns":1},{"damage":0,"enemies":"Book of Stabbing","floor":78,"turns":1},{"damage":0,"enemies":"3 Cultists","floor":79,"turns":2},{"damage":0,"enemies":"Gremlin Leader","floor":80,"turns":1},{"damage":0,"enemies":"Centurion and Healer","floor":81,"turns":1},{"damage":0,"enemies":"Cultist and Chosen","floor":82,"turns":1},{"damage":0,"enemies":"Automaton","floor":84,"turns":1},{"damage":0,"enemies":"3 Darklings","floor":86,"turns":1},{"damage":0,"enemies":"Orb Walker","floor":88,"turns":1},{"damage":0,"enemies":"Spire Growth","floor":89,"turns":1},{"damage":0,"enemies":"Reptomancer","floor":90,"turns":1},{"damage":0,"enemies":"Giant Head","floor":91,"turns":1},{"damage":0,"enemies":"Writhing Mass","floor":92,"turns":1},{"damage":0,"enemies":"3 Darklings","floor":93,"turns":1},{"damage":0,"enemies":"Nemesis","floor":94,"turns":1},{"damage":0,"enemies":"Giant Head","floor":96,"turns":1},{"damage":0,"enemies":"Sphere and 2 Shapes","floor":97,"turns":1},{"damage":0,"enemies":"Writhing Mass","floor":98,"turns":1},{"damage":0,"enemies":"Transient","floor":99,"turns":2},{"damage":0,"enemies":"hubris:GrandSnecko","floor":101,"turns":1},{"damage":0,"enemies":"Small Slimes","floor":103,"turns":1},{"damage":0,"enemies":"Cultist","floor":106,"turns":1},{"damage":0,"enemies":"Lagavulin","floor":107,"turns":1},{"damage":0,"enemies":"3 Sentries","floor":108,"turns":1},{"damage":0,"enemies":"Lagavulin","floor":111,"turns":1},{"damage":0,"enemies":"Jaw Worm","floor":113,"turns":1},{"damage":0,"enemies":"Blue Slaver","floor":114,"turns":1},{"damage":0,"enemies":"3 Sentries","floor":116,"turns":1},{"damage":0,"enemies":"Slime Boss","floor":118,"turns":1},{"damage":0,"enemies":"2 Thieves","floor":120,"turns":1},{"damage":0,"enemies":"Gremlin Leader","floor":125,"turns":1},{"damage":0,"enemies":"Slavers","floor":127,"turns":1},{"damage":0,"enemies":"Book of Stabbing","floor":128,"turns":1},{"damage":0,"enemies":"Gremlin Leader","floor":130,"turns":1},{"damage":0,"enemies":"Shell Parasite","floor":131,"turns":1},{"damage":0,"enemies":"Slavers","floor":132,"turns":1},{"damage":0,"enemies":"Snake Plant","floor":133,"turns":1},{"damage":21,"enemies":"Champ","floor":135,"turns":3},{"damage":0,"enemies":"3 Darklings","floor":137,"turns":1},{"damage":0,"enemies":"Reptomancer","floor":139,"turns":1},{"damage":0,"enemies":"Giant Head","floor":141,"turns":1},{"damage":0,"enemies":"Orb Walker","floor":144,"turns":1},{"damage":0,"enemies":"Nemesis","floor":145,"turns":1},{"damage":3,"enemies":"3 Darklings","floor":146,"turns":2},{"damage":0,"enemies":"Reptomancer","floor":147,"turns":1},{"damage":0,"enemies":"Jaw Worm Horde","floor":148,"turns":1},{"damage":0,"enemies":"Maw","floor":150,"turns":2},{"damage":0,"enemies":"Time Eater","floor":152,"turns":1}],"seed_played":"6580113093728840962","potions_obtained":[],"is_trial":true,"path_per_floor":["M","?","?","M","?","E","R","T","T","$","M","R","M","M","R","B",null,"M","M","?","T","M","R","E","?","T","R","M","R","?","M","R","B",null,"M","$","T","M","?","E","R","E","T","M","M","M","$","E","R","B",null,"M","M","?","?","$","R","E","M","T","?","M","R","M","M","R","B",null,"M","M","?","$","M","$","R","M","E","E","M","E","M","M","R","B",null,"M","?","M","M","E","E","M","M","E","?","E","M","M","M","R","B",null,"M","?","$","M","E","E","?","?","E","R","M","M","R","E","R","B",null,"M","?","$","?","$","E","?","E","E","R","E","M","E","M","R","B",null,"M","?","E","?","E","R","$","M","E","M","E","M","R","M","R","B",null],"character_chosen":"MARISA","items_purchased":["SimpleLauncher","UltimateShortwave","Akabeko","Mercury Hourglass","hubris:SlimyHat","champ:Barbells","Thread and Needle","GravityBeat","NonDirectionalLaser","AsteroidBelt","BlazeAway","WitchOfGreed","DollysMirror","sneckomod:BlankCard","champ:DuelingGlove","JA","CollectingQuirk","Bag of Marbles","hubris:Spice","Orrery","Ice Cream","hubris:HerbalPaste","Happy Flower","PreservedInsect","hubris:TenFootPole","Strange Spoon","AlicesGift","GravityBeat","Orbital","BlazeAway","WitchOfGreed","ShootTheMoon","DarkSpark","SuperPerseids","Acceleration","EnergyFlow","Shuriken","hubris:Spice","Toolbox","AbsoluteMagnitude","BlazingStar","Acceleration","MilkyWay","WitchOfGreed","Apotheosis","expansioncontent:TimeRipple"],"campfire_rested":0,"item_purchase_floors":[10,10,10,10,36,36,36,36,36,36,36,36,47,47,47,47,47,56,56,56,72,72,74,74,105,105,105,105,105,105,105,122,122,122,122,122,124,124,124,143,143,143,143,143,143,143],"current_hp_per_floor":[89,89,89,89,78,89,89,89,89,89,89,89,89,89,89,89,89,89,89,89,89,89,89,89,44,44,44,44,44,44,44,44,44,44,44,44,44,44,38,44,44,51,51,51,51,51,51,51,51,51,51,51,51,59,59,67,67,67,67,67,54,66,67,67,67,67,67,67,67,67,67,67,67,67,67,67,67,67,67,67,67,67,67,67,67,67,67,67,67,67,67,67,67,67,67,67,67,67,67,67,59,59,59,64,64,64,64,64,59,59,64,64,64,64,64,64,64,64,64,64,56,56,56,48,48,48,48,48,48,48,32,32,32,32,30,42,55,52,55,55,55,55,55,55,55,55,55,55,55,55,55,55,55,55],"gold":908,"neow_bonus":"","is_daily":false,"chose_seed":false,"campfire_upgraded":20,"win_rate":0.0,"timestamp":1608156761,"path_taken":["M","?","?","M","?","E","R","?","T","?","?","R","M","M","R","BOSS","M","M","?","?","M","R","E","?","T","R","M","R","?","?","R","BOSS","M","$","?","M","?","E","R","E","T","M","M","M","$","E","R","BOSS","M","M","?","?","$","R","?","M","T","?","M","R","M","M","R","BOSS","M","M","?","?","M","$","R","M","E","?","?","E","M","M","R","BOSS","M","?","M","?","?","E","M","M","E","?","E","M","?","M","R","BOSS","M","?","$","M","?","E","?","?","E","R","?","M","R","?","R","BOSS","M","?","$","?","$","E","?","E","E","R","E","M","?","M","R","BOSS","M","?","?","?","?","R","$","M","E","M","E","?","R","M","R","BOSS"],"items_purchased_type":["Relic","Card","Relic","Relic","Relic","Relic","Relic","Card","Card","Card","Card","Card","Relic","Relic","Relic","Card","Card","Relic","Relic","Relic","Relic","Relic","Relic","Relic","Relic","Relic","Card","Card","Card","Card","Card","Card","Card","Card","Card","Card","Relic","Relic","Relic","Card","Card","Card","Card","Card","Card","Card"],"build_version":"2020-12-13","purchased_purges":0,"victory":false,"max_hp_per_floor":[89,89,89,89,89,89,89,89,89,89,89,89,89,89,89,89,89,89,89,89,89,89,89,89,44,44,44,44,44,44,44,44,44,44,44,44,44,44,44,44,44,51,51,51,51,51,51,51,51,51,51,51,51,59,59,67,67,67,67,67,67,67,67,67,67,67,67,67,67,67,67,67,67,67,67,67,67,67,67,67,67,67,67,67,67,67,67,67,67,67,67,67,67,67,67,67,67,67,67,67,59,59,59,64,64,64,64,64,64,64,64,64,64,64,64,64,64,64,64,64,56,56,56,48,48,48,48,48,48,48,32,32,32,32,32,42,55,55,55,55,55,55,55,55,55,55,55,55,55,55,55,55,55,55],"card_choices":[{"not_picked":["ShootingEcho","PowerUp"],"picked":"GalacticHalo","floor":1},{"not_picked":["FairyDestructionRay","MagicChant"],"picked":"AsteroidBelt","floor":4},{"not_picked":["UnstableBomb","NonDirectionalLaser"],"picked":"FairyDestructionRay","floor":6},{"not_picked":["Acceleration","OortCloud"],"picked":"MilkyWay","floor":11},{"not_picked":["MilkyWay","EscapeVelocity"],"picked":"GalacticHalo","floor":13},{"not_picked":["OpenUniverse","SporeBomb"],"picked":"Acceleration","floor":14},{"not_picked":["MillisecondPulsars","EscapeVelocity"],"picked":"FinalSpark","floor":16},{"not_picked":["Orbital","EarthLightRay"],"picked":"UnstableBomb","floor":18},{"not_picked":["NonDirectionalLaser","Orbital"],"picked":"MachineGunSpark+1","floor":19},{"not_picked":["MilkyWay","ChargingUp+1"],"picked":"PowerUp+1","floor":22},{"not_picked":["GalacticHalo","GravityBeat+1"],"picked":"6A+1","floor":24},{"not_picked":["DoubleSpark","GalacticHalo"],"picked":"MysteriousBeam+1","floor":28},{"not_picked":["WitchOfGreed","DoubleSpark"],"picked":"AlicesGift","floor":31},{"not_picked":["AbsoluteMagnitude","EscapeVelocity"],"picked":"StarDustReverie","floor":33},{"not_picked":["RefractionSpark","DoubleSpark"],"picked":"MysteriousBeam+1","floor":35},{"not_picked":["DC","BinaryStars"],"picked":"LuminesStrike+1","floor":38},{"not_picked":["RefractionSpark+1","NonDirectionalLaser"],"picked":"Singularity+1","floor":40},{"not_picked":["TreasureHunter","FairyDestructionRay"],"picked":"Orbital+1","floor":42},{"not_picked":["EarthLightRay","EnergyRecoil"],"picked":"SporeBomb+1","floor":44},{"not_picked":["6A","WitchOfGreed+1"],"picked":"Singularity+1","floor":45},{"not_picked":["LuminesStrike","MeteoricShower+1"],"picked":"WitchLeyline","floor":46},{"not_picked":["EventHorizon","MysteriousBeam"],"picked":"StarlightTyphoon","floor":48},{"not_picked":["EscapeVelocity","JA"],"picked":"AbsoluteMagnitude","floor":50},{"not_picked":["SuperPerseids","MeteoricShower"],"picked":"DoubleSpark","floor":52},{"not_picked":["SporeBomb","FairyDestructionRay"],"picked":"MachineGunSpark","floor":53},{"not_picked":["BlazeAway","AsteroidBelt"],"picked":"EnergyRecoil","floor":54},{"not_picked":["SporeBomb","BlazingStar"],"picked":"6A","floor":55},{"not_picked":["OpenUniverse","FinalSpark"],"picked":"LuminesStrike","floor":56},{"not_picked":["OneTimeOff","UnstableBomb"],"picked":"GalacticHalo","floor":56},{"not_picked":["DoubleSpark","hubris:SpiceAddiction"],"picked":"PowerUp","floor":56},{"not_picked":["OneTimeOff","Acceleration"],"picked":"LuminesStrike","floor":56},{"not_picked":["BlazeAway","TreasureHunter"],"picked":"GalacticHalo","floor":56},{"not_picked":["BlazeAway","UnstableBomb"],"picked":"MillisecondPulsars","floor":58},{"not_picked":["hubris:SpiceAddiction","MilkyWay"],"picked":"6A","floor":59},{"not_picked":["PowerUp","MagicAbsorber"],"picked":"CollectingQuirk","floor":62},{"not_picked":["IllusionStar","hubris:SpiceAddiction"],"picked":"GalacticHalo","floor":64},{"not_picked":["ManaConvection","JA"],"picked":"StarlightTyphoon","floor":65},{"not_picked":["hubris:SpiceAddiction","SuperNova"],"picked":"JA","floor":67},{"not_picked":["DarkSpark","Singularity+1"],"picked":"MagicChant+1","floor":69},{"not_picked":["EarthLightRay","MillisecondPulsars"],"picked":"MagicChant+1","floor":70},{"not_picked":["MysteriousBeam","MachineGunSpark","hubris:SpiceAddiction"],"picked":"SKIP","floor":73},{"not_picked":["BlazeAway","EnergyFlow"],"picked":"ManaRampage","floor":76},{"not_picked":["SprinkleStarSeal","EventHorizon"],"picked":"DC","floor":77},{"not_picked":["BinaryStars","LuminesStrike"],"picked":"GrandCross","floor":78},{"not_picked":["SprinkleStarSeal","DarkMatter"],"picked":"EarthLightRay","floor":79},{"not_picked":["AbsoluteMagnitude","ManaConvection"],"picked":"WitchOfGreed","floor":80},{"not_picked":["hubris:SpiceAddiction","MilkyWay+1"],"picked":"IllusionStar+1","floor":81},{"not_picked":["IllusionStar+1","MilkyWay"],"picked":"NonDirectionalLaser","floor":82},{"not_picked":["hubris:SpiceAddiction","hubris:SpiceAddiction"],"picked":"UltimateShortwave","floor":84},{"not_picked":["DoubleSpark+1","StarlightTyphoon"],"picked":"GrandCross+1","floor":86},{"not_picked":["PowerUp","GravityBeat+1"],"picked":"WitchOfGreed+1","floor":88},{"not_picked":["EventHorizon","DarkSpark"],"picked":"DarkMatter","floor":89},{"not_picked":["Acceleration","BinaryStars"],"picked":"ShootingEcho+1","floor":90},{"not_picked":["CasketOfStar","MagicAbsorber+1"],"picked":"MaximisePower","floor":91},{"not_picked":["SporeBomb+1","DoubleSpark"],"picked":"hubris:SpiceAddiction","floor":92},{"not_picked":["Acceleration","RefractionSpark"],"picked":"MysteriousBeam+1","floor":93},{"not_picked":["Occultation","FairyDestructionRay+1"],"picked":"SporeBomb","floor":94},{"not_picked":["TreasureHunter","CollectingQuirk"],"picked":"WitchOfGreed","floor":96},{"not_picked":["MillisecondPulsars","ShootingEcho+1"],"picked":"PulseMagic+1","floor":97},{"not_picked":["StarBarrage+1","MysteriousBeam"],"picked":"LuminesStrike+1","floor":98},{"not_picked":["6A+1","DragonMeteor"],"picked":"MagicChant+1","floor":99},{"not_picked":["JA","CollectingQuirk"],"picked":"StarDustReverie","floor":101},{"not_picked":["ChargeUpSpray","GravityBeat"],"picked":"OneTimeOff","floor":103},{"not_picked":["BlazeAway","DC"],"picked":"6A","floor":106},{"not_picked":["MaximisePower","SporeBomb"],"picked":"FinalSpark","floor":107},{"not_picked":["OneTimeOff","DoubleSpark"],"picked":"IllusionStar","floor":108},{"not_picked":["AsteroidBelt","BlazeAway"],"picked":"MilkyWay","floor":111},{"not_picked":["hubris:SpiceAddiction","EventHorizon"],"picked":"ChargingUp","floor":113},{"not_picked":["NonDirectionalLaser","AbsoluteMagnitude"],"picked":"GalacticHalo","floor":114},{"not_picked":["DragonMeteor","EarthLightRay"],"picked":"UnstableBomb","floor":116},{"not_picked":["BinaryStars","EscapeVelocity"],"picked":"AbsoluteMagnitude","floor":118},{"not_picked":["UltimateShortwave","hubris:SpiceAddiction"],"picked":"Acceleration","floor":120},{"not_picked":["GrandCross","OortCloud"],"picked":"ShootingEcho","floor":125},{"not_picked":["PropBag+1","hubris:SpiceAddiction"],"picked":"CollectingQuirk","floor":127},{"not_picked":["BigCrunch","EnergyRecoil"],"picked":"ManaRampage","floor":128},{"not_picked":["hubris:SpiceAddiction","EnergyRecoil+1"],"picked":"MilkyWay+1","floor":130},{"not_picked":["hubris:SpiceAddiction","OortCloud"],"picked":"hubris:SpiceAddiction","floor":131},{"not_picked":["ChargingUp","DarkSpark"],"picked":"IllusionStar+1","floor":132},{"not_picked":["hubris:SpiceAddiction","WitchLeyline"],"picked":"FinalSpark","floor":133},{"not_picked":["EscapeVelocity","FinalSpark"],"picked":"MillisecondPulsars","floor":135},{"not_picked":["hubris:SpiceAddiction","6A+1"],"picked":"EnergyFlow+1","floor":137},{"not_picked":["hubris:SpiceAddiction","SprinkleStarSeal"],"picked":"DeepEcoloBomb+1","floor":139},{"not_picked":["6A","SporeBomb+1"],"picked":"Occultation","floor":141},{"not_picked":["MysteriousBeam+1","GravityBeat+1"],"picked":"SporeBomb+1","floor":144},{"not_picked":["hubris:SpiceAddiction","PulseMagic"],"picked":"ManaRampage","floor":145},{"not_picked":["GrandCross","DoubleSpark"],"picked":"ChargeUpSpray","floor":146},{"not_picked":["SuperNova","BigCrunch"],"picked":"UltimateShortwave","floor":147},{"not_picked":["DC","6A+1"],"picked":"Acceleration+1","floor":148},{"not_picked":["StarDustReverie","WitchOfGreed"],"picked":"SuperPerseids","floor":150},{"not_picked":["AbsoluteMagnitude","TreasureHunter"],"picked":"StarDustReverie","floor":152}],"player_experience":52748,"relics_obtained":[{"floor":6,"key":"Bottled Lightning"},{"floor":8,"key":"Turnip"},{"floor":9,"key":"hubris:DuctTape"},{"floor":18,"key":"Mummified Hand"},{"floor":21,"key":"CeramicFish"},{"floor":24,"key":"StoneCalendar"},{"floor":26,"key":"Vajra"},{"floor":37,"key":"Boot"},{"floor":38,"key":"hubris:SphereOfDissonance"},{"floor":40,"key":"Incense Burner"},{"floor":42,"key":"Strawberry"},{"floor":43,"key":"Anchor"},{"floor":48,"key":"Whetstone"},{"floor":55,"key":"BigShroomBag"},{"floor":60,"key":"Eternal Feather"},{"floor":73,"key":"Gambling Chip"},{"floor":88,"key":"Bronze Scales"},{"floor":101,"key":"hubris:Spice"},{"floor":131,"key":"hubris:Spice"},{"floor":150,"key":"Calipers"}],"event_choices":[{"damage_healed":0,"gold_gain":75,"player_choice":"Gold","damage_taken":11,"max_hp_gain":0,"max_hp_loss":0,"event_name":"betterThird:BetterGoop","floor":5,"gold_loss":0},{"damage_healed":0,"gold_gain":0,"player_choice":"Obtained Relic","damage_taken":0,"relics_obtained":["Oddly Smooth Stone"],"max_hp_gain":0,"max_hp_loss":0,"event_name":"Addict","floor":20,"gold_loss":85},{"damage_healed":0,"gold_gain":0,"player_choice":"Became a Ghost","damage_taken":0,"max_hp_gain":0,"max_hp_loss":45,"event_name":"Ghosts","floor":25,"gold_loss":0,"cards_obtained":["Ghostly","Ghostly","Ghostly","Ghostly","Ghostly"]},{"damage_healed":0,"gold_gain":0,"player_choice":"Traded Relic","damage_taken":0,"relics_obtained":["Nloth\u0027s Gift"],"max_hp_gain":0,"max_hp_loss":0,"event_name":"N\u0027loth","floor":30,"relics_lost":["Shuriken"],"gold_loss":0},{"damage_healed":0,"gold_gain":0,"player_choice":"Embrace Madness","damage_taken":6,"max_hp_gain":0,"max_hp_loss":0,"event_name":"Winding Halls","floor":39,"gold_loss":0,"cards_obtained":["Madness","Madness"]},{"damage_healed":0,"gold_gain":30,"player_choice":"Searched \u00273\u0027 times","damage_taken":0,"relics_obtained":["hubris:Spice"],"max_hp_gain":0,"max_hp_loss":0,"event_name":"Dead Adventurer","floor":54,"gold_loss":0},{"damage_healed":0,"gold_gain":0,"player_choice":"Fought Mushrooms","damage_taken":0,"max_hp_gain":0,"max_hp_loss":0,"event_name":"Mushrooms_MRS","floor":55,"gold_loss":0},{"damage_healed":67,"gold_gain":0,"player_choice":"Upgrade","damage_taken":13,"max_hp_gain":0,"max_hp_loss":67,"event_name":"betterThird:BetterShining","floor":61,"gold_loss":0,"cards_upgraded":["MachineGunSpark","Ghostly"]},{"damage_healed":0,"gold_gain":0,"player_choice":"Upgraded","damage_taken":0,"max_hp_gain":0,"max_hp_loss":0,"event_name":"Upgrade Shrine","floor":71,"gold_loss":0,"cards_upgraded":["hubris:DuctTapeCard"]},{"cards_removed":["DarkMatter"],"damage_healed":0,"gold_gain":0,"player_choice":"Gave Card","damage_taken":0,"relics_obtained":["Gremlin Horn"],"max_hp_gain":0,"max_hp_loss":0,"event_name":"WeMeetAgain","floor":87,"gold_loss":0},{"damage_healed":0,"gold_gain":0,"player_choice":"Copied","damage_taken":0,"max_hp_gain":0,"max_hp_loss":0,"event_name":"Duplicator","floor":95,"gold_loss":0,"cards_obtained":["SprinkleStarSeal"]},{"damage_healed":0,"gold_gain":0,"player_choice":"Donut","damage_taken":0,"max_hp_gain":5,"max_hp_loss":0,"event_name":"Big Fish","floor":104,"gold_loss":0},{"damage_healed":0,"gold_gain":0,"player_choice":"Slimed","damage_taken":11,"max_hp_gain":0,"max_hp_loss":0,"event_name":"betterThird:BetterGoop","floor":109,"gold_loss":25},{"damage_healed":0,"gold_gain":0,"player_choice":"Rummage","damage_taken":0,"relics_obtained":["WarpedTongs"],"max_hp_gain":0,"max_hp_loss":0,"event_name":"Accursed Blacksmith","floor":110,"gold_loss":0,"cards_obtained":["Pain"]},{"damage_healed":0,"gold_gain":0,"player_choice":"Obtained Relic","damage_taken":0,"relics_obtained":["hubris:Spice"],"max_hp_gain":0,"max_hp_loss":0,"event_name":"Addict","floor":121,"gold_loss":85},{"cards_removed":["PowerUp"],"damage_healed":0,"gold_gain":0,"player_choice":"Gave Gold","damage_taken":0,"max_hp_gain":0,"max_hp_loss":0,"event_name":"Beggar","floor":123,"gold_loss":75},{"damage_healed":0,"gold_gain":0,"player_choice":"Madness","damage_taken":0,"relics_obtained":["betterThird:NestCultRelic"],"max_hp_gain":0,"max_hp_loss":0,"event_name":"betterThird:BetterNest","floor":126,"gold_loss":0},{"damage_healed":0,"gold_gain":0,"player_choice":"Embrace Madness","damage_taken":7,"max_hp_gain":0,"max_hp_loss":0,"event_name":"Winding Halls","floor":138,"gold_loss":0,"cards_obtained":["Madness","Madness"]}],"is_beta":false,"boss_relics":[{"not_picked":["hubris:RunicObelisk","energizedSpire:NeverEndingSparkler"],"picked":"BewitchedHakkero"},{"not_picked":["Velvet Choker","hubris:VirtuousBlindfold"],"picked":"expansioncontent:StudyCardRelic"},{"not_picked":["hubris:GrandSneckoEye","energizedSpire:OgreHead"],"picked":"Sozu"},{"not_picked":["hubris:Spice","hubris:Spice","hubris:GrandSneckoEye"]},{"not_picked":["Snecko Eye","energizedSpire:NeverEndingSparkler","hubris:Spice"]},{"not_picked":["hubris:Spice","hubris:Spice","hubris:Spice"]},{"not_picked":["hubris:Spice","hubris:Spice"],"picked":"RampagingMagicTools"},{"not_picked":["hubris:RunicObelisk","hubris:Spice"],"picked":"hubris:Backtick"},{"not_picked":["hubris:Spice","hubris:Spice","hubris:Spice"]}],"items_purged_floors":[],"is_endless":true,"potions_floor_spawned":[4,11,16,18,19,40,44,46,48,54,58,59,64,65,69,70,79,80,81,82,86,89,94,98,99,101,103,106,113,114,116,127,131,132,133,137,146,147,150,152],"ascension_level":0}}