{"host":"bnl7o5cb2omwu7ka","time":1608077114,"event":{"mods":["AchievementEnabler","BaseMod","BetterRewards","Block Reminder","Colored Map","Colored Powertips","Conspire","Duelist Mod","Energized Spire","Googly Eyes","Highlight Path","Infinite Spire","Jedi Mod","Mimic Mod","Minty Spire (QoL Compilation)","Permanent Neow","Quick Restart","Rare Cards Sparkle","Replay The Spire","Spikes Relics","StSLib","The Blackbeard","The IronCluck","egg","everything is the same but u backflip on backflip","slay the spire mod where everything is the same but ironclad has a cowboy hat"],"gold_per_floor":[118,118,132,150,188,218,218,250,276,276,287,303,303,303,303,303,303],"floor_reached":16,"playtime":1488,"items_purged":[],"score":110,"play_id":"90541716-3166-4b6d-987b-d7c2478c6e69","local_time":"20201215190514","is_ascension_mode":false,"campfire_choices":[{"data":"Shrug It Off","floor":7,"key":"SMITH"},{"data":"Double Tap","floor":10,"key":"SMITH"},{"data":"Armaments","floor":14,"key":"SMITH"},{"data":"Strike_R","floor":15,"key":"PURGE"}],"circlet_count":0,"master_deck":["Strike_R","Strike_R","Strike_R","Defend_R","Defend_R","Defend_R","Defend_R","Bash+1","Sword Boomerang","Shrug It Off+1","Iron Wave","Iron Wave","Double Tap+1","Armaments+1","Pommel Strike","jedi:suffering"],"relics":["Burning Blood","Replay:Baseball","Blue Doll","Replay:Rubber Ducky","jedi:arcanewood"],"acts_visited":["Exordium"],"potions_floor_usage":[],"damage_taken":[{"damage":10,"enemies":"Jaw Worm","floor":1,"turns":4},{"damage":6,"enemies":"2 Louse","floor":3,"turns":2},{"damage":6,"enemies":"Cultist","floor":4,"turns":3},{"damage":8,"enemies":"Looter","floor":5,"turns":10},{"damage":5,"enemies":"Gremlin Nob","floor":6,"turns":4},{"damage":29,"enemies":"Lagavulin","floor":8,"turns":7},{"damage":10,"enemies":"Looter","floor":11,"turns":3},{"damage":9,"enemies":"Large Slime","floor":12,"turns":7},{"damage":46,"enemies":"Slime Boss","floor":16,"turns":11}],"seed_played":"-7694252524336987512","potions_obtained":[{"floor":1,"key":"Weak Potion"},{"floor":4,"key":"Swift Potion"},{"floor":6,"key":"Explosive Potion"},{"floor":11,"key":"Reflective Coating"}],"is_trial":false,"path_per_floor":["M","?","M","M","MIM","E","R","E","T","R","M","M","?","R","R_BF","B"],"character_chosen":"IRONCLAD","items_purchased":[],"campfire_rested":0,"item_purchase_floors":[],"current_hp_per_floor":[76,76,76,76,74,75,75,52,52,52,48,45,45,45,45,0,0],"gold":303,"neow_bonus":"UPGRADE_CARD","is_daily":false,"chose_seed":false,"campfire_upgraded":3,"win_rate":0.0,"timestamp":1608077114,"path_taken":["M","?","M","M","?","E","R","E","T","R","?","M","?","?","R_BF","BOSS"],"items_purchased_type":[],"build_version":"2020-12-13","purchased_purges":0,"victory":false,"max_hp_per_floor":[80,80,80,80,80,80,80,80,80,80,80,80,80,80,80,80,80],"card_choices":[{"not_picked":["Ghostly Armor","jedi:fear"],"picked":"Sword Boomerang","floor":1},{"not_picked":["conspire:ExplosiveBarrier","jedi:MakeshiftSword"],"picked":"Shrug It Off","floor":3},{"not_picked":["Second Wind","Battle Trance"],"picked":"Iron Wave","floor":4},{"not_picked":["Perfected Strike","Warcry"],"picked":"Iron Wave","floor":6},{"not_picked":["Invigoration","conspire:ExplosiveBarrier"],"picked":"Double Tap","floor":8},{"not_picked":["Seeing Red","Clothesline"],"picked":"Armaments","floor":11},{"not_picked":["Dark Embrace","jedi:fear"],"picked":"Pommel Strike","floor":12}],"player_experience":449642,"relics_obtained":[{"floor":5,"key":"Replay:Baseball"},{"floor":6,"key":"Blue Doll"},{"floor":8,"key":"Replay:Rubber Ducky"},{"floor":9,"key":"jedi:arcanewood"}],"event_choices":[{"damage_healed":0,"gold_gain":0,"player_choice":"Leave","damage_taken":0,"max_hp_gain":0,"max_hp_loss":0,"event_name":"conspire:Investor","floor":2,"gold_loss":0},{"damage_healed":0,"gold_gain":0,"cards_transformed":["Strike_R"],"player_choice":"Transformed","damage_taken":0,"max_hp_gain":0,"max_hp_loss":0,"event_name":"Transmorgrifier","floor":13,"gold_loss":0,"cards_obtained":["jedi:suffering"]}],"is_beta":false,"boss_relics":[],"items_purged_floors":[],"is_endless":false,"potions_floor_spawned":[1,4,6,11,12],"killed_by":"Slime Boss","ascension_level":0}}