{"host":"o3b7ow6d1xe49css","time":1608115422,"event":{"mods":["2.2 Compatiblity","Act Like it!","Aspiration","BaseMod","Bestiary","Better Altar","Better Match","Better Note","Better Sensory Stone","Better Skull","Better Third Choice","Colored Powertips","Conspire","Downfall","Elementarium","Energized Spire","Force Act Four","GifTheSpireLib","Halation","Hermit","Hubris","Infinite Spire","Minty Spire (QoL Compilation)","Quick Restart","Replay The Spire","Spicy Shops","Spikes Relics","StSLib","Stuff the Spire","The Blue Laboratory","The Jungle","Wandering Minibosses","vexMod"],"gold_per_floor":[111,127,143,160,160,188,188,223,223,251,280,59,59,124,124,221,221,235,246,260,260,134,134,165,165,165,195,195,294,294,307,307,406,356,376,386,386,386,398,423,423,423,449,481,377,70,103,153,153,256,256,256,18,38,128],"floor_reached":56,"playtime":1941,"items_purged":["Strike_R","Strike_R","Strike_R"],"score":1865,"play_id":"32d029f0-9e82-4dec-a06c-b08b0a91e404","local_time":"20201216014342","daily_mods":["Heirloom","Flight"],"is_ascension_mode":true,"campfire_choices":[{"floor":13,"key":"REST"},{"data":"Demon Form","floor":15,"key":"SMITH"},{"floor":23,"key":"RECALL"},{"data":"Heavy Blade","floor":30,"key":"SMITH"},{"data":"infinitespire:SevenWalls","floor":32,"key":"SMITH"},{"data":"Feed","floor":41,"key":"SMITH"},{"data":"Flame Barrier","floor":42,"key":"SMITH"},{"data":"Offering","floor":49,"key":"SMITH"},{"data":"Limit Break","floor":52,"key":"SMITH"}],"circlet_count":0,"master_deck":["Defend_R","Defend_R","Defend_R","Defend_R","Bash","Heavy Blade","Pommel Strike","Shockwave","Feed+1","Demon Form+1","StuffTheSpire:Slingshot","Headbutt","Flame Barrier+1","ReplayTheSpireMod:LeadingStrike","Reaper","Heavy Blade+1","Sword Boomerang","infinitespire:SevenWalls+1","Sword Boomerang+1","Offering+1","Strike_R","Demon Form","Impervious","StuffTheSpire:TitanForm","Whirlwind","Limit Break+1"],"relics":["Burning Blood","Ring of Chaos","GolemAmulet","Juzu Bracelet","Replay:PocketPolymizer","hubris:SphereOfDissonance","hubris:Metronome","aspiration:DSix","Orrery","aspiration:TomeofQuesting","Snecko Eye","Torii","vexMod:BarristanHead","ReplayTheSpireMod:TigerMarble","energizedSpire:HugeHouse","Replay:Bottled Steam","wanderingMiniBosses:Blackblade","halation:PromiseList","Happy Flower","StuffTheSpire:NeowsTribute","Vajra","Lee\u0027s Waffle","hubris:ToyBattleship","hubris:MedicalManual","StuffTheSpire:Kangaroo","Ring of Chaos","hubris:Reverence","Lantern"],"acts_visited":["Exordium","TheCity","TheBeyond","Exordium","TheEnding"],"potions_floor_usage":[4,6,10,16,39,39,55],"damage_taken":[{"damage":6,"enemies":"Cultist","floor":1,"turns":3},{"damage":18,"enemies":"Small Slimes","floor":2,"turns":6},{"damage":3,"enemies":"conspire:RoseBush","floor":3,"turns":4},{"damage":1,"enemies":"Blue Slaver","floor":4,"turns":2},{"damage":38,"enemies":"3 Sentries","floor":6,"turns":8},{"damage":27,"enemies":"Gremlin Nob","floor":8,"turns":4},{"damage":17,"enemies":"Lagavulin","floor":10,"turns":5},{"damage":12,"enemies":"Replay:BlueRogue","floor":11,"turns":4},{"damage":14,"enemies":"3 Sentries","floor":14,"turns":6},{"damage":2,"enemies":"Fading Forest","floor":16,"turns":7},{"damage":0,"enemies":"Chosen","floor":18,"turns":2},{"damage":0,"enemies":"Spheric Guardian","floor":19,"turns":1},{"damage":14,"enemies":"Centurion and Healer","floor":20,"turns":2},{"damage":0,"enemies":"Nightmare","floor":24,"turns":2},{"damage":0,"enemies":"conspire:SneckoGhost","floor":27,"turns":2},{"damage":0,"enemies":"Snake Plant","floor":31,"turns":1},{"damage":0,"enemies":"hubris:MusketHawk","floor":33,"turns":4},{"damage":0,"enemies":"Orb Walker","floor":35,"turns":1},{"damage":14,"enemies":"3 Darklings","floor":36,"turns":3},{"damage":0,"enemies":"Transient","floor":39,"turns":4},{"damage":8,"enemies":"Nightmare","floor":40,"turns":5},{"damage":0,"enemies":"Giant Head","floor":44,"turns":2},{"damage":0,"enemies":"Nemesis","floor":47,"turns":1},{"damage":0,"enemies":"Mind Bloom Boss Battle","floor":48,"turns":2},{"damage":1,"enemies":"Awakened One","floor":50,"turns":4},{"damage":0,"enemies":"Shield and Spear","floor":54,"turns":2},{"damage":8,"enemies":"The Heart","floor":55,"turns":5}],"seed_played":"-6312464475514543990","potions_obtained":[{"floor":3,"key":"blueLaboratory:BottleOfVodka"},{"floor":4,"key":"blueLaboratory:BottleOfVodka"},{"floor":8,"key":"AttackPotion"},{"floor":14,"key":"blueLaboratory:RecallPotion"},{"floor":19,"key":"Doom Potion"},{"floor":31,"key":"Languid Potion"},{"floor":33,"key":"BlessingOfTheForge"},{"floor":35,"key":"LiquidMemories"},{"floor":40,"key":"ElixirPotion"},{"floor":44,"key":"blueLaboratory:RememoryPotion"}],"is_trial":true,"path_per_floor":["M","M","M","M","?","E","?","E","T","E","E","$","R","?","R","B",null,"M","M","M","?","$","R","NM","AVR","T","E","?","?","R","M","R","B",null,"M","M","AVR","?","M","NM","R","R","T","E","$","$","E","?","R","B",null,"R","$","E","B",null],"character_chosen":"IRONCLAD","items_purchased":["aspiration:DSix","Orrery","Sword Boomerang","Whirlwind","Vajra","Lee\u0027s Waffle","hubris:Reverence"],"campfire_rested":1,"item_purchase_floors":[12,12,22,45,46,46,53],"current_hp_per_floor":[80,68,71,76,76,44,44,23,29,20,14,14,40,37,37,49,80,90,90,82,85,85,85,90,90,90,92,92,92,92,92,92,95,90,90,90,90,90,92,92,92,92,92,94,94,101,101,101,101,101,101,101,101,101,101],"gold":128,"neow_bonus":"","is_daily":false,"chose_seed":false,"campfire_upgraded":7,"win_rate":0.0,"timestamp":1608115422,"path_taken":["M","M","M","?","?","E","?","E","T","E","E","$","R","?","R","BOSS","M","M","M","?","$","R","NM","AVR","T","E","?","?","R","M","R","BOSS","M","M","AVR","?","M","NM","R","R","T","E","$","$","E","?","R","BOSS","R","$","E","BOSS"],"items_purchased_type":["Relic","Relic","Card","Card","Relic","Relic","Relic"],"build_version":"2020-12-13","purchased_purges":3,"victory":true,"max_hp_per_floor":[80,80,80,80,80,80,80,80,86,88,88,88,88,90,90,90,90,90,90,90,90,90,90,90,90,90,92,92,92,92,92,92,95,90,90,90,90,90,92,94,94,94,94,94,94,101,101,101,101,101,101,101,101,101,101],"card_choices":[{"not_picked":["ReplayTheSpireMod:Corrosion Curse","Thunderclap"],"picked":"Heavy Blade","floor":1},{"not_picked":["Sword Boomerang","Warcry"],"picked":"Pommel Strike","floor":2},{"not_picked":["ReplayTheSpireMod:Stacked","ReplayTheSpireMod:Strike From Hell"],"picked":"ReplayTheSpireMod:Muscle Training","floor":3},{"not_picked":["StuffTheSpire:RockThrow","Second Wind","Combust"],"picked":"SKIP","floor":4},{"not_picked":["Clothesline","Fire Breathing"],"picked":"Shockwave","floor":6},{"not_picked":["ReplayTheSpireMod:Stacked","Warcry"],"picked":"Feed","floor":8},{"not_picked":["Fire Breathing","Blood for Blood"],"picked":"Demon Form","floor":10},{"not_picked":["Rage","Reckless Charge"],"picked":"StuffTheSpire:Slingshot","floor":11},{"not_picked":["Run Through","StuffTheSpire:Incineration"],"picked":"Headbutt","floor":12},{"not_picked":["Invigoration","Iron Wave"],"picked":"Flame Barrier","floor":12},{"not_picked":["Carnage","Combust"],"picked":"ReplayTheSpireMod:LeadingStrike","floor":12},{"not_picked":["StuffTheSpire:TitanForm","Immolate"],"picked":"Reaper","floor":16},{"not_picked":["Armaments","Dual Wield","StuffTheSpire:RockThrow"],"picked":"SKIP","floor":18},{"not_picked":["Heavy Blade","Armaments","StuffTheSpire:Incineration+1"],"picked":"SKIP","floor":19},{"not_picked":["Invigoration+1","Evolve+1"],"picked":"Heavy Blade","floor":20},{"not_picked":["infinitespire:DeathsTouch","infinitespire:SealOfDarkness+"],"picked":"infinitespire:SevenWalls","floor":24},{"not_picked":["Armaments+1","Wild Strike","Heavy Blade"],"picked":"SKIP","floor":24},{"not_picked":["Brutality","Perfected Strike","Exhume"],"picked":"SKIP","floor":27},{"not_picked":["Clothesline","Headbutt"],"picked":"Sword Boomerang+1","floor":31},{"not_picked":["Double Tap","Demon Form"],"picked":"Offering","floor":33},{"not_picked":["Body Slam+1","Flex","BarbarianYell+1"],"picked":"SKIP","floor":35},{"not_picked":["Absolvement","ReplayTheSpireMod:LeadingStrike+1","Warcry"],"picked":"SKIP","floor":36},{"not_picked":["wanderingMiniBosses:FinaleOfPromise"],"picked":"SKIP","floor":39},{"not_picked":["Flex+1","Iron Wave","Shrug It Off"],"picked":"SKIP","floor":39},{"not_picked":["hubris:ReadiedAction","StuffTheSpire:Incineration+1","Rage"],"picked":"SKIP","floor":40},{"not_picked":["hubris:ReadiedAction","StuffTheSpire:Incineration+1","Rage"],"picked":"SKIP","floor":40},{"not_picked":["Anger+1","StuffTheSpire:RagingBull+1"],"picked":"StuffTheSpire:TitanForm","floor":44},{"not_picked":["Seeing Red","Thunderclap","Battle Trance+1"],"picked":"SKIP","floor":47},{"not_picked":["hubris:StunningStrike","StuffTheSpire:TitanForm"],"picked":"Limit Break","floor":50},{"not_picked":["Shrug It Off","True Grit","Entrench"],"picked":"SKIP","floor":54}],"player_experience":1716040,"relics_obtained":[{"floor":6,"key":"Juzu Bracelet"},{"floor":8,"key":"Replay:PocketPolymizer"},{"floor":9,"key":"vexMod:BerryBomb"},{"floor":10,"key":"hubris:SphereOfDissonance"},{"floor":11,"key":"hubris:Metronome"},{"floor":24,"key":"Torii"},{"floor":27,"key":"ReplayTheSpireMod:TigerMarble"},{"floor":39,"key":"wanderingMiniBosses:Blackblade"},{"floor":40,"key":"halation:PromiseList"},{"floor":43,"key":"Happy Flower"},{"floor":44,"key":"StuffTheSpire:NeowsTribute"},{"floor":47,"key":"hubris:ToyBattleship"},{"floor":48,"key":"hubris:MedicalManual"},{"floor":54,"key":"Lantern"}],"event_choices":[{"damage_healed":0,"gold_gain":0,"player_choice":"Upgraded","damage_taken":0,"max_hp_gain":0,"max_hp_loss":0,"event_name":"Upgrade Shrine","floor":5,"gold_loss":0,"cards_upgraded":["ReplayTheSpireMod:Muscle Training"]},{"damage_healed":0,"gold_gain":0,"player_choice":"Leave","damage_taken":0,"max_hp_gain":0,"max_hp_loss":0,"event_name":"conspire:Investor","floor":7,"gold_loss":0},{"damage_healed":0,"gold_gain":0,"player_choice":"Searched \u00272\u0027 times","damage_taken":0,"relics_obtained":["aspiration:TomeofQuesting"],"max_hp_gain":0,"max_hp_loss":0,"event_name":"Dead Adventurer","floor":14,"gold_loss":0},{"damage_healed":0,"gold_gain":0,"player_choice":"Ignored","damage_taken":0,"max_hp_gain":0,"max_hp_loss":0,"event_name":"betterNote:BetterNote","floor":21,"gold_loss":0,"cards_obtained":["Strike_R"]},{"damage_healed":0,"gold_gain":0,"player_choice":"Bought 0 Potions","damage_taken":0,"max_hp_gain":0,"max_hp_loss":0,"event_name":"The Woman in Blue","floor":28,"gold_loss":0},{"damage_healed":0,"gold_gain":99,"player_choice":"Steal","damage_taken":0,"max_hp_gain":0,"max_hp_loss":0,"event_name":"betterThird:BetterNest","floor":29,"gold_loss":0},{"damage_healed":0,"gold_gain":0,"player_choice":"Got Potions","damage_taken":0,"max_hp_gain":0,"max_hp_loss":0,"event_name":"Lab","floor":38,"gold_loss":0},{"damage_healed":0,"gold_gain":0,"player_choice":"Fight","damage_taken":0,"max_hp_gain":0,"max_hp_loss":0,"event_name":"MindBloom","floor":48,"gold_loss":0}],"is_beta":false,"boss_relics":[{"not_picked":["CosmicIsotope","Replay:Bronze Core"],"picked":"Snecko Eye"},{"not_picked":["hubris:HollowSoul","Kintsugi"],"picked":"energizedSpire:HugeHouse"},{"not_picked":["energizedSpire:NeverEndingSparkler","ReplayTheSpireMod:DimensionalGlitch"],"picked":"StuffTheSpire:Kangaroo"}],"items_purged_floors":[22,25,37],"is_endless":true,"potions_floor_spawned":[3,4,8,14,19,31,33,35,40,44,50,55],"ascension_level":5}}