{"host":"flm17o2q7bfjyna6","time":1608134307,"event":{"mods":["2.2 Compatiblity","Act Like it!","BaseMod","Better Altar","Better Match","Better Note","Better Sensory Stone","Better Skull","Better Third Choice","Better Vampires","Colored Map","Colored Powertips","DeckTracker","Hermit","Minty Spire (QoL Compilation)","Quick Restart","Replay The Spire","Spicy Shops","StSLib","Wandering Minibosses"],"gold_per_floor":[119,119,134,134,149,184,184,214,239,239,239,274,207,37,37,142,142,162,177,177,90,90,125,160,195,220,255,255,42,42,61,61,166,166,186,231,81,81,19,19,19,54,54,74,109,34,71,106,106,111],"floor_reached":51,"playtime":3927,"items_purged":[],"score":924,"play_id":"25523977-148a-48ad-a7e1-10c17c62329e","local_time":"20201216105827","daily_mods":["SealedDeck","Flight","Terminal"],"is_ascension_mode":false,"campfire_choices":[{"data":"hermit:Vantage","floor":7,"key":"SMITH"},{"data":"hermit:HighCaliber","floor":10,"key":"SMITH"},{"data":"hermit:Dive","floor":11,"key":"SMITH"},{"data":"hermit:FlashPowder","floor":15,"key":"SMITH"},{"data":"hermit:RoundhouseKick","floor":28,"key":"SMITH"},{"data":"Trip","floor":30,"key":"SMITH"},{"data":"Panacea","floor":32,"key":"SMITH"},{"data":"Survey Options","floor":40,"key":"SMITH"},{"data":"hermit:TakeAim","floor":41,"key":"SMITH"},{"data":"Bandage Up","floor":49,"key":"SMITH"}],"circlet_count":0,"master_deck":["hermit:HighCaliber+1","hermit:Glare","hermit:BigShot","hermit:Virtue","hermit:Ricochet+1","hermit:Ricochet","hermit:Vantage+1","hermit:Dive+1","hermit:WideOpen+1","hermit:Scavenge","hermit:Deadeye","hermit:FlashPowder+1","hermit:Enervate","Bandage Up+1","hermit:RoundhouseKick+1","Flash of Steel","hermit:Horror","hermit:Spite","hermit:TakeAim+1","Thinking Ahead","Trip+1","Panacea+1","hermit:CalledShot+1","Survey Options+1","Replay:Parry","hermit:Enervate+1","hermit:Dive+1","hermit:BodyArmor+1","hermit:Dive+1"],"relics":["hermit:Momento","StrikeDummy","hermit:Spyglass","Pen Nib","Replay:Wax Seal","Whetstone","Replay:Bronze Core","MutagenicStrength","Divine Protection","Bird Faced Urn","Replay:Accelerometer","Ancient Tea Set","Pantograph","Membership Card","ReplayTheSpireMod:ShopPack","Red Mask","hermit:BartenderGlass","hermit:CharredGlove","Lee\u0027s Waffle","Replay:Baseball","Pondfish Scales","Molten Egg 2","Toxic Egg 2","Sundial","Blood Vial","ClockworkSouvenir","Replay:Kaleidoscope","Bottled Lightning"],"acts_visited":["Exordium","TheCity","TheBeyond"],"potions_floor_usage":[35,35,35,36,36,42,47,47,50,50,50],"damage_taken":[{"damage":0,"enemies":"Jaw Worm","floor":1,"turns":3},{"damage":0,"enemies":"Cultist","floor":3,"turns":3},{"damage":0,"enemies":"2 Louse","floor":5,"turns":1},{"damage":7,"enemies":"Gremlin Nob","floor":6,"turns":3},{"damage":8,"enemies":"3 Sentries","floor":8,"turns":5},{"damage":0,"enemies":"Replay:BlueRogue","floor":12,"turns":5},{"damage":0,"enemies":"Fading Forest","floor":16,"turns":11},{"damage":1,"enemies":"Spheric Guardian","floor":18,"turns":3},{"damage":0,"enemies":"Chosen","floor":19,"turns":3},{"damage":7,"enemies":"Slavers","floor":23,"turns":5},{"damage":0,"enemies":"Gremlin Leader","floor":24,"turns":5},{"damage":2,"enemies":"Slavers","floor":25,"turns":4},{"damage":0,"enemies":"Gremlin Leader","floor":27,"turns":6},{"damage":0,"enemies":"Masked Bandits","floor":31,"turns":3},{"damage":0,"enemies":"Collector","floor":33,"turns":12},{"damage":4,"enemies":"3 Shapes","floor":35,"turns":7},{"damage":0,"enemies":"2 Orb Walkers","floor":36,"turns":4},{"damage":0,"enemies":"Nemesis","floor":42,"turns":7},{"damage":0,"enemies":"Orb Walker","floor":44,"turns":3},{"damage":0,"enemies":"Giant Head","floor":45,"turns":4},{"damage":1,"enemies":"Reptomancer","floor":47,"turns":4},{"damage":9,"enemies":"Nemesis","floor":48,"turns":6},{"damage":2,"enemies":"Replay:Hell Engine","floor":50,"turns":8}],"seed_played":"4580661739168851385","potions_obtained":[{"floor":3,"key":"SpeedPotion"},{"floor":5,"key":"Dexterity Potion"},{"floor":12,"key":"EssenceOfSteel"},{"floor":33,"key":"DistilledChaos"},{"floor":35,"key":"AttackPotion"},{"floor":42,"key":"hermit:Tonic"}],"is_trial":false,"path_per_floor":["M","?","M","?","M","E","R","E","T","R","R","E","$","$","R","B",null,"M","M","?","$","?","E","E","E","T","E","R","$","R","?","R","B",null,"M","?","$","?","$","R","R","E","T","M","E","$","E","E","R","B",null],"character_chosen":"HERMIT","items_purchased":["hermit:Enervate","Whetstone","Bandage Up","Flash of Steel","Membership Card","ReplayTheSpireMod:ShopPack","Lee\u0027s Waffle","Replay:Baseball","Pondfish Scales","Molten Egg 2","ClockworkSouvenir"],"campfire_rested":0,"item_purchase_floors":[13,14,14,21,29,29,37,37,39,39,46],"current_hp_per_floor":[73,72,71,70,69,62,62,54,54,54,54,54,54,54,54,58,57,56,55,54,53,52,49,50,48,48,47,46,45,44,43,42,41,40,36,38,44,43,42,41,40,39,38,37,36,35,34,25,25,30],"gold":111,"neow_bonus":"","is_daily":true,"chose_seed":false,"campfire_upgraded":10,"win_rate":0.0,"timestamp":1608134307,"path_taken":["M","?","?","?","?","E","R","E","T","R","R","E","$","$","R","BOSS","M","M","?","$","?","E","E","E","T","E","R","$","R","?","R","BOSS","M","?","$","?","$","R","R","E","T","M","E","$","E","E","R","BOSS"],"items_purchased_type":["Card","Relic","Card","Card","Relic","Relic","Relic","Relic","Relic","Relic","Relic"],"build_version":"2020-12-13","purchased_purges":0,"victory":true,"max_hp_per_floor":[73,72,71,70,69,68,67,66,65,64,63,62,61,60,59,58,57,56,55,54,53,52,51,50,49,48,47,46,45,44,43,42,41,40,39,38,44,43,42,41,40,39,38,37,36,35,34,33,32,31],"card_choices":[{"not_picked":["hermit:BigShot","hermit:CalledShot"],"picked":"hermit:Deadeye","floor":1},{"not_picked":["hermit:Dive","hermit:Desperado"],"picked":"hermit:Quickdraw","floor":3},{"not_picked":["hermit:Dive","hermit:Vantage"],"picked":"hermit:FlashPowder","floor":5},{"not_picked":["hermit:Snipe","hermit:Glare","hermit:TakeCover"],"picked":"SKIP","floor":6},{"not_picked":["hermit:Manifest","hermit:Showdown","hermit:Determination"],"picked":"SKIP","floor":8},{"not_picked":["hermit:Shortfuse","hermit:Deadeye","hermit:Cheat"],"picked":"SKIP","floor":12},{"not_picked":["hermit:Magnum","hermit:Adapt"],"picked":"hermit:RoundhouseKick","floor":16},{"not_picked":["hermit:Dive","hermit:Manifest","hermit:Vantage"],"picked":"SKIP","floor":18},{"not_picked":["hermit:Feint+1","hermit:Reprieve","hermit:Glare"],"picked":"SKIP","floor":19},{"not_picked":["hermit:TakeCover","hermit:Headshot+1","hermit:CalledShot"],"picked":"SKIP","floor":23},{"not_picked":["hermit:Quickdraw","hermit:Snipe"],"picked":"hermit:Horror","floor":24},{"not_picked":["hermit:Determination+1","hermit:Desperado+1"],"picked":"hermit:Spite","floor":25},{"not_picked":["hermit:Dive","hermit:GoldenBullet"],"picked":"hermit:TakeAim","floor":27},{"not_picked":["ReplayTheSpireMod:Necrogeddon","Mayhem"],"picked":"Thinking Ahead","floor":29},{"not_picked":["Forethought","Survey Options"],"picked":"Trip","floor":29},{"not_picked":["PanicButton","Violence"],"picked":"Panacea","floor":29},{"not_picked":["hermit:Quickdraw+1","hermit:Vantage+1","hermit:Misfire+1"],"picked":"SKIP","floor":35},{"not_picked":["hermit:Snipe+1","hermit:NoHoldsBarred"],"picked":"hermit:CalledShot+1","floor":36},{"not_picked":["Replay:Parry","Metamorphosis"],"picked":"Survey Options","floor":38},{"not_picked":["Apotheosis","Replay:Sssssssssstrike"],"picked":"Replay:Parry","floor":38},{"not_picked":["hermit:Desperado+1","hermit:TrackingShot+1","hermit:BlackWind+1"],"picked":"SKIP","floor":42},{"not_picked":["hermit:Roulette+1","hermit:Manifest+1"],"picked":"hermit:Enervate+1","floor":44},{"not_picked":["hermit:Feint+1","hermit:Combo"],"picked":"hermit:Dive+1","floor":45},{"not_picked":["hermit:Spite+1","hermit:Vantage+1"],"picked":"hermit:BodyArmor+1","floor":47},{"not_picked":["hermit:Brawl","hermit:HighCaliber+1"],"picked":"hermit:Dive+1","floor":48}],"player_experience":1576684,"relics_obtained":[{"floor":6,"key":"StrikeDummy"},{"floor":8,"key":"hermit:Spyglass"},{"floor":9,"key":"Pen Nib"},{"floor":12,"key":"Replay:Wax Seal"},{"floor":23,"key":"Divine Protection"},{"floor":24,"key":"Bird Faced Urn"},{"floor":25,"key":"Replay:Accelerometer"},{"floor":26,"key":"Ancient Tea Set"},{"floor":27,"key":"Pantograph"},{"floor":31,"key":"Red Mask"},{"floor":36,"key":"hermit:CharredGlove"},{"floor":42,"key":"Toxic Egg 2"},{"floor":43,"key":"Sundial"},{"floor":45,"key":"Blood Vial"},{"floor":47,"key":"Replay:Kaleidoscope"},{"floor":48,"key":"Bottled Lightning"}],"event_choices":[{"damage_healed":0,"gold_gain":0,"player_choice":"Ignored","damage_taken":0,"max_hp_gain":0,"max_hp_loss":0,"event_name":"Transmorgrifier","floor":2,"gold_loss":0},{"cards_removed":["hermit:Quickdraw"],"damage_healed":0,"gold_gain":0,"player_choice":"Purged","damage_taken":0,"max_hp_gain":0,"max_hp_loss":0,"event_name":"Purifier","floor":4,"gold_loss":0},{"damage_healed":0,"gold_gain":0,"player_choice":"Ignored","damage_taken":0,"max_hp_gain":0,"max_hp_loss":0,"event_name":"Vampires","floor":20,"gold_loss":0},{"damage_healed":0,"gold_gain":0,"player_choice":"Inject Mutagens","damage_taken":0,"relics_obtained":["MutagenicStrength"],"max_hp_gain":0,"max_hp_loss":0,"event_name":"Drug Dealer","floor":22,"gold_loss":0},{"damage_healed":0,"gold_gain":0,"player_choice":"Fought Bandits","damage_taken":0,"max_hp_gain":0,"max_hp_loss":0,"event_name":"Masked Bandits","floor":31,"gold_loss":0},{"damage_healed":0,"gold_gain":0,"player_choice":"Fight","damage_taken":0,"max_hp_gain":0,"max_hp_loss":0,"event_name":"Mysterious Sphere","floor":36,"gold_loss":0},{"damage_healed":0,"gold_gain":3,"player_choice":"1","damage_taken":0,"max_hp_gain":0,"max_hp_loss":0,"event_name":"betterStone:BetterStone","floor":38,"gold_loss":0}],"is_beta":false,"boss_relics":[{"not_picked":["Abe\u0027s Treasure","Empty Cage"],"picked":"Replay:Bronze Core"},{"not_picked":["Astrolabe","Runic Pyramid"],"picked":"hermit:BartenderGlass"}],"items_purged_floors":[],"is_endless":false,"potions_floor_spawned":[3,5,12,16,18,31,33,35,36,42],"ascension_level":0}}