{"host":"h792lphzw6wlba86","time":1608085819,"event":{"mods":["AchievementEnabler","Aspiration","Bard","BaseMod","Beaked The Cultist","Better Altar","Better Match","Better Note","Better Sensory Stone","Better Skull","Better Third Choice","BetterRewards","CCEM","Clawfect","Colored Map","Conspire","Downfall","GifTheSpireLib","Googly Eyes","Halation","Hermit","Highlight Path","Hubris","Hunter ??","Jedi Mod","Jorbs\u0027s Wanderer Trilogy","Mad Scientist","Marisa????????","Mimic Mod","Minty Spire (QoL Compilation)","Permanent Neow","Replay The Spire","Shade Mod","Shop Mod","Spicy Shops","StSLib","Stuff the Spire","The Administrix","The Blackbeard","The Bug Knight","The Construct","The Cursed","The Disciple","The Gatherer","The Hierophant","The IronCluck","The Jungle","The Mystic","The Necromancer","The Problem Sleuth","The Runesmith","The Servant 0.9.4","The Spell Scribe","The Witch","Unceasing Turn Reminder","everything is the same but u backflip on backflip","slay the spire mod where everything is the same but ironclad has a cowboy hat"],"gold_per_floor":[199,212,2,2,452,377,377,405,419,453,195,195,222,242,256,360,360,285,306,306,341,360,360,360,396,321,355,355,355,374,146,170,292,292,292,292,292,318,336,336,418,418,440,440,440,440,130,143,160,160],"floor_reached":51,"playtime":6700,"items_purged":["hexamod:Defend","Slimebound:Icky","Slimebound:Icky","hexamod:Strike","hexamod:Defend","hexamod:Defend","hexamod:SecondSeal"],"score":791,"play_id":"080fae7f-5efe-46a4-bc91-d28ecfd9edc1","local_time":"20201215203019","is_ascension_mode":false,"campfire_choices":[{"floor":1.0,"key":"RECALL"},{"data":"Crow Ritual","floor":4.0,"key":"SMITH"},{"data":"Replay:SS_hec_2","floor":6.0,"key":"SMITH"},{"data":"hexamod:SuperheatedStrike","floor":18,"key":"SMITH"},{"data":"hexamod:Strike","floor":23,"key":"PURGE"},{"data":"Slimebound:Icky","floor":26,"key":"PURGE"},{"data":"hexamod:Strike","floor":35,"key":"PURGE"},{"data":"Replay:SS_hec_2","floor":40,"key":"SMITH"},{"data":"hexamod:Defend","floor":42,"key":"PURGE"},{"data":"hexamod:GhostflameBarrier","floor":44,"key":"SMITH"}],"circlet_count":0,"master_deck":["hexamod:Sear","hexamod:Float","hexamod:SuperheatedStrike+1","hexamod:Hexaguard","Crow Ritual+1","Replay:SS_hec_2+1","Jack Of All Trades+1","hexamod:FirstSeal","hexamod:SpectralAdrenaline+1","hexamod:ThermalTransfer","hexamod:EmpoweredFlame","hexamod:HexaLevel+1","hexamod:GhostflameBarrier+1","hexamod:SoulSteal","hexamod:FastForward","Replay:SS_hec_2+1","hexamod:SkipABeat+1","hexamod:ThirdSeal","hexamod:FastForward+1","hexamod:GhostflameBarrier+1"],"relics":["StuffTheSpire:OccultApparatus","ReplayTheSpireMod:ShopPack","downfall:HeartBlessingRed","Question Card","Gremlin Horn","Peace Pipe","Philosopher\u0027s Stone","downfall:HeartBlessingBlue","Lizard Tail","halation:VictoryRuler","CCEMRelics:Francisca","downfall:HeartBlessingGreen","Unceasing Top","conspire:Dentures","Painkiller Herb","Guide Book","conspire:GiftBox","conspire:DeflatedDodgeball","aspiration:FrozenJewel","Replay:Mystery Machine"],"acts_visited":["Exordium","TheCity","TheBeyond"],"potions_floor_usage":[16,19,32],"damage_taken":[{"damage":0.0,"enemies":"Cultist","floor":2.0,"turns":4.0},{"damage":0.0,"enemies":"downfall:FleeingMerchant","floor":3.0,"turns":4.0},{"damage":4.0,"enemies":"Replay:BlueRogue","floor":8.0,"turns":7.0},{"damage":0.0,"enemies":"Small Slimes","floor":9.0,"turns":3.0},{"damage":18.0,"enemies":"3 Sentries","floor":10.0,"turns":9.0},{"damage":0.0,"enemies":"downfall:FleeingMerchant","floor":11.0,"turns":4.0},{"damage":0,"enemies":"Jaw Worm","floor":13,"turns":4},{"damage":4,"enemies":"2 Fungi Beasts","floor":14,"turns":4},{"damage":0,"enemies":"3 Louse","floor":15,"turns":3},{"damage":0,"enemies":"downfall:Watcher","floor":16,"turns":11},{"damage":1,"enemies":"Chosen","floor":19,"turns":7},{"damage":20,"enemies":"Replay:Snechameleon","floor":21,"turns":8},{"damage":10,"enemies":"conspire:FuzzyDice","floor":22,"turns":7},{"damage":40,"enemies":"Slavers","floor":25,"turns":8},{"damage":3,"enemies":"conspire:SneckoGhost","floor":27,"turns":9},{"damage":0,"enemies":"Sentry and Sphere","floor":30,"turns":5},{"damage":0,"enemies":"downfall:FleeingMerchant","floor":31,"turns":4},{"damage":0,"enemies":"Snecko","floor":32,"turns":8},{"damage":25,"enemies":"downfall:Ironclad","floor":33,"turns":10},{"damage":81,"enemies":"Reptomancer","floor":38,"turns":7},{"damage":0,"enemies":"3 Shapes","floor":39,"turns":5},{"damage":0,"enemies":"Orb Walker","floor":43,"turns":3},{"damage":6,"enemies":"downfall:FleeingMerchant","floor":47,"turns":4},{"damage":0,"enemies":"Maw","floor":48,"turns":8},{"damage":0,"enemies":"Writhing Mass","floor":49,"turns":6},{"damage":31,"enemies":"downfall:Silent","floor":50,"turns":8}],"seed_played":"5617366409391353133","potions_obtained":[{"floor":2.0,"key":"LiquidMemories"},{"floor":10.0,"key":"DistilledChaos"},{"floor":15,"key":"Explosive Potion"},{"floor":16,"key":"BlessingOfTheForge"},{"floor":27,"key":"Fire Potion"},{"floor":32,"key":"Fruit Juice"},{"floor":33,"key":"Explosive Potion"}],"is_trial":false,"path_per_floor":["R","M","$","R","?","R","T","E","M","E","$","?","M","M","M","B",null,"R","M","?","E","M","R","T","E","R","E","?","?","M","$","M","B",null,"T","?","T","E","?","T","T","T","?","T","?","T","T","?","?","B",null],"character_chosen":"THE_SPIRIT","items_purchased":["ReplayTheSpireMod:ShopPack","Peace Pipe","hexamod:ThermalTransfer","Replay:SS_hec_2","Guide Book","Replay:Mystery Machine"],"campfire_rested":0,"item_purchase_floors":[3,11,11,31,37,47],"current_hp_per_floor":[70,70,70,70,70,70,70,66,66,55,62,62,69,70,70,70,70,80,79,79,66,63,63,63,30,30,34,34,34,34,41,46,28,85,85,85,54,56,63,63,63,63,70,70,70,70,71,78,85,54],"gold":160,"neow_bonus":"HUNDRED_GOLD","is_daily":false,"chose_seed":false,"campfire_upgraded":5,"win_rate":0.0,"timestamp":1608085819,"path_taken":["R","M","$","R","?","R","T","E","M","E","$","?","M","?","M","BOSS","R","M","?","E","M","R","T","E","R","E","?","?","?","?","M","BOSS","T","?","?","E","?","T","T","T","?","T","?","?","T","?","?","BOSS"],"items_purchased_type":["Relic","Relic","Card","Card","Relic","Relic"],"build_version":"2020-12-13","purchased_purges":7,"victory":true,"max_hp_per_floor":[70,70,70,70,70,70,70,70,70,70,70,70,70,70,70,70,70,80,80,80,80,80,80,80,80,80,80,80,80,80,80,85,85,85,85,85,85,85,85,85,85,85,85,85,85,85,85,85,85,85],"card_choices":[{"not_picked":["hexamod:Rewind","hexamod:SpectersWail"],"picked":"hexamod:SuperheatedStrike","floor":2.0},{"not_picked":["hexamod:PowerFromBeyond","hexamod:GhostShield"],"picked":"hexamod:Hexaguard","floor":3.0},{"not_picked":["StuffTheSpire:Recharge","Master of Strategy"],"picked":"Crow Ritual","floor":3.0},{"not_picked":["Panache","expansioncontent:YouAreMine"],"picked":"Replay:SS_hec_2","floor":3.0},{"not_picked":["expansioncontent:TimeRipple","Discovery"],"picked":"Jack Of All Trades","floor":3.0},{"not_picked":["hexamod:ParanormalForm","hexamod:ShieldOfDarkness","hexamod:RetreatToShadows"],"picked":"SKIP","floor":8.0},{"not_picked":["hexamod:FastForward","hexamod:ShieldOfDarkness","hexamod:Again"],"picked":"hexamod:FirstSeal","floor":9.0},{"not_picked":["hexamod:DynamicBlow","hexamod:SuperheatedStrike","hexamod:FlamesFromBeyond"],"picked":"hexamod:SecondSeal","floor":10.0},{"not_picked":["hexamod:CatchUp","hexamod:SoulSteal","hexamod:GhostLash"],"picked":"hexamod:SpectralAdrenaline","floor":11.0},{"not_picked":["hexamod:PowerFromBeyond","hexamod:GhostLash","hexamod:SwordOfDarkness","hexamod:GhostShield"],"picked":"SKIP","floor":13},{"not_picked":["hexamod:BacktrackSmack","hexamod:NightmareStrike","hexamod:RainOfEmbers","hexamod:AdvancingGuard"],"picked":"SKIP","floor":14},{"not_picked":["hexamod:HauntingEcho","hexamod:NightmareGuise","hexamod:Toasty"],"picked":"hexamod:EmpoweredFlame","floor":15},{"not_picked":["hexamod:NightmareStrike+1","hexamod:SwordOfDarkness","hexamod:AdvancingGuard","hexamod:StepThrough"],"picked":"SKIP","floor":19},{"not_picked":["hexamod:NightmareGuise","hexamod:GhostOfSpirePresent","hexamod:NightmareStrike+1","hexamod:GhostLash"],"picked":"SKIP","floor":21},{"not_picked":["hexamod:Incineration","hexamod:HauntingEcho+1","hexamod:HeatCrush","hexamod:ShieldOfDarkness+1"],"picked":"SKIP","floor":22},{"not_picked":["hexamod:NecessarySacrifice+1","hexamod:RainOfEmbers","hexamod:NightmareGuise+1"],"picked":"hexamod:GhostflameBarrier","floor":25},{"not_picked":["hexamod:NightmareStrike","hexamod:GhostOfSpireFuture+1","hexamod:Hexaguard"],"picked":"hexamod:SoulSteal","floor":27},{"not_picked":["hexamod:Rewind","hexamod:Firestarter","hexamod:SoulSteal","hexamod:SpectralSpark+1"],"picked":"SKIP","floor":30},{"not_picked":["hexamod:CrushingStance","hexamod:WildfireWeapon","hexamod:Hexaguard"],"picked":"hexamod:FastForward","floor":31},{"not_picked":["hexamod:SpectersWail","hexamod:EmpoweredFlame","hexamod:GhostOfSpireFuture","hexamod:NightmareGuise+1"],"picked":"SKIP","floor":32},{"not_picked":["hexamod:Again","hexamod:BurningTouch","hexamod:Firestarter"],"picked":"hexamod:SkipABeat+1","floor":38},{"not_picked":["hexamod:Haunt+1","hexamod:EtherealExpedition","hexamod:InspiringFlames+1"],"picked":"hexamod:ThirdSeal","floor":39},{"not_picked":["hexamod:RainOfEmbers+1","hexamod:Hexaguard","hexamod:CatchUp","hexamod:GhostOfSpirePresent+1"],"picked":"SKIP","floor":43},{"not_picked":["hexamod:NightmareGuise","hexamod:DynamicBlow","hexamod:PowerFromBeyond+1","hexamod:FirstSeal"],"picked":"SKIP","floor":47},{"not_picked":["hexamod:TimeWarp","hexamod:GhostOfSpirePast+1","hexamod:SpectersWail+1","hexamod:ThermalTransfer"],"picked":"SKIP","floor":47},{"not_picked":["hexamod:Hexaguard+1","hexamod:InspiringFlames","hexamod:HauntingEcho"],"picked":"hexamod:FastForward+1","floor":48},{"not_picked":["hexamod:CatchUp+1","hexamod:AdvancingGuard","hexamod:ChargedBarrage","hexamod:GhostShield"],"picked":"SKIP","floor":48},{"not_picked":["hexamod:HexaLevel","hexamod:HauntingEcho+1","hexamod:CatchUp","hexamod:SecondSeal"],"picked":"SKIP","floor":48},{"not_picked":["hexamod:Firestarter","hexamod:SoulSteal+1","hexamod:RadiantFlame","hexamod:GhostLash+1"],"picked":"SKIP","floor":48},{"not_picked":["hexamod:NecessarySacrifice","hexamod:HeatShield+1","hexamod:BacktrackSmack"],"picked":"hexamod:GhostflameBarrier+1","floor":49},{"not_picked":["hexamod:RainOfEmbers","hexamod:Again","hexamod:PowerFromBeyond+1","hexamod:InspiringFlames"],"picked":"SKIP","floor":49},{"not_picked":["hexamod:HeatCrush","hexamod:RainOfEmbers","hexamod:GhostLash+1","hexamod:HeatShield+1"],"picked":"SKIP","floor":49},{"not_picked":["hexamod:SpectralSpark","hexamod:HeatCrush+1","hexamod:AdvancingGuard","hexamod:RadiantFlame"],"picked":"SKIP","floor":49}],"player_experience":626820,"relics_obtained":[{"floor":8.0,"key":"Question Card"},{"floor":10.0,"key":"Gremlin Horn"},{"floor":21,"key":"Lizard Tail"},{"floor":24,"key":"halation:VictoryRuler"},{"floor":25,"key":"CCEMRelics:Francisca"},{"floor":27,"key":"Unceasing Top"},{"floor":38,"key":"conspire:GiftBox"},{"floor":41,"key":"conspire:DeflatedDodgeball"},{"floor":46,"key":"aspiration:FrozenJewel"}],"event_choices":[{"damage_healed":0,"gold_gain":0,"player_choice":"Forge","damage_taken":0,"max_hp_gain":0,"max_hp_loss":0,"event_name":"Accursed Blacksmith","floor":12,"gold_loss":0,"cards_upgraded":["hexamod:SpectralAdrenaline"]},{"damage_healed":0,"gold_gain":0,"cards_transformed":["hexamod:Strike"],"player_choice":"Transformed","damage_taken":0,"max_hp_gain":0,"max_hp_loss":0,"event_name":"Transmorgrifier","floor":20,"gold_loss":0,"cards_obtained":["hexamod:HexaLevel"]},{"damage_healed":0,"gold_gain":0,"player_choice":"Ignored","damage_taken":0,"max_hp_gain":0,"max_hp_loss":0,"event_name":"betterNote:BetterNote","floor":29,"gold_loss":0,"cards_obtained":["Bludgeon"]},{"damage_healed":0,"gold_gain":0,"player_choice":"Leave","damage_taken":0,"max_hp_gain":0,"max_hp_loss":0,"event_name":"conspire:Investor","floor":36,"gold_loss":0}],"is_beta":false,"boss_relics":[{"not_picked":["SlaversCollar","hubris:Backtick"],"picked":"Philosopher\u0027s Stone"},{"not_picked":["conspire:RoyalGoblet","StuffTheSpire:ModemDavis"],"picked":"Painkiller Herb"}],"items_purged_floors":[3,11,31,37,37,37,47],"is_endless":false,"potions_floor_spawned":[2,10,15,16,27,32,33,43],"ascension_level":0}}