{"host":"a1kj1kkwgoo3jtle","time":1608144576,"event":{"mods":["2.2 Compatiblity","AchievementEnabler","AlwaysNeverKeys","BaseMod","Better Synergies","Better Third Choice","Colored Powertips","Communication Mod","Custom Start","Downfall","Faster Ascension Climbing","Filter the Spire","Friendly Minions","GifTheSpireLib","Gremlin Skip","Highlight Path","HololiveMod","Infinite Spire","Luminous","Minty Spire (QoL Compilation)","Quick Restart","Reimu??????","Relic Stats","Remilia??????","Replay The Spire","Reworked Bosses","Shade Mod","StSLib","The Alterego","The Druid","The Exalted","The Runesmith","The Servant 0.9.4","TheSwordswoman","Wandering Minibosses","WarShipGirlsR/????R mod","Yuri Mod"],"gold_per_floor":[109,129,129,140,157,157,157,157],"floor_reached":7,"playtime":700,"items_purged":[],"score":75,"play_id":"de67cced-a0d6-4007-89f5-cd34efdd0a24","local_time":"20201216204936","daily_mods":["Vintage","Allstar"],"is_ascension_mode":true,"campfire_choices":[{"data":"ScarletShoot","floor":6,"key":"SMITH"}],"circlet_count":0,"master_deck":["AscendersBane","Strike_RM","Strike_RM","Strike_RM","Strike_RM","Defend_RM","Defend_RM","Defend_RM","Defend_RM","RedMoon","ScarletShoot+1","Violence","Specialist","Panacea","ReplayTheSpireMod:Necrogeddon","Finesse"],"relics":["ScarletHat","Replay:Baseball","Replay:Mystery Machine","Mirror","Sundial"],"acts_visited":["Exordium"],"potions_floor_usage":[],"damage_taken":[{"damage":0,"enemies":"2 Louse","floor":1,"turns":4},{"damage":0,"enemies":"Cultist","floor":2,"turns":5},{"damage":0,"enemies":"Jaw Worm","floor":4,"turns":5},{"damage":0,"enemies":"Red Slaver","floor":5,"turns":6},{"damage":0,"enemies":"Lagavulin","floor":7,"turns":2}],"seed_played":"2490331417022643826","potions_obtained":[{"floor":1,"key":"champ:CounterPotion"},{"floor":4,"key":"FearPotion"}],"is_trial":true,"path_per_floor":["M","M","?","M","M","R","E"],"character_chosen":"REMILIA","items_purchased":[],"campfire_rested":0,"item_purchase_floors":[],"current_hp_per_floor":[63,63,63,63,65,65,65,65],"gold":157,"neow_bonus":"","is_daily":false,"chose_seed":false,"campfire_upgraded":1,"win_rate":0.0,"timestamp":1608144576,"path_taken":["M","M","?","M","M","R","E"],"items_purchased_type":[],"build_version":"2020-12-13","purchased_purges":0,"victory":false,"max_hp_per_floor":[70,70,70,70,70,70,70,70],"relic_stats":{"counters":[5,22],"Sundial":[0],"obtain_stats":[{"Replay:Baseball":1,"Sundial":5,"Replay:Mystery Machine":2,"Mirror":4,"ScarletHat":0},{"Replay:Baseball":1,"Sundial":4,"Replay:Mystery Machine":2,"Mirror":3,"ScarletHat":0},{"Replay:Baseball":4,"Sundial":20,"Replay:Mystery Machine":9,"Mirror":14,"ScarletHat":0}]},"card_choices":[],"player_experience":49896,"relics_obtained":[{"floor":1,"key":"Replay:Baseball"},{"floor":2,"key":"Replay:Mystery Machine"},{"floor":4,"key":"Mirror"},{"floor":5,"key":"Sundial"}],"event_choices":[],"is_beta":false,"boss_relics":[],"items_purged_floors":[],"is_endless":false,"potions_floor_spawned":[1,4],"killed_by":"Lagavulin","ascension_level":15}}