{"host":"zv753xhrtese558r","time":1608089796,"event":{"mods":["2.2 Compatiblity","AchievementEnabler","BaseMod","Bestiary","Better Match","Better Note","Better Skull","Better Third Choice","BetterRewards","Colored Map","Colored Powertips","Googly Eyes","Infinite Spire","Minty Spire (QoL Compilation)","Replay The Spire","Spicy Shops","StSLib","The Gatherer"],"gold_per_floor":[115,190,200,200,49,49,67,67,145,179,35,49,74,92,92,195,195,215,215,231,231,231,266,266,266,293,208,56,69,80,92,92,197,197,210,210,210,210,210,210,210,210,210,229,229,261,90,109,109,109],"floor_reached":51,"playtime":2706,"items_purged":["Doubt","Havoc"],"score":1214,"play_id":"59a055e8-486a-494d-bd7c-8e819fce5863","local_time":"20201215193636","is_ascension_mode":true,"campfire_choices":[{"data":"Limit Break","floor":6.0,"key":"SMITH"},{"data":"Spot Weakness","floor":8.0,"key":"SMITH"},{"data":"Infernal Blade","floor":15.0,"key":"SMITH"},{"floor":25,"key":"REST"},{"data":"Seeing Red","floor":32,"key":"SMITH"},{"data":"Limit Break","floor":40,"key":"SMITH"},{"data":"Metallicize","floor":42,"key":"SMITH"},{"floor":49,"key":"DIG"}],"circlet_count":0,"master_deck":["Strike_R+1","Strike_R+1","Strike_R+1","Strike_R+1","Strike_R+1","Defend_R+1","Defend_R+1","Defend_R+1","Defend_R+1","Bash","Flex","Anger","Rupture","Limit Break+1","Spot Weakness+1","Infernal Blade+1","Twin Strike","Inflame","Body Slam","Offering","Armaments+1","Inflame+1","Seeing Red+1","Double Tap","Cleave","Hemokinesis","Limit Break+1","Metallicize+1","Iron Wave+1","Heavy Blade"],"relics":["Burning Blood","Lee\u0027s Waffle","Divine Protection","ReplayTheSpireMod:Shallot","Lantern","Gremlin Horn","infinitespire:WardingShard","Dream Catcher","Honey Jar","Vajra","Ginger","Omamori","Replay:Baseball","Bag of Preparation","ReplayTheSpireMod:CursedCoin","PreservedInsect","infinitespire:Lucky Rock","Runic Cube","Black Blood","Strange Spoon","Durian","Nunchaku","Gremlin Food"],"acts_visited":["Exordium","TheCity","TheBeyond"],"potions_floor_usage":[16,16,16,31,31,33,50,50,50,50],"damage_taken":[{"damage":0.0,"enemies":"Small Slimes","floor":1.0,"turns":3.0},{"damage":0.0,"enemies":"Cultist","floor":3.0,"turns":4.0},{"damage":4.0,"enemies":"2 Louse","floor":7.0,"turns":2.0},{"damage":9.0,"enemies":"3 Sentries","floor":10.0,"turns":5.0},{"damage":0.0,"enemies":"Large Slime","floor":12.0,"turns":4.0},{"damage":11.0,"enemies":"Replay:BlueRogue","floor":13.0,"turns":4.0},{"damage":0.0,"enemies":"Looter","floor":14.0,"turns":2.0},{"damage":42,"enemies":"The Guardian","floor":16,"turns":7},{"damage":0,"enemies":"Chosen","floor":18,"turns":3},{"damage":0,"enemies":"2 Thieves","floor":20,"turns":3},{"damage":33,"enemies":"Book of Stabbing","floor":23,"turns":4},{"damage":2,"enemies":"Snecko","floor":29,"turns":4},{"damage":1,"enemies":"Shelled Parasite and Fungi","floor":30,"turns":3},{"damage":0,"enemies":"Cultist and Chosen","floor":31,"turns":3},{"damage":0,"enemies":"Collector","floor":33,"turns":6},{"damage":3,"enemies":"3 Shapes","floor":35,"turns":2},{"damage":1,"enemies":"3 Darklings","floor":44,"turns":3},{"damage":0,"enemies":"R_Hoarder","floor":46,"turns":3},{"damage":0,"enemies":"Jaw Worm Horde","floor":48,"turns":4},{"damage":19,"enemies":"Time Eater","floor":50,"turns":5}],"seed_played":"4015160913086644362","potions_obtained":[{"floor":1.0,"key":"Milkshake"},{"floor":4.0,"key":"EntropicBrew"},{"floor":12.0,"key":"Dexterity Potion"},{"floor":14.0,"key":"Languid Potion"},{"floor":23,"key":"Explosive Potion"},{"floor":29,"key":"PowerPotion"},{"floor":30,"key":"Dexterity Potion"},{"floor":31,"key":"Fruit Juice"},{"floor":44,"key":"Weak Potion"},{"floor":46,"key":"Death Potion"},{"floor":48,"key":"LifebloodPotion"}],"is_trial":false,"path_per_floor":["M","?","M","?","$","R","M","R","T","E","$","M","E","M","R","B",null,"M","?","M","AVR","?","E","?","R","T","?","$","M","M","M","R","B",null,"M","?","AVR","?","T","R","?","R","T","M","?","E","$","M","R_BF","B",null],"character_chosen":"IRONCLAD","items_purchased":["Lee\u0027s Waffle","Divine Protection","ReplayTheSpireMod:Shallot","Lantern","Fire Potion","Flex","Limit Break","Dream Catcher","ReplayTheSpireMod:CursedCoin","PreservedInsect","infinitespire:Lucky Rock","PowerPotion"],"campfire_rested":1,"item_purchase_floors":[0,0,0,0,0,0,5,11,28,28,28,47],"current_hp_per_floor":[87,76,82,82,82,82,84,84,84,81,81,87,82,87,87,51,78,84,84,87,87,87,60,60,86,86,86,86,87,87,92,92,92,92,92,92,92,87,92,92,92,92,92,92,92,92,92,92,92,91],"gold":109,"neow_bonus":"","is_daily":false,"chose_seed":false,"campfire_upgraded":6,"win_rate":0.0,"timestamp":1608089796,"path_taken":["M","?","M","?","$","R","?","R","T","E","$","M","E","M","R","BOSS","M","?","M","AVR","?","E","?","R","T","?","$","?","?","M","R","BOSS","M","?","AVR","?","?","R","?","R","T","M","?","E","$","M","R_BF","BOSS"],"items_purchased_type":["Relic","Relic","Relic","Relic","Potion","Card","Card","Relic","Relic","Relic","Relic","Potion"],"build_version":"2020-12-13","purchased_purges":2,"victory":true,"max_hp_per_floor":[87,87,87,87,87,87,87,87,87,87,87,87,87,87,87,87,87,87,87,87,87,87,87,87,87,87,87,87,87,87,92,92,92,92,92,92,92,87,92,92,92,92,92,92,92,92,92,92,92,92],"card_choices":[{"not_picked":["Ghostly Armor","Carnage"],"picked":"Anger","floor":1.0},{"not_picked":["Anger","Evolve"],"picked":"Rupture","floor":3.0},{"not_picked":["Armaments","Rage"],"picked":"Spot Weakness","floor":7.0},{"not_picked":["Iron Wave","Perfected Strike"],"picked":"Infernal Blade","floor":10.0},{"not_picked":["Headbutt","Rupture"],"picked":"Twin Strike","floor":12.0},{"not_picked":["Havoc","Clothesline"],"picked":"Inflame","floor":13.0},{"not_picked":["True Grit","Feel No Pain"],"picked":"Body Slam","floor":14.0},{"not_picked":["Barricade","Limit Break"],"picked":"Offering","floor":16},{"not_picked":["Warcry","Sever Soul","Twin Strike"],"picked":"Armaments+1","floor":18},{"not_picked":["Cleave","Battle Trance+1","Clothesline"],"picked":"Inflame+1","floor":20},{"not_picked":["Anger+1","Shockwave","Inflame+1"],"picked":"Seeing Red","floor":23},{"not_picked":["Body Slam","Havoc+1","Pommel Strike"],"picked":"Double Tap","floor":25},{"not_picked":["True Grit","Rupture","Sever Soul+1"],"picked":"Havoc","floor":29},{"not_picked":["Rampage","Body Slam","Wild Strike"],"picked":"Cleave","floor":30},{"not_picked":["Body Slam","Clash","Warcry"],"picked":"Hemokinesis","floor":31},{"not_picked":["Brutality","Double Tap","Reaper"],"picked":"Limit Break","floor":33},{"not_picked":["Uppercut","Iron Wave+1","Clothesline"],"picked":"Metallicize","floor":35},{"not_picked":["Headbutt+1","Uppercut+1","Havoc+1"],"picked":"Iron Wave+1","floor":44},{"not_picked":["Anger+1","Entrench","Heavy Blade","Twin Strike+1"],"picked":"SKIP","floor":46},{"not_picked":["Iron Wave+1","Offering","Shrug It Off"],"picked":"Heavy Blade","floor":48}],"player_experience":431356,"relics_obtained":[{"floor":9.0,"key":"Gremlin Horn"},{"floor":10.0,"key":"infinitespire:WardingShard"},{"floor":23,"key":"Omamori"},{"floor":26,"key":"Replay:Baseball"},{"floor":39,"key":"Durian"},{"floor":43,"key":"Nunchaku"},{"floor":49,"key":"Gremlin Food"}],"event_choices":[{"damage_healed":0.0,"max_hp_gain":0.0,"max_hp_loss":0.0,"gold_gain":75.0,"event_name":"betterThird:BetterGoop","player_choice":"Gold","floor":2.0,"gold_loss":0.0,"damage_taken":11.0},{"damage_healed":0.0,"max_hp_gain":0.0,"max_hp_loss":0.0,"gold_gain":0.0,"event_name":"Lab","player_choice":"Got Potions","floor":4.0,"gold_loss":0.0,"damage_taken":0.0},{"damage_healed":0,"gold_gain":0,"player_choice":"Ignored","damage_taken":0,"max_hp_gain":0,"max_hp_loss":0,"event_name":"Vampires","floor":22,"gold_loss":0},{"damage_healed":0,"gold_gain":0,"player_choice":"Simplicity","damage_taken":0,"max_hp_gain":0,"max_hp_loss":9,"event_name":"betterThird:BetterWriting","floor":24,"gold_loss":0},{"damage_healed":0,"gold_gain":0,"player_choice":"Obtained Relic","damage_taken":0,"relics_obtained":["Bag of Preparation"],"max_hp_gain":0,"max_hp_loss":0,"event_name":"Addict","floor":27,"gold_loss":85},{"damage_healed":0,"gold_gain":0,"player_choice":"Max HP","damage_taken":0,"max_hp_gain":0,"max_hp_loss":5,"event_name":"Winding Halls","floor":38,"gold_loss":0},{"damage_healed":0,"gold_gain":0,"player_choice":"Ignored","damage_taken":0,"max_hp_gain":0,"max_hp_loss":0,"event_name":"Tomb of Lord Red Mask","floor":45,"gold_loss":0}],"is_beta":false,"boss_relics":[{"not_picked":["ChewingGum","Replay:Drink Me"],"picked":"Honey Jar"},{"not_picked":["Replay:Grab Bag","Velvet Choker"],"picked":"Runic Cube"}],"items_purged_floors":[21,47],"is_endless":false,"potions_floor_spawned":[1,12,14,23,29,30,31,44,46,48],"ascension_level":5}}