{"host":"e4wnmsyty9uvvtwf","time":1608130398,"event":{"mods":["Aspiration","BaseMod","Colored Map","Colored Powertips","Marisa£®ÏF”Í°°ƒß¿Ì…≥£©","Minty Spire (QoL Compilation)","Rare Cards Sparkle","Replay The Spire","StSLib"],"gold_per_floor":[111,128,128,128,147,179,179,190,216,229,56,67,67,81,81,81,81],"floor_reached":16,"playtime":613,"items_purged":[],"score":208,"play_id":"d66984bb-640c-4c76-9ac7-eb0aa693e2d7","local_time":"20201216225318","is_ascension_mode":true,"campfire_choices":[{"floor":7,"key":"REST"},{"data":"Occultation","floor":15,"key":"SMITH"}],"circlet_count":0,"master_deck":["AscendersBane","Strike_MRS","Strike_MRS","Strike_MRS","Strike_MRS","Defend_MRS","Defend_MRS","Defend_MRS","Defend_MRS","MasterSpark","UpSweep","Occultation+1","PowerUp","IllusionStar","WitchLeyline","MachineGunSpark","EnergyFlow","FairyDestructionRay","UltimateShortwave","DoubleSpark"],"relics":["MiniHakkero","aspiration:BabyByrd","Art of War","aspiration:Lifesprig","Lee\u0027s Waffle","Bag of Marbles"],"acts_visited":["Exordium"],"potions_floor_usage":[6,16],"damage_taken":[{"damage":2,"enemies":"Jaw Worm","floor":1,"turns":3},{"damage":1,"enemies":"Cultist","floor":2,"turns":3},{"damage":4,"enemies":"Small Slimes","floor":5,"turns":3},{"damage":43,"enemies":"Gremlin Nob","floor":6,"turns":4},{"damage":15,"enemies":"2 Fungi Beasts","floor":8,"turns":3},{"damage":13,"enemies":"Exordium Wildlife","floor":10,"turns":5},{"damage":1,"enemies":"Large Slime","floor":12,"turns":5},{"damage":9,"enemies":"Blue Slaver","floor":14,"turns":5},{"damage":69,"enemies":"Fading Forest","floor":16,"turns":13}],"seed_played":"-5018166247630514086","potions_obtained":[{"floor":2,"key":"Elixir"},{"floor":5,"key":"ColorlessPotion"},{"floor":6,"key":"SpeedPotion"}],"is_trial":false,"path_per_floor":["M","M","?","?","M","E","R","M","T","M","$","M","?","M","R","B"],"character_chosen":"MARISA","items_purchased":["Lee\u0027s Waffle"],"campfire_rested":1,"item_purchase_floors":[11],"current_hp_per_floor":[68,67,67,67,63,20,43,28,28,15,84,83,65,56,56,0,0],"gold":81,"neow_bonus":"TEN_PERCENT_HP_BONUS","is_daily":false,"chose_seed":false,"campfire_upgraded":1,"win_rate":0.0,"timestamp":1608130398,"path_taken":["M","M","?","?","M","E","R","?","T","M","?","M","?","M","R","BOSS"],"items_purchased_type":["Relic"],"build_version":"2020-12-13","purchased_purges":0,"victory":false,"max_hp_per_floor":[77,77,77,77,77,77,77,77,77,77,84,84,84,84,84,84,84],"card_choices":[{"not_picked":["IllusionStar","GasGiant"],"picked":"Occultation","floor":1},{"not_picked":["AlicesGift","IllusionStar"],"picked":"PowerUp","floor":2},{"not_picked":["GravityBeat","LuminesStrike"],"picked":"WitchLeyline","floor":5},{"not_picked":["PowerUp","AlicesGift"],"picked":"MachineGunSpark","floor":6},{"not_picked":["BlazingStar","GravityBeat"],"picked":"EnergyFlow","floor":8},{"not_picked":["SporeBomb","SprinkleStarSeal"],"picked":"FairyDestructionRay","floor":10},{"not_picked":["GravityBeat","MeteoricShower"],"picked":"UltimateShortwave","floor":12},{"not_picked":["DC","GravityBeat"],"picked":"DoubleSpark","floor":14}],"player_experience":619363,"relics_obtained":[{"floor":6,"key":"Art of War"},{"floor":9,"key":"aspiration:Lifesprig"}],"event_choices":[{"damage_healed":0,"gold_gain":0,"player_choice":"1 cards matched","damage_taken":0,"max_hp_gain":0,"max_hp_loss":0,"event_name":"Match and Keep!","floor":4,"gold_loss":0,"cards_obtained":["IllusionStar"]},{"damage_healed":0,"gold_gain":0,"player_choice":"Success","damage_taken":18,"relics_obtained":["Bag of Marbles"],"max_hp_gain":0,"max_hp_loss":0,"event_name":"Scrap Ooze","floor":13,"gold_loss":0}],"is_beta":false,"boss_relics":[],"items_purged_floors":[],"is_endless":false,"potions_floor_spawned":[2,5,6],"killed_by":"Fading Forest","ascension_level":20}}