{"host":"f5h077e5av00giy4","time":1608127488,"event":{"mods":["Act Like it!","Aspiration","BaseMod","Colored Powertips","Conspire","Decade(王小明)","Hermit","Hunter 猎人","KinomotoSakuraMod(木之本樱)","Koishi","KomeijiMod","Marisa（F雨　魔理沙）","Minty Spire (QoL Compilation)","MostiFishMod","Pale of the Ancients","Quick Restart","Reimu（博丽灵梦）","Relic Stats","Remilia（蕾米莉亚）","Replay The Spire","RumiaBox-露米娅的神秘盒子","Shop Mod","Spicy Shops","StSLib","TestMod","The Alterego","The Gatherer","The Mystic","The Poker Player","The Runesmith","The Servant 0.9.4","TheWitcher","Youmu（魂魄妖梦）","Yuyuko","noobMod","vexMod","【东方二次创作】八云紫mod","【功能Mod】聪明的最终Boss","【遗物卡牌】REMEMod"],"gold_per_floor":[10012,10022,8479,8440,8317,8346,8380,8409,8409,8421,8436,7424,7524,7540,7505,7602,7602,7617,7636,7655,6672,6672,6702,5881,5881,5908,5908,5940,5956,5956,4597,4597,4712,4712,4726,4093,4108,4122,4138,4138,4160,3472,3472,3507,3507,3527,3527,3541,3572,3583,3618,3640,3640,3520,3520,3557,3557,2952,2952,2943],"floor_reached":61,"playtime":3942,"items_purged":["SnafuTest:BountyHunt","SnafuTest:PowerMartialMagical"],"score":1524,"play_id":"bc6d3154-8944-422f-a834-f0c390833b18","local_time":"20201216220448","is_ascension_mode":false,"campfire_choices":[{"data":"SnafuTest:SpellArcaneDomain","floor":25.0,"key":"SMITH"},{"data":"FantasyOfEnteringEnlightenment","floor":25.0,"key":"SMITH"},{"data":"SnafuTest:SignIgni","floor":30.0,"key":"SMITH"},{"data":"SnafuTest:SignQuen","floor":30.0,"key":"SMITH"},{"floor":32.0,"key":"RECALL"},{"data":"SnafuTest:BombNorthernWind","floor":40.0,"key":"SMITH"},{"data":"SnafuTest:SignAard","floor":40.0,"key":"SMITH"},{"data":"SnafuTest:SignYrden","floor":55,"key":"SMITH"},{"data":"SnafuTest:BombMoonDust","floor":55,"key":"SMITH"},{"data":"SnafuTest:PowerAlwaysAWay","floor":57,"key":"SMITH"},{"data":"SnafuTest:PowerCounterAttack","floor":57,"key":"SMITH"}],"circlet_count":0,"master_deck":["SnafuTest:DefaultCommonAttack","SnafuTest:DefaultCommonAttack","SnafuTest:DefaultCommonAttack+1","SnafuTest:DefaultCommonSkill","SnafuTest:DefaultCommonSkill","SnafuTest:DefaultCommonSkill","SnafuTest:SignAard+1","FantasyOfEnteringEnlightenment+1","SnafuTest:BombDancingStar+1","SnafuTest:SpellDispellingPush","SnafuTest:UnpredictablePuncture","SnafuTest:PowerLadyOfLake+1","SnafuTest:SpellBitingFrost","SnafuTest:SpellTelekinesis","SnafuTest:SignQuen+1","SnafuTest:SwordDance","SnafuTest:PowerHangmenTree","SnafuTest:PowerCrimsonRitual","SnafuTest:BombDimeritium+1","SnafuTest:BombMoonDust+1","SnafuTest:MagePersecution+1","SnafuTest:PowerCounterAttack+1","SnafuTest:SpellChainLightning+1","SnafuTest:UndefeatedNarcissism","SnafuTest:PayHappyHour+1","SnafuTest:SignIgni+1","SnafuTest:SpellArcaneDomain+1","testmod-FightingIntention+1","SnafuTest:PowerAlwaysOnRoads+1","SnafuTest:WitchHunt","MostiFishMod:PerfectForm+1","SnafuTest:PowerAlwaysAWay+1","SnafuTest:BombSamum+1","SnafuTest:DecisiveOpportunity+1","SnafuTest:Shooting+1","Apotheosis+1","SnafuTest:PayWeaponSmith+1","SnafuTest:BombNorthernWind+1","SnafuTest:SignAxii+1","SnafuTest:SignYrden+1","SnafuTest:PowerEternalFlame+1","SnafuTest:SignYrden+1","SnafuTest:BombDevilsPuffball+1","SnafuTest:SpellBlindFury","SnafuTest:PowerTrialOfGrasses+1","SnafuTest:ScholarsIntrigue+1"],"relics":["SnafuTest:PlaceholderRelic","testmod-TestBox","ice","DaveBox","REME_ComplimentaryCards","testmod-EqualTreatment","ChiXiaoBlade","Question Card","MerchantsRug","BrkXgEgg","Mastiff:ReiMu","Runesmith:Nanobots","Replay:Rubber Ducky","testmod-OneHitWonder","TheAbacus","GoodDreamPillow","InkBottle","Eternal Feather","Replay:Arrowhead","testmod-ArcanaOfDestiny","Sundial","CrazyTorch:ReiMu","ImportantClient","BirthdayGift-Tetrahedron","aspiration:Lifesprig","Peace Pipe","SnafuTest:BearRelic","OrangePellets","Gremlin Food","testmod-LifeArmor","Pantograph","MagicDraw2","SnafuTest:IgniRelic","testmod-IndustrialRevolution","vexMod:InvisibilityCloak","testmod-Acrobat","TimeFreeze","Ying","PatriotShield","Blue Candle","Pen Nib","testmod-TurbochargingSystem","GodSword6","Vajra","Toolbox","Blue Doll","White Beast Statue","testmod-CasingShield","conspire:BottledYoYo","paleoftheancients:Timepiece","paleoftheancients:KeyRelic","CultistMask","Art of War","paleoftheancients:SoulOfTheShrineMaiden","Civilization","SSSystem","ReplayTheSpireMod:TigerMarble","conspire:TreasureMap"],"acts_visited":["Exordium","TheCity","TheBeyond","paleoftheancients:PaleOfTheAncients"],"potions_floor_usage":[44,50,51,51,56,60,60],"damage_taken":[{"damage":0.0,"enemies":"Small Slimes","floor":1.0,"turns":2.0},{"damage":12.0,"enemies":"Jaw Worm","floor":2.0,"turns":3.0},{"damage":0.0,"enemies":"Cultist","floor":4.0,"turns":3.0},{"damage":0.0,"enemies":"2 Fungi Beasts","floor":6.0,"turns":3.0},{"damage":0.0,"enemies":"Large Slime","floor":7.0,"turns":5.0},{"damage":0.0,"enemies":"3 Sentries","floor":8.0,"turns":3.0},{"damage":6.0,"enemies":"Blue Slaver","floor":10.0,"turns":2.0},{"damage":3.0,"enemies":"Looter","floor":11.0,"turns":2.0},{"damage":0.0,"enemies":"2 Fungi Beasts","floor":14.0,"turns":1.0},{"damage":0.0,"enemies":"Hexaghost","floor":16.0,"turns":6.0},{"damage":0.0,"enemies":"2 Thieves","floor":18.0,"turns":1.0},{"damage":2.0,"enemies":"3 Byrds","floor":19.0,"turns":2.0},{"damage":2.0,"enemies":"Cultist and Chosen","floor":20.0,"turns":2.0},{"damage":1.0,"enemies":"Replay:Snechameleon","floor":23.0,"turns":1.0},{"damage":2.0,"enemies":"conspire:Head Lice","floor":28.0,"turns":2.0},{"damage":2.0,"enemies":"Centurion and Healer","floor":29.0,"turns":2.0},{"damage":4.0,"enemies":"Automaton","floor":33.0,"turns":3.0},{"damage":0.0,"enemies":"3 Darklings","floor":35.0,"turns":1.0},{"damage":3.0,"enemies":"3 Shapes","floor":37.0,"turns":1.0},{"damage":0.0,"enemies":"Writhing Mass","floor":38.0,"turns":1.0},{"damage":0.0,"enemies":"4 Shapes","floor":39.0,"turns":1.0},{"damage":3,"enemies":"Transient","floor":41,"turns":2},{"damage":0,"enemies":"R_Hoarder","floor":44,"turns":1},{"damage":0,"enemies":"Sphere and 2 Shapes","floor":46,"turns":1},{"damage":2,"enemies":"Spire Growth","floor":48,"turns":2},{"damage":0,"enemies":"conspire:MimicChest","floor":49,"turns":1},{"damage":2,"enemies":"Replay:Hell Engine","floor":50,"turns":2},{"damage":4,"enemies":"Replay:Hell Engine","floor":51,"turns":3},{"damage":1,"enemies":"Replay:Hell Engine","floor":52,"turns":1},{"damage":12,"enemies":"Replay:Hell Engine","floor":56,"turns":6},{"damage":5,"enemies":"paleoftheancients:N","floor":60,"turns":9}],"seed_played":"-7634195097709518848","potions_obtained":[{"floor":2.0,"key":"Energy Potion"},{"floor":4.0,"key":"SkillPotion"},{"floor":10.0,"key":"EntropicBrew"},{"floor":11.0,"key":"Venom Potion"},{"floor":19.0,"key":"Weak Potion"},{"floor":20.0,"key":"Milkshake"},{"floor":35.0,"key":"LifebloodPotion"},{"floor":41,"key":"SkillPotion"},{"floor":44,"key":"Adrenaline Potion"},{"floor":51,"key":"LifebloodPotion"},{"floor":56,"key":"FairyPotion"}],"is_trial":false,"path_per_floor":["M","M","$","M","?","M","M","E","T","M","M","$","?","M","R","B",null,"M","M","M","$","?","E","$","R","T","?","E","M","R","$","R","B",null,"M","$","M","M","M","R","M","$","T","E","?","M","?","M","R","B","M","M","?","$","R","M","R","$","?","B",null],"character_chosen":"THE_WITCHER","items_purchased":["MerchantsRug","BrkXgEgg","Mastiff:ReiMu","Runesmith:Nanobots","Replay:Rubber Ducky","testmod-OneHitWonder","TheAbacus","LifebloodPotion","Energy Potion","SnafuTest:PaySmithWorkshop","SnafuTest:UnpredictablePuncture","SnafuTest:PowerMartialMagical","Replay:Arrowhead","testmod-ArcanaOfDestiny","Sundial","CrazyTorch:ReiMu","BargainBundle","SnafuTest:PowerCrimsonRitual","SnafuTest:BombDimeritium+1","aspiration:Lifesprig","Peace Pipe","SnafuTest:BearRelic","OrangePellets","Gremlin Food","SnafuTest:MilitaryReview+1","SnafuTest:PayHappyHour+1","SnafuTest:SignIgni","Lee\u0027s Waffle","testmod-LifeArmor","Pantograph","MagicDraw2","SnafuTest:IgniRelic","testmod-FightingIntention+1","Strawberry","vexMod:InvisibilityCloak","testmod-Acrobat","Pear","MostiFishMod:PerfectForm+1","SnafuTest:PowerAlwaysAWay","SnafuTest:BombSamum+1","TimeFreeze","Ying","Blue Candle","Apotheosis+1","Pen Nib","testmod-TurbochargingSystem","Block Potion","GodSword6","Vajra","Toolbox","Blue Doll","Adrenaline Potion","Art of War","Civilization","SSSystem","ReplayTheSpireMod:TigerMarble","conspire:TreasureMap"],"campfire_rested":0,"item_purchase_floors":[3,3,3,3,3,3,3,3,3,3,3,3,12,12,12,12,12,12,12,21,21,21,21,21,21,21,21,24,24,24,24,24,24,31,31,31,31,31,31,31,31,31,36,36,36,36,36,42,42,42,42,42,54,58,58,58,58],"current_hp_per_floor":[82,70,70,70,70,70,70,70,70,64,61,61,61,61,82,82,82,82,80,78,78,92,91,99,99,99,99,97,95,99,116,116,112,116,116,116,113,113,113,116,113,113,113,113,113,113,113,111,116,116,114,116,116,116,116,110,116,116,116,120],"gold":2943,"neow_bonus":"TEN_PERCENT_HP_BONUS","is_daily":false,"chose_seed":false,"campfire_upgraded":10,"win_rate":0.0,"timestamp":1608127488,"path_taken":["M","M","$","M","?","M","M","E","T","M","M","$","?","?","R","BOSS","M","M","M","$","?","E","?","R","T","?","E","?","R","$","R","BOSS","M","$","M","M","M","R","M","$","T","E","?","M","?","?","R","BOSS","M","M","?","$","R","M","R","$","?","BOSS"],"items_purchased_type":["Relic","Relic","Relic","Relic","Relic","Relic","Relic","Potion","Potion","Card","Card","Card","Relic","Relic","Relic","Relic","Relic","Card","Card","Relic","Relic","Relic","Relic","Relic","Card","Card","Card","Relic","Relic","Relic","Relic","Relic","Card","Relic","Relic","Relic","Relic","Card","Card","Card","Relic","Relic","Relic","Card","Relic","Relic","Potion","Relic","Relic","Relic","Relic","Potion","Relic","Relic","Relic","Relic","Relic"],"build_version":"2020-12-13","purchased_purges":2,"victory":true,"max_hp_per_floor":[82,82,82,82,82,82,82,82,82,82,82,82,82,82,82,82,82,82,82,82,82,92,92,99,99,99,99,99,99,99,116,116,116,116,116,116,116,116,116,116,116,116,116,116,116,116,116,116,116,116,116,116,116,116,116,116,116,116,116,122],"relic_stats":{"counters":[31,72],"Blue Candle":[0],"Eternal Feather":30,"Pen Nib":[9],"Question Card":28,"Peace Pipe":0,"OrangePellets":[50],"TheAbacus":[48],"Sundial":[2],"Pantograph":0,"Art of War":[8],"obtain_stats":[{"PatriotShield":34,"Vajra":42,"SSSystem":58,"testmod-LifeArmor":24,"ice":0,"paleoftheancients:SoulOfTheShrineMaiden":56,"MagicDraw2":24,"vexMod:InvisibilityCloak":31,"Mastiff:ReiMu":3,"Sundial":12,"Strawberry":31,"ImportantClient":16,"SnafuTest:BearRelic":21,"MerchantsRug":3,"paleoftheancients:KeyRelic":50,"conspire:TreasureMap":58,"testmod-TestBox":0,"GoodDreamPillow":5,"Pear":31,"SnafuTest:IgniRelic":24,"Blue Candle":36,"Eternal Feather":9,"Pen Nib":36,"Question Card":1,"aspiration:HiddenCompartment":23,"TimeFreeze":31,"paleoftheancients:Timepiece":50,"OrangePellets":21,"testmod-Acrobat":31,"ChiXiaoBlade":0,"CultistMask":50,"GodSword6":42,"conspire:BottledYoYo":49,"ReplayTheSpireMod:TigerMarble":58,"testmod-OneHitWonder":3,"SnafuTest:PlaceholderRelic":0,"aspiration:Lifesprig":21,"Ying":31,"DaveBox":0,"testmod-EqualTreatment":0,"Blue Doll":42,"testmod-CasingShield":44,"Replay:Rubber Ducky":3,"Civilization":58,"TheAbacus":3,"Pantograph":24,"Toolbox":42,"InkBottle":8,"testmod-ArcanaOfDestiny":12,"BirthdayGift-Tetrahedron":17,"Gremlin Food":21,"Runesmith:Nanobots":3,"BargainBundle":12,"Lee\u0027s Waffle":24,"BrkXgEgg":3,"testmod-TurbochargingSystem":36,"testmod-IndustrialRevolution":28,"Replay:Arrowhead":12,"White Beast Statue":43,"Peace Pipe":21,"CrazyTorch:ReiMu":12,"Art of War":54,"REME_ComplimentaryCards":0},{"PatriotShield":17,"Vajra":22,"SSSystem":30,"testmod-LifeArmor":14,"ice":0,"paleoftheancients:SoulOfTheShrineMaiden":30,"MagicDraw2":14,"vexMod:InvisibilityCloak":16,"Mastiff:ReiMu":2,"Sundial":8,"Strawberry":16,"ImportantClient":10,"SnafuTest:BearRelic":13,"MerchantsRug":2,"paleoftheancients:KeyRelic":27,"conspire:TreasureMap":30,"testmod-TestBox":0,"GoodDreamPillow":3,"Pear":16,"SnafuTest:IgniRelic":14,"Blue Candle":18,"Eternal Feather":6,"Pen Nib":18,"Question Card":1,"aspiration:HiddenCompartment":14,"TimeFreeze":16,"paleoftheancients:Timepiece":27,"OrangePellets":13,"testmod-Acrobat":16,"ChiXiaoBlade":0,"CultistMask":27,"GodSword6":22,"conspire:BottledYoYo":26,"ReplayTheSpireMod:TigerMarble":30,"testmod-OneHitWonder":2,"SnafuTest:PlaceholderRelic":0,"aspiration:Lifesprig":13,"Ying":16,"DaveBox":0,"testmod-EqualTreatment":0,"Blue Doll":22,"testmod-CasingShield":23,"Replay:Rubber Ducky":2,"Civilization":30,"TheAbacus":2,"Pantograph":14,"Toolbox":22,"InkBottle":6,"testmod-ArcanaOfDestiny":8,"BirthdayGift-Tetrahedron":10,"Gremlin Food":13,"Runesmith:Nanobots":2,"BargainBundle":8,"Lee\u0027s Waffle":14,"BrkXgEgg":2,"testmod-TurbochargingSystem":18,"testmod-IndustrialRevolution":15,"Replay:Arrowhead":8,"White Beast Statue":22,"Peace Pipe":13,"CrazyTorch:ReiMu":8,"Art of War":29,"REME_ComplimentaryCards":0},{"PatriotShield":42,"Vajra":48,"SSSystem":63,"testmod-LifeArmor":36,"ice":0,"paleoftheancients:SoulOfTheShrineMaiden":63,"MagicDraw2":36,"vexMod:InvisibilityCloak":40,"Mastiff:ReiMu":5,"Sundial":23,"Strawberry":40,"ImportantClient":30,"SnafuTest:BearRelic":35,"MerchantsRug":5,"paleoftheancients:KeyRelic":54,"conspire:TreasureMap":63,"testmod-TestBox":0,"GoodDreamPillow":8,"Pear":40,"SnafuTest:IgniRelic":36,"Blue Candle":43,"Eternal Feather":19,"Pen Nib":43,"Question Card":2,"aspiration:HiddenCompartment":36,"TimeFreeze":40,"paleoftheancients:Timepiece":54,"OrangePellets":35,"testmod-Acrobat":40,"ChiXiaoBlade":0,"CultistMask":54,"GodSword6":48,"conspire:BottledYoYo":53,"ReplayTheSpireMod:TigerMarble":63,"testmod-OneHitWonder":5,"SnafuTest:PlaceholderRelic":0,"aspiration:Lifesprig":35,"Ying":40,"DaveBox":0,"testmod-EqualTreatment":0,"Blue Doll":48,"testmod-CasingShield":49,"Replay:Rubber Ducky":5,"Civilization":63,"TheAbacus":5,"Pantograph":36,"Toolbox":48,"InkBottle":19,"testmod-ArcanaOfDestiny":23,"BirthdayGift-Tetrahedron":30,"Gremlin Food":35,"Runesmith:Nanobots":5,"BargainBundle":23,"Lee\u0027s Waffle":36,"BrkXgEgg":5,"testmod-TurbochargingSystem":43,"testmod-IndustrialRevolution":38,"Replay:Arrowhead":23,"White Beast Statue":48,"Peace Pipe":35,"CrazyTorch:ReiMu":23,"Art of War":57,"REME_ComplimentaryCards":0}],"InkBottle":[36]},"card_choices":[{"not_picked":["SnafuTest:Oriole","SnafuTest:PaySmithWorkshop"],"picked":"SnafuTest:BombDancingStar","floor":1.0},{"not_picked":["SnafuTest:MCPlayGwent","SnafuTest:ExcessiveLevies","SnafuTest:Siege"],"picked":"SnafuTest:SpellDispellingPush","floor":2.0},{"not_picked":["SnafuTest:BattleCry","SnafuTest:BombDancingStar","SnafuTest:PowerAlwaysOnRoads"],"picked":"SnafuTest:PowerLadyOfLake+1","floor":4.0},{"not_picked":["SnafuTest:FirstAid","SnafuTest:ArmoredSortie","SnafuTest:Oriole"],"picked":"SnafuTest:SpellBitingFrost","floor":6.0},{"not_picked":["SnafuTest:SignAard","SnafuTest:BombDancingStar","SnafuTest:MCPlayGwent"],"picked":"SnafuTest:SpellTelekinesis","floor":7.0},{"not_picked":["SnafuTest:MercilessReaper","SnafuTest:SpellTortoise","SnafuTest:MCSuccubusSeduction"],"picked":"SnafuTest:SignQuen","floor":8.0},{"not_picked":["SnafuTest:PowerLadyOfLake+1","SnafuTest:UnpredictablePuncture","SnafuTest:PayArmorSmith"],"picked":"SnafuTest:SwordDance","floor":10.0},{"not_picked":["SnafuTest:SpellChainLightning","SnafuTest:NoPass","SnafuTest:CalculatingAmbition"],"picked":"SnafuTest:PowerHangmenTree","floor":11.0},{"not_picked":["SnafuTest:BombDancingStar","SnafuTest:PayHappyHour","SnafuTest:RecklessBlow"],"picked":"SnafuTest:BombMoonDust","floor":14.0},{"not_picked":["SnafuTest:PowerContactIsContract+1","SnafuTest:IndifferentImmortality+1","SnafuTest:MilitaryReview+1"],"picked":"SnafuTest:MagePersecution+1","floor":16.0},{"not_picked":["SnafuTest:WitchHunt","SnafuTest:PowerVainGlory","SnafuTest:ShieldUp"],"picked":"SnafuTest:PowerCounterAttack","floor":18.0},{"not_picked":["SnafuTest:PowerVainGlory","SnafuTest:BombMoonDust+1","SnafuTest:CalculatingAmbition+1"],"picked":"SnafuTest:SpellChainLightning+1","floor":19.0},{"not_picked":["SnafuTest:BombMoonDust","SnafuTest:Siege","SnafuTest:Oriole+1"],"picked":"SnafuTest:UndefeatedNarcissism","floor":20.0},{"not_picked":["SnafuTest:BombDimeritium+1","SnafuTest:Portal+1","SnafuTest:PowerFireDamnation"],"picked":"SnafuTest:SpellArcaneDomain","floor":23.0},{"not_picked":["SnafuTest:UnpredictablePuncture+1","SnafuTest:QueensGuard","SnafuTest:ExcessiveLevies"],"picked":"SnafuTest:PowerAlwaysOnRoads+1","floor":28.0},{"not_picked":["SnafuTest:SpellBitingFrost","SnafuTest:PayHappyHour","SnafuTest:Siege"],"picked":"SnafuTest:WitchHunt","floor":29.0},{"not_picked":["SnafuTest:LastWish+1","SnafuTest:GraveDancingPaleFire+1","SnafuTest:Amputation+1"],"picked":"SnafuTest:DecisiveOpportunity+1","floor":33.0},{"not_picked":["SnafuTest:PowerMartialMagical","SnafuTest:ShieldUp+1","SnafuTest:ArmoredSortie"],"picked":"SnafuTest:Shooting+1","floor":35.0},{"not_picked":["SnafuTest:HermitsErudition","SnafuTest:Siege","SnafuTest:ArmoredSortie+1"],"picked":"SnafuTest:PayWeaponSmith+1","floor":37.0},{"not_picked":["SnafuTest:BombSamum+1","SnafuTest:PowerAlwaysAWay","SnafuTest:PowerAlwaysOnRoads+1"],"picked":"SnafuTest:BombNorthernWind","floor":38.0},{"not_picked":["SnafuTest:SpellArcaneDomain+1","SnafuTest:CalculatingAmbition","SnafuTest:QueensGuard+1"],"picked":"SnafuTest:SignAxii+1","floor":39.0},{"not_picked":["SnafuTest:UndefeatedNarcissism","SnafuTest:DesperateRemediation","SnafuTest:BombDragonsDream"],"picked":"SnafuTest:SignYrden","floor":41},{"not_picked":["SnafuTest:BombSamum+1","SnafuTest:LeadingCharge+1","SnafuTest:BombNorthernWind+1"],"picked":"SnafuTest:PowerEternalFlame+1","floor":44},{"not_picked":["SnafuTest:ShieldUp","SnafuTest:SpellTortoise","SnafuTest:PowerAlwaysOnRoads"],"picked":"SnafuTest:SignYrden+1","floor":46},{"not_picked":["SnafuTest:BattleCry+1","SnafuTest:GetPaid+1","SnafuTest:CareTaker"],"picked":"SnafuTest:BombDevilsPuffball+1","floor":48},{"not_picked":["SnafuTest:FirstAid+1","SnafuTest:WorldMap+1","SnafuTest:SmashingSlash"],"picked":"SnafuTest:SpellBlindFury","floor":49},{"not_picked":["SnafuTest:PowerProbingFeint","SnafuTest:CalculatingAmbition+1","SnafuTest:PowerHangmenTree"],"picked":"SnafuTest:PowerTrialOfGrasses+1","floor":51},{"not_picked":["SnafuTest:BombMoonDust","SnafuTest:ShieldUp","SnafuTest:Portal+1"],"picked":"SnafuTest:GetPaid","floor":52},{"not_picked":["SnafuTest:SmashingSlash+1","SnafuTest:PowerAlwaysOnRoads+1","SnafuTest:BombDancingStar"],"picked":"SnafuTest:PaySmithWorkshop+1","floor":56}],"player_experience":249384,"relics_obtained":[{"floor":1.0,"key":"Question Card"},{"floor":8.0,"key":"InkBottle"},{"floor":9.0,"key":"Eternal Feather"},{"floor":16.0,"key":"ImportantClient"},{"floor":23.0,"key":"aspiration:HiddenCompartment"},{"floor":28.0,"key":"testmod-IndustrialRevolution"},{"floor":43,"key":"White Beast Statue"},{"floor":44,"key":"testmod-CasingShield"},{"floor":49,"key":"conspire:BottledYoYo"},{"floor":56,"key":"paleoftheancients:SoulOfTheShrineMaiden"}],"event_choices":[{"damage_healed":0.0,"max_hp_gain":0.0,"max_hp_loss":0.0,"gold_gain":100.0,"event_name":"Golden Shrine","player_choice":"Pray","floor":13.0,"gold_loss":0.0,"damage_taken":0.0},{"damage_healed":20.0,"max_hp_gain":0.0,"max_hp_loss":0.0,"gold_gain":0.0,"event_name":"The Cleric","player_choice":"Healed","floor":15.0,"gold_loss":35.0,"damage_taken":0.0},{"cards_removed":["SnafuTest:MilitaryReview"],"damage_healed":4.0,"max_hp_gain":10.0,"max_hp_loss":0.0,"gold_gain":0.0,"event_name":"Bonfire Elementals","player_choice":"Offered Rare","floor":22.0,"gold_loss":0.0,"damage_taken":0.0},{"damage_healed":0.0,"max_hp_gain":0.0,"max_hp_loss":0.0,"gold_gain":0.0,"event_name":"Purifier","player_choice":"Ignored","floor":27.0,"gold_loss":0.0,"damage_taken":0.0},{"damage_healed":0,"gold_gain":0,"player_choice":"Leave","damage_taken":0,"max_hp_gain":0,"max_hp_loss":0,"event_name":"conspire:Investor","floor":45,"gold_loss":0},{"damage_healed":0,"gold_gain":0,"player_choice":"Bought 0 Potions","damage_taken":0,"max_hp_gain":0,"max_hp_loss":0,"event_name":"The Woman in Blue","floor":47,"gold_loss":0},{"damage_healed":0,"gold_gain":0,"cards_transformed":["SnafuTest:GetPaid"],"player_choice":"Transformed","damage_taken":0,"max_hp_gain":0,"max_hp_loss":0,"event_name":"Transmorgrifier","floor":53,"gold_loss":0,"cards_obtained":["SnafuTest:ScholarsIntrigue"]}],"is_beta":false,"boss_relics":[{"not_picked":["EasyGame_NEW","testmod-KeyOfTheVoid"],"picked":"BirthdayGift-Tetrahedron"},{"not_picked":["Abe\u0027s Treasure","Cursed Key"],"picked":"PatriotShield"}],"items_purged_floors":[36,42],"is_endless":false,"potions_floor_spawned":[2,4,10,11,19,20,28,35,41,44,46,48,49,51,52,56,60],"ascension_level":0}}