{"host":"xpedwhml4to70g3q","time":1608121122,"event":{"mods":["Act Like it!","BaseMod","Curses Come First","Hallownest","Minty Spire (QoL Compilation)","Spicy Shops","StSLib","The Bug Knight"],"gold_per_floor":[114,75,0,20,17,17,36,66,90,90,104,124,144,49,49,153,153,168,168,83,103,103,103,113,113,140,140,140],"floor_reached":27,"playtime":1277,"items_purged":[],"score":213,"play_id":"a54f00c4-f150-4f31-ae0e-866c6f49c057","local_time":"20201216201842","is_ascension_mode":false,"campfire_choices":[{"data":"HollowMod:SoulEater","floor":6,"key":"SMITH"},{"data":"HollowMod:CycloneSlash","floor":10,"key":"SMITH"},{"floor":15,"key":"REST"},{"floor":23,"key":"RECALL"},{"floor":25,"key":"REST"}],"circlet_count":0,"master_deck":["HollowMod:NailStrikeStart+1","HollowMod:NailStrikeStart+1","HollowMod:NailStrikeStart+1","HollowMod:QuickDashStart+1","HollowMod:QuickDashStart+1","HollowMod:QuickDashStart+1","HollowMod:QuickDashStart+1","HollowMod:FocusHealStart","HollowMod:PogoStrike","HollowMod:SoulStrike","HollowMod:SoulEater+1","HollowMod:SoulShaman","HollowMod:DesolateDive","HollowMod:CycloneSlash+1","HollowMod:VengefulSpirit","HollowMod:DoubleDash+1","HollowMod:CloakDash+1","HollowMod:SoulStrike","HollowMod:SoulMaster","HollowMod:PerfectDash+1","HollowMod:NewLittleFool+1","HollowMod:VengefulVoid+1","HollowMod:DashSlash","HollowMod:SharpenedNail","HollowMod:PureNailStrike"],"relics":["Philosopher\u0027s Stone","Bronze Scales","Astrolabe","Du-Vu Doll","War Paint"],"acts_visited":["Exordium","TheCity"],"potions_floor_usage":[11,16,16,16,24],"damage_taken":[{"damage":2,"enemies":"Jaw Worm","floor":1,"turns":3},{"damage":1,"enemies":"2 Louse","floor":4,"turns":2},{"damage":0,"enemies":"Small Slimes","floor":7,"turns":4},{"damage":44,"enemies":"Lagavulin","floor":8,"turns":9},{"damage":1,"enemies":"HollowMod:HuskWarrior","floor":11,"turns":5},{"damage":16,"enemies":"Blue Slaver","floor":12,"turns":3},{"damage":18,"enemies":"Large Slime","floor":13,"turns":4},{"damage":46,"enemies":"Hexaghost","floor":16,"turns":9},{"damage":41,"enemies":"Spheric Guardian","floor":18,"turns":5},{"damage":16,"enemies":"Shell Parasite","floor":21,"turns":7},{"damage":35,"enemies":"Snake Plant","floor":24,"turns":5},{"damage":28,"enemies":"Cultist and Chosen","floor":27,"turns":4}],"seed_played":"3403194030096959535","potions_obtained":[{"floor":4,"key":"Block Potion"},{"floor":8,"key":"SpeedPotion"},{"floor":11,"key":"SkillPotion"},{"floor":13,"key":"Strength Potion"},{"floor":21,"key":"Block Potion"}],"is_trial":false,"path_per_floor":["M","$","?","M","$","R","M","E","T","R","M","M","M","$","R","B",null,"M","?","?","M","?","R","M","R","T","M"],"character_chosen":"THE_BUGKNIGHT","items_purchased":["HollowMod:SoulEater","HollowMod:DesolateDive","HollowMod:CloakDash","HollowMod:SoulStrike"],"campfire_rested":2,"item_purchase_floors":[2,5,14,14],"current_hp_per_floor":[73,73,78,77,77,77,80,42,42,42,47,31,19,19,43,7,80,45,45,45,39,39,39,4,28,28,0,0],"gold":140,"neow_bonus":"BOSS_RELIC","is_daily":false,"chose_seed":false,"campfire_upgraded":2,"win_rate":0.0,"timestamp":1608121122,"path_taken":["M","$","?","M","$","R","M","E","T","R","M","M","M","$","R","BOSS","M","?","?","M","?","R","M","R","T","M"],"items_purchased_type":["Card","Card","Card","Card"],"build_version":"2020-12-13","purchased_purges":0,"victory":false,"max_hp_per_floor":[75,75,80,80,80,80,80,80,80,80,80,80,80,80,80,80,80,80,80,80,80,80,80,80,80,80,80,80],"card_choices":[{"not_picked":["HollowMod:CycloneSlash","HollowMod:SoulShaman"],"picked":"HollowMod:SoulStrike","floor":1},{"not_picked":["HollowMod:QuirrelsAssistance","HollowMod:HeavyBlow"],"picked":"HollowMod:SoulShaman","floor":4},{"not_picked":["HollowMod:Grubsong","HollowMod:MonarchWings"],"picked":"HollowMod:CycloneSlash","floor":7},{"not_picked":["HollowMod:Grubsong","HollowMod:AbyssShriek"],"picked":"HollowMod:MothsMistake","floor":8},{"not_picked":["HollowMod:DescendingDark","HollowMod:SiblingsSouls"],"picked":"HollowMod:VengefulSpirit","floor":11},{"not_picked":["HollowMod:PerfectDash","HollowMod:LifebloodCocoon"],"picked":"HollowMod:MothsMistake","floor":12},{"not_picked":["HollowMod:WraithStrike","HollowMod:HowlingWraiths"],"picked":"HollowMod:DoubleDash","floor":13},{"not_picked":["HollowMod:VoidDash","HollowMod:theNailsmith"],"picked":"HollowMod:SoulMaster","floor":16},{"not_picked":["HollowMod:LifebloodCocoon","HollowMod:Grubsong"],"picked":"HollowMod:DashSlash","floor":18},{"not_picked":["HollowMod:CrystalDash","HollowMod:LifebloodCocoon"],"picked":"HollowMod:SharpenedNail","floor":21},{"not_picked":["HollowMod:LifebloodCocoon+1","HollowMod:SoulEater"],"picked":"HollowMod:PureNailStrike","floor":24}],"player_experience":97071,"relics_obtained":[{"floor":8,"key":"Bronze Scales"},{"floor":26,"key":"War Paint"}],"event_choices":[{"damage_healed":0,"gold_gain":0,"player_choice":"Obtained Relic","damage_taken":0,"relics_obtained":["Du-Vu Doll"],"max_hp_gain":0,"max_hp_loss":0,"event_name":"Addict","floor":20,"gold_loss":85},{"damage_healed":0,"gold_gain":0,"player_choice":"Simplicity","damage_taken":0,"max_hp_gain":0,"max_hp_loss":0,"event_name":"Back to Basics","floor":22,"gold_loss":0,"cards_upgraded":["HollowMod:NailStrikeStart","HollowMod:NailStrikeStart","HollowMod:NailStrikeStart","HollowMod:QuickDashStart","HollowMod:QuickDashStart","HollowMod:QuickDashStart","HollowMod:QuickDashStart"]}],"is_beta":false,"boss_relics":[{"not_picked":["Snecko Eye","Runic Dome"],"picked":"Astrolabe"}],"items_purged_floors":[],"is_endless":false,"potions_floor_spawned":[4,8,11,13,21],"killed_by":"Cultist and Chosen","ascension_level":0}}