{"host":"aukiz5jlacd3g5yc","time":1608089027,"event":{"mods":["2.2 Compatiblity","BaseMod","Bestiary","Colored Map","Colored Powertips","Downfall","GifTheSpireLib","Highlight Path","Hubris","Infinite Spire","Marisa????????","Minty Spire (QoL Compilation)","Permanent Neow","Quick Restart","Random Character Button","Rare Cards Sparkle","Relic Sorter","Relic Stats","Replay The Spire","StSLib","Unknown Chances","everything is the same but u backflip on backflip","slay the spire mod where everything is the same but ironclad has a cowboy hat"],"gold_per_floor":[99,109,138,313,313,313,313,324,358,358,633,644,644,663,678,678,678],"floor_reached":16,"playtime":506,"items_purged":[],"score":116,"play_id":"2f2a53b5-a027-4686-b29e-caa7d1736d98","local_time":"20201215212347","is_ascension_mode":true,"campfire_choices":[{"data":"expansioncontent:StudyTheSpire","floor":1,"key":"SMITH"},{"data":"hexamod:HauntingEcho","floor":6,"key":"SMITH"},{"data":"hexamod:Float","floor":10,"key":"SMITH"}],"circlet_count":0,"master_deck":["hexamod:Strike+1","hexamod:Strike","hexamod:Strike+1","hexamod:Strike","hexamod:Defend","hexamod:Defend","hexamod:Defend","hexamod:Defend","hexamod:Sear+1","hexamod:Float+1","Amnesia","expansioncontent:StudyTheSpire+1","hexamod:HauntingEcho+1","Doubt","hexamod:Again","Regret","Regret","hexamod:HauntingEcho","hexamod:FastForward"],"relics":["hexamod:SpiritBrand","infinitespire:Lychee Nut","Gremlin Food","Pet Ghost"],"acts_visited":["Exordium"],"potions_floor_usage":[9,16],"damage_taken":[{"damage":1,"enemies":"Jaw Worm","floor":2,"turns":4},{"damage":9,"enemies":"3 Sentries","floor":3,"turns":4},{"damage":0,"enemies":"Cultist","floor":8,"turns":3},{"damage":20,"enemies":"Lagavulin","floor":9,"turns":5},{"damage":9,"enemies":"Small Slimes","floor":12,"turns":4},{"damage":17,"enemies":"3 Louse","floor":14,"turns":5},{"damage":28,"enemies":"Lots of Slimes","floor":15,"turns":3},{"damage":26,"enemies":"downfall:Ironclad","floor":16,"turns":2}],"seed_played":"-3570938797306767776","potions_obtained":[{"floor":3,"key":"Swift Potion"},{"floor":8,"key":"Elixir"},{"floor":9,"key":"FairyPotion"},{"floor":15,"key":"PowerPotion"}],"is_trial":false,"path_per_floor":["R","M","E","?","?","R","T","M","E","R","?","M","?","M","M","B"],"character_chosen":"THE_SPIRIT","items_purchased":[],"campfire_rested":0,"item_purchase_floors":[],"current_hp_per_floor":[70,69,52,52,52,52,52,52,33,33,33,30,30,19,15,0,0],"gold":678,"neow_bonus":"RANDOM_COLORLESS_2","is_daily":false,"chose_seed":false,"campfire_upgraded":3,"win_rate":0.0,"timestamp":1608089027,"path_taken":["R","M","E","?","?","R","T","?","E","R","?","?","?","M","M","BOSS"],"items_purchased_type":[],"build_version":"2020-12-13","purchased_purges":0,"victory":false,"max_hp_per_floor":[70,70,52,52,52,52,52,52,52,52,52,52,52,52,52,52,52],"relic_stats":{"counters":[8,30],"obtain_stats":[{"Gremlin Food":7,"infinitespire:Lychee Nut":3,"hexamod:SpiritBrand":0,"Pet Ghost":9},{"Gremlin Food":2,"infinitespire:Lychee Nut":2,"hexamod:SpiritBrand":0,"Pet Ghost":4},{"Gremlin Food":8,"infinitespire:Lychee Nut":8,"hexamod:SpiritBrand":0,"Pet Ghost":16}]},"card_choices":[{"not_picked":["expansioncontent:DashGenerateEvil","Crow Ritual"],"picked":"expansioncontent:StudyTheSpire","floor":0},{"not_picked":["hexamod:DynamicBlow","hexamod:RecurringNightmare"],"picked":"hexamod:HauntingEcho","floor":2},{"not_picked":["hexamod:HeatMetal","hexamod:DynamicBlow","hexamod:GhostShield"],"picked":"SKIP","floor":3},{"not_picked":["hexamod:RecurringNightmare","hexamod:NightmareGuise","hexamod:GhostOfSpirePast"],"picked":"SKIP","floor":8},{"not_picked":["hexamod:FirstSeal","hexamod:HauntingEcho"],"picked":"hexamod:Again","floor":9},{"not_picked":["hexamod:BurningTouch","hexamod:Incineration","hexamod:RecurringNightmare"],"picked":"SKIP","floor":12},{"not_picked":["hexamod:BurningTouch","hexamod:ShieldOfDarkness"],"picked":"hexamod:HauntingEcho","floor":14},{"not_picked":["hexamod:ExtraCrispy","hexamod:RecurringNightmare"],"picked":"hexamod:FastForward","floor":15}],"player_experience":366694,"relics_obtained":[{"floor":3,"key":"infinitespire:Lychee Nut"},{"floor":7,"key":"Gremlin Food"},{"floor":9,"key":"Pet Ghost"}],"event_choices":[],"is_beta":false,"boss_relics":[],"items_purged_floors":[],"is_endless":false,"potions_floor_spawned":[3,8,9,15],"killed_by":"downfall:Ironclad","ascension_level":1}}