{"host":"6xsbn6ynqlzwllfm","time":1608136012,"event":{"mods":["2.2 Compatiblity","BaseMod","Bestiary","Colored Map","Colored Powertips","Curses Come First","Downfall","Highlight Path","Minty Spire (QoL Compilation)","Quick Restart","Relic Stats","Slay the Relics Exporter","StSLib","SuperFastMode"],"gold_per_floor":[112,112,187,198,217,217,236,265,292,292,31,31,31,43,43,43,43],"floor_reached":16,"playtime":403,"items_purged":["Strike_R"],"score":200,"play_id":"9629ac7d-d8bc-4920-9e8b-7d5c1110e275","local_time":"20201216112652","is_ascension_mode":true,"campfire_choices":[{"data":"Bash","floor":6.0,"key":"SMITH"},{"data":"Dark Embrace","floor":10.0,"key":"SMITH"},{"data":"Rampage","floor":12.0,"key":"SMITH"},{"data":"Whirlwind","floor":15.0,"key":"SMITH"}],"circlet_count":0,"master_deck":["AscendersBane","Strike_R","Strike_R","Strike_R","Strike_R","Defend_R","Defend_R","Defend_R","Defend_R","Bash+1","Wild Strike","Thunderclap","Rampage+1","Reaper","Dark Embrace+1","Shrug It Off","Whirlwind+1"],"relics":["Burning Blood","White Beast Statue","Incense Burner","Strawberry","ClockworkSouvenir","Toy Ornithopter"],"acts_visited":["Exordium"],"potions_floor_usage":[16,16],"damage_taken":[{"damage":2.0,"enemies":"Cultist","floor":1.0,"turns":4.0},{"damage":4.0,"enemies":"2 Louse","floor":4.0,"turns":4.0},{"damage":16.0,"enemies":"Jaw Worm","floor":5.0,"turns":5.0},{"damage":10.0,"enemies":"2 Fungi Beasts","floor":7.0,"turns":4.0},{"damage":36.0,"enemies":"Lagavulin","floor":8.0,"turns":7.0},{"damage":19.0,"enemies":"3 Louse","floor":14.0,"turns":4.0},{"damage":43,"enemies":"Slime Boss","floor":16,"turns":5}],"seed_played":"4520932347570381418","potions_obtained":[{"floor":4.0,"key":"Dexterity Potion"},{"floor":5.0,"key":"HeartOfIron"},{"floor":7.0,"key":"Explosive Potion"},{"floor":8.0,"key":"Swift Potion"},{"floor":14.0,"key":"GamblersBrew"}],"is_trial":false,"path_per_floor":["M","T","?","M","M","R","M","E","T","R","$","R","?","M","R","B"],"character_chosen":"IRONCLAD","items_purchased":["ClockworkSouvenir","Shrug It Off"],"campfire_rested":0,"item_purchase_floors":[11,11],"current_hp_per_floor":[79,79,68,70,60,60,56,32,39,39,39,39,28,31,31,0,0],"gold":43,"neow_bonus":"TEN_PERCENT_HP_BONUS","is_daily":false,"chose_seed":false,"campfire_upgraded":4,"win_rate":0.0,"timestamp":1608136012,"path_taken":["M","?","?","M","M","R","M","E","T","R","$","R","?","M","R","BOSS"],"items_purchased_type":["Relic","Card"],"build_version":"2020-12-13","purchased_purges":1,"victory":false,"max_hp_per_floor":[82,82,82,82,82,82,82,82,89,89,89,89,89,89,89,89,89],"relic_stats":{"counters":[7,33],"obtain_stats":[{"Strawberry":9,"Incense Burner":8,"Burning Blood":0,"White Beast Statue":2,"Toy Ornithopter":13,"ClockworkSouvenir":11},{"Strawberry":5,"Incense Burner":5,"Burning Blood":0,"White Beast Statue":1,"Toy Ornithopter":5,"ClockworkSouvenir":5},{"Strawberry":24,"Incense Burner":24,"Burning Blood":0,"White Beast Statue":4,"Toy Ornithopter":24,"ClockworkSouvenir":24}],"Burning Blood":36,"Toy Ornithopter":15},"card_choices":[{"not_picked":["Heavy Blade","Reckless Charge"],"picked":"Wild Strike","floor":1.0},{"not_picked":["Sentinel","Iron Wave"],"picked":"Thunderclap","floor":4.0},{"not_picked":["Infernal Blade","Anger"],"picked":"Rampage","floor":5.0},{"not_picked":["Heavy Blade","Thunderclap"],"picked":"Reaper","floor":7.0},{"not_picked":["Clash","Entrench"],"picked":"Dark Embrace","floor":8.0},{"not_picked":["Second Wind","Clothesline"],"picked":"Whirlwind","floor":14.0}],"player_experience":1221942,"relics_obtained":[{"floor":2.0,"key":"White Beast Statue"},{"floor":8.0,"key":"Incense Burner"},{"floor":9.0,"key":"Strawberry"}],"event_choices":[{"damage_healed":0.0,"max_hp_gain":0.0,"max_hp_loss":0.0,"gold_gain":75.0,"event_name":"World of Goop","player_choice":"Gather Gold","floor":3.0,"gold_loss":0.0,"damage_taken":11.0},{"damage_healed":0.0,"max_hp_gain":0.0,"max_hp_loss":0.0,"gold_gain":0.0,"event_name":"Scrap Ooze","player_choice":"Success","floor":13.0,"gold_loss":0.0,"damage_taken":11.0,"relics_obtained":["Toy Ornithopter"]}],"is_beta":false,"boss_relics":[],"items_purged_floors":[11],"is_endless":false,"potions_floor_spawned":[4,5,7,8,14],"killed_by":"Slime Boss","ascension_level":20}}