{"host":"m5n96f98ibl1zi71","time":1608101086,"event":{"mods":["Aspiration","BaseMod","Conspire","Curses Come First","Downfall","Hubris","Minty Spire (QoL Compilation)","Quick Restart","Shop Mod","StSLib","Uncapped"],"gold_per_floor":[115,125,125,125,135,135,146,146,171,191,211,228,228,228],"floor_reached":13,"playtime":853,"items_purged":[],"score":154,"play_id":"ce2b6226-2521-46f9-b923-c7da7a358007","local_time":"20201216164446","daily_mods":["Specialized","Diverse","DeadlyEvents"],"is_ascension_mode":false,"campfire_choices":[{"data":"Eruption","floor":6,"key":"SMITH"},{"floor":8,"key":"REST"}],"circlet_count":0,"master_deck":["Strike_P","Strike_P","Strike_P","Strike_P","Defend_P","Defend_P","Defend_P","Eruption+1","Vigilance","sneckomod:UnknownClassPURPLE","sneckomod:UnknownClassPURPLE","sneckomod:UnknownClassPURPLE","sneckomod:UnknownClassPURPLE","sneckomod:UnknownClassPURPLE","Guardian:ShieldCharger","sneckomod:IronFang","Flex","Guardian:PiercingHide"],"relics":["PureWater","Boot"],"acts_visited":["Exordium"],"potions_floor_usage":[],"damage_taken":[{"damage":0,"enemies":"Cultist","floor":1,"turns":2},{"damage":0,"enemies":"2 Louse","floor":2,"turns":5},{"damage":12,"enemies":"Jaw Worm","floor":5,"turns":4},{"damage":17,"enemies":"Large Slime","floor":7,"turns":7},{"damage":20,"enemies":"3 Louse","floor":10,"turns":4},{"damage":9,"enemies":"Blue Slaver","floor":11,"turns":5},{"damage":25,"enemies":"2 Fungi Beasts","floor":12,"turns":5},{"damage":10,"enemies":"3 Sentries","floor":13,"turns":2}],"seed_played":"-5590241814609453882","potions_obtained":[{"floor":5,"key":"Energy Potion"},{"floor":7,"key":"sneckomod:MuddlingPotion"},{"floor":11,"key":"LiquidBronze"}],"is_trial":true,"path_per_floor":["M","M","?","?","M","R","M","R","T","M","M","M","E"],"character_chosen":"WATCHER","items_purchased":[],"campfire_rested":1,"item_purchase_floors":[],"current_hp_per_floor":[72,72,65,65,53,53,36,57,57,37,28,3,0,0],"gold":228,"neow_bonus":"","is_daily":false,"chose_seed":false,"campfire_upgraded":1,"win_rate":0.0,"timestamp":1608101086,"path_taken":["M","?","?","?","M","R","M","R","T","M","M","M","E"],"items_purchased_type":[],"build_version":"2020-12-13","purchased_purges":0,"victory":false,"max_hp_per_floor":[72,72,72,72,72,72,72,72,72,72,72,72,72,72],"card_choices":[{"not_picked":["Body Slam","hexamod:SwordOfDarkness","champ:AdrenalArmor"],"picked":"SKIP","floor":1},{"not_picked":["champ:FaceSlap","Nirvana","champ:TornadoPunch"],"picked":"SKIP","floor":2},{"not_picked":["Vengeance","Steam"],"picked":"Guardian:ShieldCharger","floor":5},{"not_picked":["PiercingWail","Guardian:Planning","hexamod:ChargedBarrage"],"picked":"SKIP","floor":7},{"not_picked":["Buffer","hexamod:NightmareGuise"],"picked":"sneckomod:IronFang","floor":10},{"not_picked":["Heavy Blade","hexamod:NightmareStrike"],"picked":"Flex","floor":11},{"not_picked":["Wild Strike","hexamod:EtherealExpedition"],"picked":"Guardian:PiercingHide","floor":12}],"player_experience":385750,"relics_obtained":[{"floor":9,"key":"Boot"}],"event_choices":[{"cards_removed":["Defend_P"],"damage_healed":0,"gold_gain":0,"player_choice":"Card Removal","damage_taken":7,"max_hp_gain":0,"max_hp_loss":0,"event_name":"Golden Wing","floor":3,"gold_loss":0},{"damage_healed":0,"gold_gain":0,"player_choice":"Ignored","damage_taken":0,"max_hp_gain":0,"max_hp_loss":0,"event_name":"Liars Game","floor":4,"gold_loss":0}],"is_beta":false,"boss_relics":[],"items_purged_floors":[],"is_endless":true,"potions_floor_spawned":[5,7,11],"killed_by":"3 Sentries","ascension_level":0}}