{"host":"zsm7bdfo51n66z45","time":1608082867,"event":{"mods":["AchievementEnabler","BaseMod","Colored Powertips","Minty Spire (QoL Compilation)","Relic Stats","Spicy Shops","StSLib","TheBandit","Waifu the Spire"],"gold_per_floor":[114,114,130,147,147,147,177,194,221,237,237,257,257,275,275,370,370,381,392,405,421,102,131,230,230,230,230,230,230,230],"floor_reached":28,"playtime":1263,"items_purged":[],"score":292,"play_id":"25f755a3-9475-4d04-87ad-cf28755d494b","local_time":"20201215194107","is_ascension_mode":false,"campfire_choices":[{"data":"wariomod:Strike","floor":6,"key":"SMITH"},{"floor":13,"key":"REST"},{"floor":15,"key":"REST"},{"floor":25,"key":"REST"}],"circlet_count":0,"master_deck":["wariomod:Strike+1","wariomod:Strike","wariomod:Strike","wariomod:Strike","wariomod:Defend","wariomod:Defend","wariomod:Defend","wariomod:Defend","wariomod:Step+1","wariomod:Leap+1","wariomod:Bomblaster+1","Parasite","wariomod:BoomBoom","wariomod:BlastDash","wariomod:SpacialMastery","wariomod:GoAgain","wariomod:Boomsmack+1","wariomod:DanceDash","wariomod:DoubleDash+1","wariomod:Bombshield","wariomod:HastyRush+1","wariomod:DamnedStrength+1","Doubt"],"relics":["Cursed Key","Smiling Mask","Dream Catcher","Snecko Eye","Lantern","Ancient Tea Set","Ornamental Fan"],"acts_visited":["Exordium","TheCity"],"potions_floor_usage":[7,16,19,23,23,23,23,28],"damage_taken":[{"damage":0,"enemies":"2 Louse","floor":1,"turns":2},{"damage":0,"enemies":"Jaw Worm","floor":3,"turns":3},{"damage":1,"enemies":"Cultist","floor":4,"turns":4},{"damage":11,"enemies":"Gremlin Nob","floor":7,"turns":3},{"damage":7,"enemies":"Large Slime","floor":8,"turns":5},{"damage":4,"enemies":"Red Slaver","floor":10,"turns":3},{"damage":19,"enemies":"Lots of Slimes","floor":12,"turns":2},{"damage":8,"enemies":"Blue Slaver","floor":14,"turns":3},{"damage":0,"enemies":"Slime Boss","floor":16,"turns":6},{"damage":16,"enemies":"Chosen","floor":18,"turns":7},{"damage":10,"enemies":"3 Byrds","floor":19,"turns":3},{"damage":15,"enemies":"Snake Plant","floor":20,"turns":5},{"damage":10,"enemies":"Chosen and Byrds","floor":21,"turns":6},{"damage":28,"enemies":"Slavers","floor":23,"turns":3},{"damage":0,"enemies":"Centurion and Healer","floor":28,"turns":2}],"seed_played":"6766898669358085106","potions_obtained":[{"floor":1,"key":"ColorlessPotion"},{"floor":7,"key":"FearPotion"},{"floor":10,"key":"SteroidPotion"},{"floor":12,"key":"LiquidMemories"},{"floor":16,"key":"Explosive Potion"},{"floor":20,"key":"Fire Potion"},{"floor":23,"key":"Explosive Potion"}],"is_trial":false,"path_per_floor":["M","?","M","M","?","R","E","M","T","M","?","M","R","M","R","B",null,"M","M","M","M","$","E","?","R","T","?","M"],"character_chosen":"THE_BANDIT","items_purchased":["FearPotion","wariomod:Bombshield","Lantern"],"campfire_rested":3,"item_purchase_floors":[22,22,22],"current_hp_per_floor":[80,80,80,79,79,79,68,61,61,57,57,38,62,54,78,78,80,64,54,39,29,29,1,1,25,25,16,0,0,0],"gold":230,"neow_bonus":"BOSS_RELIC","is_daily":false,"chose_seed":false,"campfire_upgraded":1,"win_rate":0.0,"timestamp":1608082867,"path_taken":["M","?","M","M","?","R","E","?","T","M","?","?","R","M","R","BOSS","M","?","M","M","$","E","?","R","T","?","M"],"items_purchased_type":["Potion","Card","Relic"],"build_version":"2020-12-13","purchased_purges":0,"victory":false,"max_hp_per_floor":[80,80,80,80,80,80,80,80,80,80,80,80,80,80,80,80,80,80,80,80,80,80,80,80,80,80,80,80,80,80],"relic_stats":{"Dream Catcher":3,"counters":[15,57],"Ornamental Fan":[4],"Snecko Eye":[56,44,57,42],"Cursed Key":2,"Smiling Mask":0,"obtain_stats":[{"Dream Catcher":9,"Lantern":22,"Ornamental Fan":26,"wariomod:TheHat":0,"Snecko Eye":17,"Cursed Key":0,"Smiling Mask":7,"Ancient Tea Set":23},{"Dream Catcher":5,"Lantern":13,"Ornamental Fan":14,"wariomod:TheHat":0,"Snecko Eye":9,"Cursed Key":0,"Smiling Mask":4,"Ancient Tea Set":14},{"Dream Catcher":17,"Lantern":52,"Ornamental Fan":55,"wariomod:TheHat":0,"Snecko Eye":31,"Cursed Key":0,"Smiling Mask":12,"Ancient Tea Set":55}]},"card_choices":[{"not_picked":["wariomod:Immortalize","wariomod:TreasureDig","wariomod:AwfulLook"],"picked":"SKIP","floor":1},{"not_picked":["wariomod:f","wariomod:CursedSpaces","wariomod:Purify"],"picked":"SKIP","floor":3},{"not_picked":["wariomod:BigUpgrade","wariomod:DoubleDash","wariomod:AwfulLook"],"picked":"SKIP","floor":4},{"not_picked":["wariomod:ThatsNotAll","wariomod:Leapslam","wariomod:DeepDig"],"picked":"SKIP","floor":7},{"not_picked":["wariomod:HastyRush","wariomod:BlastDash"],"picked":"wariomod:Bomblaster","floor":8},{"not_picked":["wariomod:BodyBlock","wariomod:SmackSlam","wariomod:GreaterGuard"],"picked":"SKIP","floor":10},{"not_picked":["wariomod:SpikeSlash","wariomod:DanceDash","wariomod:SmackSlam"],"picked":"SKIP","floor":12},{"not_picked":["wariomod:EmptyMind","wariomod:DiceyMove"],"picked":"wariomod:BoomBoom","floor":13},{"not_picked":["wariomod:Goblast","wariomod:Smackflip"],"picked":"wariomod:BlastDash","floor":14},{"not_picked":["wariomod:ChargeForth","wariomod:NullJump"],"picked":"wariomod:SpacialMastery","floor":15},{"not_picked":["wariomod:MassiveParty","wariomod:FabulousPrizes"],"picked":"wariomod:GoAgain","floor":16},{"not_picked":["wariomod:SpikeSlash","wariomod:HastyRush","wariomod:BodyBlock"],"picked":"SKIP","floor":18},{"not_picked":["wariomod:DoubleDip","wariomod:DropBash"],"picked":"wariomod:Boomsmack+1","floor":19},{"not_picked":["wariomod:TheGrandJourney","wariomod:Immortalize"],"picked":"wariomod:DanceDash","floor":20},{"not_picked":["wariomod:ChargeForth+1","wariomod:TreasureDig"],"picked":"wariomod:DoubleDash+1","floor":21},{"not_picked":["wariomod:DoubleDip","wariomod:BigUpgrade"],"picked":"wariomod:HastyRush+1","floor":23},{"not_picked":["wariomod:Leapslam+1","wariomod:MassiveParty"],"picked":"wariomod:DamnedStrength+1","floor":25}],"player_experience":150742,"relics_obtained":[{"floor":7,"key":"Smiling Mask"},{"floor":9,"key":"Dream Catcher"},{"floor":23,"key":"Ancient Tea Set"},{"floor":26,"key":"Ornamental Fan"}],"event_choices":[{"damage_healed":0,"gold_gain":0,"player_choice":"Grow","damage_taken":0,"max_hp_gain":0,"max_hp_loss":0,"event_name":"Living Wall","floor":2,"gold_loss":0,"cards_upgraded":["wariomod:Step"]},{"damage_healed":0,"gold_gain":0,"player_choice":"Forge","damage_taken":0,"max_hp_gain":0,"max_hp_loss":0,"event_name":"Accursed Blacksmith","floor":5,"gold_loss":0,"cards_upgraded":["wariomod:Leap"]},{"damage_healed":0,"gold_gain":0,"player_choice":"Upgraded","damage_taken":0,"max_hp_gain":0,"max_hp_loss":0,"event_name":"Upgrade Shrine","floor":11,"gold_loss":0,"cards_upgraded":["wariomod:Bomblaster"]},{"damage_healed":0,"gold_gain":99,"player_choice":"Stole From Cult","damage_taken":0,"max_hp_gain":0,"max_hp_loss":0,"event_name":"Nest","floor":24,"gold_loss":0},{"damage_healed":0,"gold_gain":0,"player_choice":"Stopped","damage_taken":9,"max_hp_gain":0,"max_hp_loss":0,"event_name":"Cursed Tome","floor":27,"gold_loss":0}],"is_beta":false,"boss_relics":[{"not_picked":["wariomod:PropellerHat","Pandora\u0027s Box"],"picked":"Snecko Eye"}],"items_purged_floors":[],"is_endless":false,"potions_floor_spawned":[1,7,10,12,16,20,23],"killed_by":"Centurion and Healer","ascension_level":0}}