{"host":"0cm5wy4nhuju7tij","time":1608115635,"event":{"mods":["2.2 Compatiblity","AchievementEnabler","BaseMod","Better Third Choice","BetterRewards","Colored Powertips","Curses Come First","Custom Start","Displayed Cursed Tome","Downfall","Energized Spire","Filter the Spire","Fireblade Mod","Highlight Path","Minty Spire (QoL Compilation)","Permanent Neow","Railgun Mod","Robot Space Explorer","Shop Mod","Spicy Shops","StSLib","The Mystic","The Servant 0.9.4"],"gold_per_floor":[119,119,138,158,8,34,34,67,67,81,110,110,110,72,72,176,176,194,20,37,54,54,85,85,114,187,187,187,19,38,54,54,155,155,174,220,249,54,54,54],"floor_reached":39,"playtime":3404,"items_purged":["Parasite","Duplication","PendulumOfEternity"],"score":459,"play_id":"dfa02729-6072-43cd-b213-92b9d20e9bde","local_time":"20201216054715","is_ascension_mode":true,"campfire_choices":[{"data":"BestPractice","floor":7,"key":"SMITH"},{"floor":12,"key":"REST"},{"data":"SurpressingFire","floor":15,"key":"SMITH"},{"floor":24,"key":"REST"},{"floor":32,"key":"REST"}],"circlet_count":0,"master_deck":["KidneyShot","Exchange","Solidify","Manipulate","Gouge","MoonPhase","BestPractice+1","Sabotage","Spin","Hightail","SurpressingFire+1","MurderousAura","Barrier","Starlight","FlawlessForm","Gouge","PendulumOfEternity","SurpressingFire","Rearm","Alleviate","Sabotage","Solidify","RealityMarble","Rewind","FlawlessForm","GearUp","StarChef+1"],"relics":["Uniform","FaceOfCleric","Happy Flower","MealTicket","Shovel","Pantograph","Peace Pipe","Pandora\u0027s Box","Thread and Needle","Tiny Chest","The Courier","energizedSpire:OgreHead","CeramicFish","Ornamental Fan"],"acts_visited":["Exordium","TheCity","TheBeyond"],"potions_floor_usage":[11,31,33],"damage_taken":[{"damage":0,"enemies":"2 Louse","floor":1,"turns":4},{"damage":8,"enemies":"Cultist","floor":3,"turns":5},{"damage":3,"enemies":"Jaw Worm","floor":4,"turns":4},{"damage":28,"enemies":"3 Sentries","floor":6,"turns":9},{"damage":13,"enemies":"Lagavulin","floor":8,"turns":5},{"damage":0,"enemies":"3 Louse","floor":10,"turns":4},{"damage":15,"enemies":"Gremlin Nob","floor":11,"turns":5},{"damage":22,"enemies":"The Guardian","floor":16,"turns":13},{"damage":0,"enemies":"Chosen","floor":18,"turns":8},{"damage":30,"enemies":"2 Thieves","floor":20,"turns":5},{"damage":20,"enemies":"Centurion and Healer","floor":21,"turns":7},{"damage":28,"enemies":"Gremlin Leader","floor":23,"turns":9},{"damage":38,"enemies":"Slavers","floor":25,"turns":7},{"damage":8,"enemies":"3 Cultists","floor":30,"turns":9},{"damage":5,"enemies":"Snake Plant","floor":31,"turns":7},{"damage":12,"enemies":"Champ","floor":33,"turns":12},{"damage":5,"enemies":"3 Shapes","floor":35,"turns":9},{"damage":18,"enemies":"Orb Walker","floor":37,"turns":6},{"damage":78,"enemies":"Transient","floor":39,"turns":4}],"seed_played":"7514188965195393836","potions_obtained":[{"floor":3,"key":"DuplicationPotion"},{"floor":4,"key":"BlessingOfTheForge"},{"floor":6,"key":"Guardian:BlockOnCardUsePotion"},{"floor":20,"key":"FairyPotion"},{"floor":25,"key":"ColorlessPotion"},{"floor":28,"key":"Dexterity Potion"},{"floor":28,"key":"CultistPotion"},{"floor":30,"key":"Block Potion"},{"floor":33,"key":"Energy Potion"},{"floor":35,"key":"AttackPotion"}],"is_trial":false,"path_per_floor":["M","?","M","M","$","E","R","E","T","M","E","R","?","$","R","B",null,"M","$","M","M","$","E","R","E","T","?","?","$","M","M","R","B",null,"M","T","M","$","M"],"character_chosen":"THE_SERVANT","items_purchased":["Happy Flower","SurpressingFire","SurpressingFire","Rearm","RealityMarble","Rewind","Ornamental Fan"],"campfire_rested":3,"item_purchase_floors":[5,14,19,19,29,29,38],"current_hp_per_floor":[65,65,58,56,56,29,29,17,17,18,4,25,42,57,57,50,72,73,70,41,22,37,10,31,20,20,20,20,35,28,24,46,60,77,73,73,56,71,0,0],"gold":54,"neow_bonus":"TRANSFORM_CARD","is_daily":false,"chose_seed":false,"campfire_upgraded":2,"win_rate":0.0,"timestamp":1608115635,"path_taken":["M","?","M","M","?","E","R","E","T","M","E","R","?","$","R","BOSS","M","$","M","M","$","E","R","E","T","?","?","$","?","M","R","BOSS","M","?","M","$","M"],"items_purchased_type":["Relic","Card","Card","Card","Card","Card","Relic"],"build_version":"2020-12-13","purchased_purges":3,"victory":false,"max_hp_per_floor":[65,65,66,67,67,68,68,69,69,70,71,71,71,71,71,72,72,73,70,71,72,72,73,73,74,74,74,74,74,75,76,76,77,77,78,78,79,79,79,79],"card_choices":[{"not_picked":["Defy","Rewind"],"picked":"Manipulate","floor":1},{"not_picked":["Collapse","Potential"],"picked":"Gouge","floor":3},{"not_picked":["Starlight","FastForward"],"picked":"MoonPhase","floor":4},{"not_picked":["Alleviate","InstantArmor"],"picked":"BestPractice","floor":6},{"not_picked":["KillingDoll","Unruled"],"picked":"Sabotage","floor":8},{"not_picked":["Unruled","Potential"],"picked":"Spin","floor":10},{"not_picked":["SilverBlades","Rewind"],"picked":"Hightail","floor":11},{"not_picked":["Initiator","FloweringNight"],"picked":"MurderousAura","floor":16},{"not_picked":["TimeWarp","Potential","Rearm"],"picked":"SKIP","floor":18},{"not_picked":["Rewind","Potential","Snipe+1"],"picked":"SKIP","floor":20},{"not_picked":["ShatteredReality","TimeWarp"],"picked":"Alleviate","floor":21},{"not_picked":["Unruled","Potential"],"picked":"Sabotage","floor":23},{"not_picked":["FanOfKnives","ShatteredReality+1"],"picked":"Solidify","floor":25},{"not_picked":["Replace","Potential","ShatteredReality"],"picked":"SKIP","floor":30},{"not_picked":["Ricochet+1","Advance","Alleviate"],"picked":"SKIP","floor":31},{"not_picked":["KillingDoll","FloweringNight"],"picked":"FlawlessForm","floor":33},{"not_picked":["Revamp","Alleviate"],"picked":"GearUp","floor":35},{"not_picked":["Desolation+1","Misdirection"],"picked":"StarChef+1","floor":37}],"player_experience":234657,"relics_obtained":[{"floor":6,"key":"MealTicket"},{"floor":8,"key":"Shovel"},{"floor":9,"key":"Pantograph"},{"floor":11,"key":"Peace Pipe"},{"floor":23,"key":"Thread and Needle"},{"floor":25,"key":"Tiny Chest"},{"floor":26,"key":"The Courier"},{"floor":36,"key":"CeramicFish"}],"event_choices":[{"damage_healed":0,"gold_gain":0,"player_choice":"Trade","damage_taken":0,"relics_obtained":["FaceOfCleric"],"max_hp_gain":0,"max_hp_loss":0,"event_name":"FaceTrader","floor":2,"gold_loss":0},{"damage_healed":17,"gold_gain":0,"player_choice":"Healed and dodged fight","damage_taken":0,"max_hp_gain":0,"max_hp_loss":0,"event_name":"Mushrooms","floor":13,"gold_loss":0,"cards_obtained":["Parasite"]},{"damage_healed":0,"gold_gain":0,"player_choice":"Ignored","damage_taken":0,"max_hp_gain":0,"max_hp_loss":0,"event_name":"Beggar","floor":27,"gold_loss":0},{"damage_healed":0,"gold_gain":0,"player_choice":"Got Potions","damage_taken":0,"max_hp_gain":0,"max_hp_loss":0,"event_name":"Lab","floor":28,"gold_loss":0}],"is_beta":false,"boss_relics":[{"not_picked":["Busted Crown","Black Star"],"picked":"Pandora\u0027s Box"},{"not_picked":["Philosopher\u0027s Stone","energizedSpire:StickyHand"],"picked":"energizedSpire:OgreHead"}],"items_purged_floors":[19,29,38],"is_endless":false,"potions_floor_spawned":[3,4,6,8,20,25,30,33,35],"killed_by":"Transient","ascension_level":1}}