{"host":"mvw7i28zi3kj0eu9","time":1608106527,"event":{"mods":["AchievementEnabler","BaseMod","Better Third Choice","BetterRewards","Block Reminder","Conspire","Custom Start","Downfall","Energized Spire","Halation","Hermit","Hubris","Infinite Spire","Jorbs\u0027s Wanderer Trilogy","Minty Spire (QoL Compilation)","Replay The Spire","Shop Mod","Small Relic Pack","Spikes Relics","StSLib","The Blue Laboratory","The Necromancer","The Servant 0.9.4","Virulent Crown"],"gold_per_floor":[118,138,138,138,100,100,21,21,21,21,34,34,34,34,34,137,137,150,150,228,269,319,319,338,358,358,358,358],"floor_reached":27,"playtime":570,"items_purged":["Defend_R","Voices","Intolerance"],"score":197,"play_id":"414c359d-35e8-460b-b728-f96434a22747","local_time":"20201216091527","is_ascension_mode":false,"campfire_choices":[{"data":"Bash+1","floor":6,"key":"SMITH"},{"data":"Bash+2","floor":6,"key":"SMITH"},{"data":"Strike_R","floor":8,"key":"SMITH"},{"data":"Strike_R","floor":8,"key":"SMITH"},{"data":"Strike_R","floor":10,"key":"SMITH"},{"data":"Strike_R","floor":10,"key":"SMITH"},{"data":"Strike_R","floor":15,"key":"SMITH"},{"data":"Strike_R+1","floor":15,"key":"SMITH"},{"data":"Barricade","floor":23,"key":"SMITH"},{"data":"Defend_R","floor":23,"key":"SMITH"}],"circlet_count":0,"master_deck":["Strike_R+2","Strike_R+1","Defend_R+1","Bash+3","Barricade+1","Clumsy","Entrench"],"relics":["Burning Blood","conspire:InfiniteJournal","Membership Card","Replay:Arrowhead","relicPack:AllForOne","Tiny Chest","Singing Bowl","hubris:MobiusCoin","MerchantsRug","conspire:GlowingRock"],"acts_visited":["Exordium","TheCity"],"potions_floor_usage":[24,24],"damage_taken":[{"damage":7,"enemies":"Small Slimes","floor":1,"turns":3},{"damage":6,"enemies":"Jaw Worm","floor":2,"turns":3},{"damage":5,"enemies":"2 Louse","floor":11,"turns":2},{"damage":50,"enemies":"Slime Boss","floor":16,"turns":11},{"damage":27,"enemies":"Spheric Guardian","floor":18,"turns":4},{"damage":18,"enemies":"2 Thieves","floor":24,"turns":4},{"damage":20,"enemies":"Shelled Parasite and Fungi","floor":25,"turns":12},{"damage":42,"enemies":"Gremlin Leader","floor":27,"turns":3}],"seed_played":"-6017509722469018752","potions_obtained":[{"floor":1,"key":"blueLaboratory:HorrorPotion"},{"floor":16,"key":"SteroidPotion"},{"floor":18,"key":"Block Potion"},{"floor":24,"key":"blueLaboratory:SavagePotion"},{"floor":25,"key":"blueLaboratory:ConflagurationPotion"}],"is_trial":true,"path_per_floor":["M","M","?","?","$","R","$","R","T","R","M","?","?","?","R","B",null,"M","AVR","T","$","?","R","M","M","T","E"],"character_chosen":"IRONCLAD","items_purchased":["Tiny Chest","MerchantsRug"],"campfire_rested":0,"item_purchase_floors":[7,21],"current_hp_per_floor":[79,79,79,79,79,79,79,79,79,79,82,82,82,82,82,38,82,61,61,61,61,61,61,51,39,39,0,0],"gold":358,"neow_bonus":"","is_daily":false,"chose_seed":false,"campfire_upgraded":10,"win_rate":0.0,"timestamp":1608106527,"path_taken":["M","M","?","?","$","R","$","R","T","R","M","?","?","?","R","BOSS","M","AVR","?","$","?","R","?","M","T","E"],"items_purchased_type":["Relic","Relic"],"build_version":"2020-12-13","purchased_purges":3,"victory":false,"max_hp_per_floor":[80,80,80,80,80,80,80,80,80,80,82,82,82,82,82,82,82,82,82,82,82,82,82,84,86,86,86,86],"card_choices":[{"not_picked":["Pommel Strike","Replay:Undeath\u0027s Touch","Inflame"],"picked":"SKIP","floor":1},{"not_picked":["Warcry","Life Link","Wild Strike"],"picked":"SKIP","floor":2},{"not_picked":["Thunderclap","ReplayTheSpireMod:Strike From Hell","Dual Wield"],"picked":"Singing Bowl","floor":11},{"not_picked":["Offering","Brutality"],"picked":"Barricade","floor":16},{"not_picked":["Run Through","Clash+1"],"picked":"Entrench","floor":18},{"not_picked":["Intimidate","Absolvement","Replay:Undeath\u0027s Touch"],"picked":"Singing Bowl","floor":24},{"not_picked":["Carnage","ReplayTheSpireMod:Strike From Hell","Anger+1"],"picked":"Singing Bowl","floor":25}],"player_experience":869627,"relics_obtained":[{"floor":9,"key":"Singing Bowl"},{"floor":20,"key":"hubris:MobiusCoin"},{"floor":26,"key":"conspire:GlowingRock"}],"event_choices":[{"damage_healed":0,"gold_gain":0,"player_choice":"Grow","damage_taken":0,"max_hp_gain":0,"max_hp_loss":0,"event_name":"Living Wall","floor":3,"gold_loss":0,"cards_upgraded":["Bash"]},{"damage_healed":0,"gold_gain":0,"player_choice":"Leave","damage_taken":0,"max_hp_gain":0,"max_hp_loss":0,"event_name":"conspire:Investor","floor":12,"gold_loss":0},{"damage_healed":0,"gold_gain":100,"player_choice":"Bet on Murderer","damage_taken":0,"max_hp_gain":0,"max_hp_loss":0,"event_name":"The Joust","floor":22,"gold_loss":50}],"is_beta":false,"boss_relics":[{"not_picked":["Cursed Key","Replay:Ancient Bell"],"picked":"Kintsugi"}],"items_purged_floors":[5,19,21],"is_endless":false,"potions_floor_spawned":[1,16,18,24,25],"killed_by":"Gremlin Leader","ascension_level":0}}