{"host":"a7kkotolxcg5vljr","time":1608154899,"event":{"mods":["2.2 Compatiblity","AchievementEnabler","Act Like it!","BaseMod","Better Altar","Better Skull","Better Third Choice","Colored Map","Colored Powertips","Downfall","Hermit","Highlight Path","Marisa????????","Minty Spire (QoL Compilation)","Quick Restart","Rare Cards Sparkle","Replay The Spire","Spicy Shops","StSLib","The Cursed","The Disciple","The Servant 0.9.4"],"gold_per_floor":[119,135,135,154,167,167,167],"floor_reached":6,"playtime":307,"items_purged":[],"score":38,"play_id":"ba39be5c-4cdb-4b0c-844e-a725620bf9af","local_time":"20201216164139","is_ascension_mode":false,"campfire_choices":[],"circlet_count":0,"master_deck":["Strike_G","Strike_G","Strike_G","Strike_G","Strike_G","Defend_G","Defend_G","Defend_G","Defend_G","Defend_G","Survivor","Neutralize","Dagger Spray","ReplayTheSpireMod:Scrap Shanks","Dagger Throw","Dagger Spray"],"relics":["Honey Jar","ReplayTheSpireMod:Lightbulb"],"acts_visited":["Exordium"],"potions_floor_usage":[6],"damage_taken":[{"damage":0,"enemies":"2 Louse","floor":1,"turns":2},{"damage":1,"enemies":"Jaw Worm","floor":2,"turns":4},{"damage":0,"enemies":"Cultist","floor":4,"turns":5},{"damage":25,"enemies":"Gremlin Gang","floor":5,"turns":5},{"damage":33,"enemies":"Lagavulin","floor":6,"turns":9}],"seed_played":"-1641769120660463922","potions_obtained":[{"floor":2,"key":"Elixir"},{"floor":5,"key":"FearPotion"}],"is_trial":false,"path_per_floor":["M","M","?","M","M","E"],"character_chosen":"THE_SILENT","items_purchased":[],"campfire_rested":0,"item_purchase_floors":[],"current_hp_per_floor":[70,69,57,57,32,0,0],"gold":167,"neow_bonus":"BOSS_RELIC","is_daily":false,"chose_seed":false,"campfire_upgraded":0,"win_rate":0.0,"timestamp":1608154899,"path_taken":["M","M","?","M","M","E"],"items_purchased_type":[],"build_version":"2020-12-13","purchased_purges":0,"victory":false,"max_hp_per_floor":[70,70,70,70,70,70,70],"card_choices":[{"not_picked":["Backflip","PiercingWail","Underhanded Strike"],"picked":"Dagger Spray","floor":1},{"not_picked":["PiercingWail","Tactician","Dodge and Roll"],"picked":"ReplayTheSpireMod:Scrap Shanks","floor":2},{"not_picked":["Terror","Cloak And Dagger","Flying Knee"],"picked":"Dagger Throw","floor":4},{"not_picked":["After Image","Sucker Punch","Toxin Wave"],"picked":"Dagger Spray","floor":5}],"player_experience":338404,"relics_obtained":[],"event_choices":[{"damage_healed":0,"gold_gain":0,"player_choice":"Relic ","damage_taken":12,"max_hp_gain":0,"max_hp_loss":0,"event_name":"betterThird:BetterScrap","floor":3,"gold_loss":0,"cards_obtained":["Fiend Fire"]}],"is_beta":false,"boss_relics":[],"items_purged_floors":[],"is_endless":false,"potions_floor_spawned":[2,5],"killed_by":"Lagavulin","ascension_level":0}}