{"host":"md0dejzd6k70gl1f","time":1608126251,"event":{"mods":["BaseMod","Minty Spire (QoL Compilation)","Quick Restart"],"gold_per_floor":[118,193,207,217,217,244,244,244,244],"floor_reached":8,"playtime":354,"items_purged":[],"score":112,"play_id":"1488a0b1-b974-4b60-a049-8da1a091f7d5","local_time":"20201216144411","is_ascension_mode":true,"campfire_choices":[{"floor":7,"key":"REST"}],"circlet_count":0,"master_deck":["AscendersBane","Strike_G","Strike_G","Strike_G","Strike_G","Strike_G","Defend_G","Defend_G","Defend_G","Defend_G","Defend_G","Survivor","Neutralize","After Image","Leg Sweep","Dagger Spray","Heel Hook","Quick Slash"],"relics":["Ring of the Snake","Thread and Needle"],"acts_visited":["Exordium"],"potions_floor_usage":[6],"damage_taken":[{"damage":1,"enemies":"Small Slimes","floor":1,"turns":5},{"damage":3,"enemies":"Jaw Worm","floor":3,"turns":10},{"damage":0,"enemies":"Cultist","floor":4,"turns":5},{"damage":18,"enemies":"3 Sentries","floor":6,"turns":14},{"damage":30,"enemies":"Lagavulin","floor":8,"turns":7}],"seed_played":"1432875971845422085","potions_obtained":[{"floor":4,"key":"Poison Potion"}],"is_trial":false,"path_per_floor":["M","?","M","M","?","E","R","E"],"character_chosen":"THE_SILENT","items_purchased":[],"campfire_rested":1,"item_purchase_floors":[],"current_hp_per_floor":[58,47,44,44,44,26,45,15,15],"gold":244,"neow_bonus":"ONE_RANDOM_RARE_CARD","is_daily":false,"chose_seed":false,"campfire_upgraded":0,"win_rate":0.0,"timestamp":1608126251,"path_taken":["M","?","M","M","?","E","R","E"],"items_purchased_type":[],"build_version":"2020-12-13","purchased_purges":0,"victory":false,"max_hp_per_floor":[66,66,66,66,66,66,66,66,66],"card_choices":[{"not_picked":["PiercingWail","Escape Plan"],"picked":"Leg Sweep","floor":1},{"not_picked":["Concentrate","Bane"],"picked":"Dagger Spray","floor":3},{"not_picked":["Underhanded Strike","Accuracy"],"picked":"Heel Hook","floor":4},{"not_picked":["Backstab","Catalyst"],"picked":"Quick Slash","floor":6}],"player_experience":428487,"relics_obtained":[{"floor":6,"key":"Thread and Needle"}],"event_choices":[{"damage_healed":0,"gold_gain":75,"player_choice":"Gather Gold","damage_taken":11,"max_hp_gain":0,"max_hp_loss":0,"event_name":"World of Goop","floor":2,"gold_loss":0},{"damage_healed":0,"gold_gain":0,"player_choice":"Ignored","damage_taken":0,"max_hp_gain":0,"max_hp_loss":0,"event_name":"Liars Game","floor":5,"gold_loss":0}],"is_beta":false,"boss_relics":[],"items_purged_floors":[],"is_endless":false,"potions_floor_spawned":[4],"killed_by":"Lagavulin","ascension_level":20}}