{"host":"ry4759h6xtufhiz6","time":1608112079,"event":{"mods":["BaseMod","Colored Powertips","DeckTracker","Minty Spire (QoL Compilation)","StSLib","SuperFastMode"],"gold_per_floor":[20,34,50,68,81,81,81,99,126,143,143,153,153,169,169,264,264,264,264],"floor_reached":18,"playtime":427,"items_purged":[],"score":158,"play_id":"0352d2b1-c66c-4c1f-8fea-6a3ee9e821e5","local_time":"20201216184759","is_ascension_mode":false,"campfire_choices":[{"data":"Flex","floor":6,"key":"SMITH"},{"data":"Battle Trance","floor":11,"key":"SMITH"},{"data":"Sword Boomerang","floor":15,"key":"SMITH"}],"circlet_count":0,"master_deck":["Strike_R","Strike_R","Strike_R","Strike_R","Strike_R+1","Defend_R","Defend_R","Defend_R","Defend_R+1","Bash","Feed","Sword Boomerang+1","Flex+1","Whirlwind","Battle Trance+1","Exhume","Pummel","Limit Break"],"relics":["Burning Blood","Velvet Choker"],"acts_visited":["Exordium","TheCity"],"potions_floor_usage":[16],"damage_taken":[{"damage":1.0,"enemies":"Cultist","floor":1.0,"turns":3.0},{"damage":7.0,"enemies":"2 Louse","floor":2.0,"turns":3.0},{"damage":0.0,"enemies":"Small Slimes","floor":3.0,"turns":2.0},{"damage":20.0,"enemies":"Exordium Thugs","floor":4.0,"turns":4.0},{"damage":10,"enemies":"Looter","floor":5,"turns":4},{"damage":9,"enemies":"3 Louse","floor":8,"turns":2},{"damage":17,"enemies":"Large Slime","floor":10,"turns":4},{"damage":9,"enemies":"2 Fungi Beasts","floor":12,"turns":3},{"damage":11,"enemies":"Blue Slaver","floor":14,"turns":3},{"damage":32,"enemies":"Hexaghost","floor":16,"turns":9},{"damage":0,"enemies":"2 Thieves","floor":18,"turns":1}],"seed_played":"-3617117091750969674","potions_obtained":[{"floor":5,"key":"Swift Potion"},{"floor":8,"key":"BlessingOfTheForge"},{"floor":10,"key":"Fire Potion"}],"is_trial":false,"path_per_floor":["M","M","M","M","M","R","?","M","T","M","R","M","?","M","R","B",null,"M"],"character_chosen":"IRONCLAD","items_purchased":[],"campfire_rested":0,"item_purchase_floors":[],"current_hp_per_floor":[83,82,86,72,68,68,68,65,65,57,57,57,39,34,34,8,92,92,92],"gold":264,"neow_bonus":"THREE_RARE_CARDS","is_daily":false,"chose_seed":false,"campfire_upgraded":3,"win_rate":0.0,"timestamp":1608112079,"path_taken":["M","M","M","M","M","R","?","M","T","M","R","M","?","M","R","BOSS","M"],"items_purchased_type":[],"build_version":"2020-12-13","purchased_purges":0,"victory":false,"max_hp_per_floor":[83,83,86,86,86,86,86,86,86,89,89,92,92,92,92,92,92,92,92],"card_choices":[{"not_picked":["Exhume","Reaper"],"picked":"Feed","floor":0.0},{"not_picked":["Cleave","Havoc"],"picked":"Sword Boomerang","floor":1.0},{"not_picked":["Sever Soul","Second Wind"],"picked":"Flex","floor":2.0},{"not_picked":["Thunderclap","Havoc","Rampage"],"picked":"SKIP","floor":3.0},{"not_picked":["Anger","Rampage"],"picked":"Whirlwind","floor":4.0},{"not_picked":["Pommel Strike","Heavy Blade"],"picked":"Battle Trance","floor":5},{"not_picked":["Heavy Blade","Ghostly Armor","True Grit"],"picked":"SKIP","floor":8},{"not_picked":["Power Through","Armaments"],"picked":"Exhume","floor":10},{"not_picked":["Wild Strike","Sword Boomerang","Iron Wave"],"picked":"SKIP","floor":12},{"not_picked":["Headbutt","Wild Strike"],"picked":"Pummel","floor":14},{"not_picked":["Brutality","Bludgeon"],"picked":"Limit Break","floor":16}],"player_experience":961994,"relics_obtained":[],"event_choices":[{"damage_healed":0,"gold_gain":0,"player_choice":"Ignored","damage_taken":0,"max_hp_gain":0,"max_hp_loss":0,"event_name":"Liars Game","floor":7,"gold_loss":0},{"damage_healed":0,"gold_gain":0,"player_choice":"Entered Light","damage_taken":18,"max_hp_gain":0,"max_hp_loss":0,"event_name":"Shining Light","floor":13,"gold_loss":0,"cards_upgraded":["Strike_R","Defend_R"]}],"is_beta":false,"boss_relics":[{"not_picked":["Coffee Dripper","Snecko Eye"],"picked":"Velvet Choker"}],"items_purged_floors":[],"is_endless":false,"potions_floor_spawned":[5,8,10,14],"killed_by":"2 Thieves","ascension_level":0}}