{"host":"wl5kcyk3ocgwii71","time":1608146767,"event":{"mods":["AchievementEnabler","BaseMod","Better Altar","Better Match","Better Note","Better Sensory Stone","Better Skull","Better Third Choice","Colored Powertips","Downfall","Hermit","Minty Spire (QoL Compilation)","Quick Restart","Replay The Spire","StSLib","The Servant 0.9.4"],"gold_per_floor":[117,137,157,173,173,183,217,233,233,246,246,271,284,284,284,388,388,408,331,346,379,392,423,423,19,19,19,37,37,72,89,89,187,187,205,217,35,35,35,35,35],"floor_reached":40,"playtime":1510,"items_purged":["Strike_G"],"score":767,"play_id":"eb352924-3df4-48bf-be77-c64e6d3fa318","local_time":"20201216112607","is_ascension_mode":true,"campfire_choices":[{"data":"A Thousand Cuts","floor":11,"key":"SMITH"},{"data":"Cloak And Dagger","floor":15,"key":"SMITH"},{"data":"ReplayTheSpireMod:Tripwire","floor":24,"key":"SMITH"},{"floor":29,"key":"REST"},{"data":"Escape Plan","floor":32,"key":"SMITH"}],"circlet_count":0,"master_deck":["Strike_G","Strike_G","Defend_G","Defend_G","Defend_G","Defend_G","Defend_G","Survivor","Neutralize","A Thousand Cuts+1","Dagger Spray","Leg Sweep","Backstab","Cloak And Dagger+1","Fluid Movement","Hidden Blade","Prepared","Outmaneuver","Escape Plan+1","Cloak And Dagger+1","ReplayTheSpireMod:Tripwire+1"],"relics":["Ring of the Snake","Bottled Tornado","Quantum Egg","Matryoshka","Busted Crown","Replay:Wax Seal","Red Mask","Molten Egg 2","Strawberry","Divine Protection","The Courier","Nloth\u0027s Gift","ReplayTheSpireMod:Ninjato","Bag of Preparation"],"acts_visited":["Exordium","TheCity","TheBeyond"],"potions_floor_usage":[7,10,16,21,40],"damage_taken":[{"damage":0,"enemies":"2 Louse","floor":1,"turns":4},{"damage":0,"enemies":"Cultist","floor":2,"turns":4},{"damage":0,"enemies":"Jaw Worm","floor":3,"turns":5},{"damage":0,"enemies":"2 Fungi Beasts","floor":4,"turns":4},{"damage":0,"enemies":"Red Slaver","floor":6,"turns":4},{"damage":12,"enemies":"Lagavulin","floor":7,"turns":11},{"damage":6,"enemies":"Looter","floor":8,"turns":3},{"damage":0,"enemies":"3 Louse","floor":10,"turns":1},{"damage":2,"enemies":"3 Sentries","floor":12,"turns":4},{"damage":0,"enemies":"Gremlin Gang","floor":13,"turns":2},{"damage":12,"enemies":"Hexaghost","floor":16,"turns":10},{"damage":5,"enemies":"2 Thieves","floor":18,"turns":3},{"damage":0,"enemies":"Spheric Guardian","floor":20,"turns":3},{"damage":6,"enemies":"Masked Bandits","floor":21,"turns":3},{"damage":2,"enemies":"Centurion and Healer","floor":22,"turns":6},{"damage":12,"enemies":"Slavers","floor":23,"turns":5},{"damage":6,"enemies":"Sentry and Sphere","floor":28,"turns":5},{"damage":9,"enemies":"Book of Stabbing","floor":30,"turns":8},{"damage":0,"enemies":"Snake Plant","floor":31,"turns":4},{"damage":9,"enemies":"Pondfish","floor":33,"turns":12},{"damage":10,"enemies":"3 Shapes","floor":35,"turns":4},{"damage":23,"enemies":"3 Darklings","floor":36,"turns":4},{"damage":43,"enemies":"Giant Head","floor":40,"turns":9}],"seed_played":"-1685055033523683021","potions_obtained":[{"floor":2,"key":"Explosive Potion"},{"floor":4,"key":"Venom Potion"},{"floor":6,"key":"PowerPotion"},{"floor":10,"key":"LiquidBronze"},{"floor":12,"key":"Milkshake"},{"floor":16,"key":"Reflective Coating"},{"floor":22,"key":"Toxic Potion"}],"is_trial":false,"path_per_floor":["M","M","M","M","?","M","E","M","T","M","R","E","M","?","R","B",null,"M","$","M","?","M","E","R","$","T","?","M","R","E","M","R","B",null,"M","M","$","?","?","E"],"character_chosen":"THE_SILENT","items_purchased":["Replay:Wax Seal","Strawberry","Divine Protection","Bag of Preparation"],"campfire_rested":1,"item_purchase_floors":[19,25,25,37],"current_hp_per_floor":[63,63,63,63,63,63,51,45,45,45,45,43,43,43,43,31,60,55,55,55,49,47,35,35,42,42,42,36,59,50,50,50,41,68,58,35,35,35,35,0,0],"gold":35,"neow_bonus":"ONE_RANDOM_RARE_CARD","is_daily":false,"chose_seed":false,"campfire_upgraded":4,"win_rate":0.0,"timestamp":1608146767,"path_taken":["M","M","M","M","?","M","E","M","T","M","R","E","?","?","R","BOSS","M","$","M","?","M","E","R","$","T","?","?","R","E","M","R","BOSS","M","M","$","?","?","E"],"items_purchased_type":["Relic","Relic","Relic","Relic"],"build_version":"2020-12-13","purchased_purges":1,"victory":false,"max_hp_per_floor":[70,70,70,70,70,70,70,70,70,70,70,70,70,70,70,70,70,70,70,70,70,70,70,70,77,77,77,77,77,77,77,77,77,77,77,77,77,77,77,77,77],"card_choices":[{"not_picked":["Endless Agony","Deflect"],"picked":"Dagger Spray","floor":1},{"not_picked":["Accuracy","ReplayTheSpireMod:Exploit Weakness"],"picked":"Leg Sweep","floor":2},{"not_picked":["Poisoned Stab","Tactician"],"picked":"Backstab","floor":3},{"not_picked":["PiercingWail","Dodge and Roll"],"picked":"Cloak And Dagger","floor":4},{"not_picked":["Slice","Deflect"],"picked":"Hidden Blade","floor":6},{"not_picked":["Bane","Acrobatics"],"picked":"Prepared","floor":7},{"not_picked":["Malaise","Dagger Throw"],"picked":"Outmaneuver","floor":8},{"not_picked":["Quick Slash","Choke"],"picked":"Escape Plan","floor":10},{"not_picked":["ReplayTheSpireMod:Exploit Weakness","Underhanded Strike","All Out Attack"],"picked":"SKIP","floor":12},{"not_picked":["Slice","Tactician"],"picked":"Cloak And Dagger","floor":13},{"not_picked":["Outmaneuver"],"picked":"SKIP","floor":18},{"not_picked":["Flying Knee+1"],"picked":"SKIP","floor":20},{"not_picked":[],"picked":"ReplayTheSpireMod:Tripwire","floor":22},{"not_picked":["Eviscerate+1"],"picked":"SKIP","floor":23},{"not_picked":["ReplayTheSpireMod:Necrosis"],"picked":"SKIP","floor":28},{"not_picked":["ReplayTheSpireMod:Tripwire+1"],"picked":"SKIP","floor":30},{"not_picked":["Quick Slash+1"],"picked":"SKIP","floor":31},{"not_picked":["Distraction+1"],"picked":"SKIP","floor":35},{"not_picked":["Slice+1"],"picked":"SKIP","floor":36}],"player_experience":359163,"relics_obtained":[{"floor":7,"key":"Bottled Tornado"},{"floor":9,"key":"Quantum Egg"},{"floor":12,"key":"Matryoshka"},{"floor":21,"key":"Red Mask"},{"floor":23,"key":"Molten Egg 2"},{"floor":26,"key":"Replay:Bottled Steam"},{"floor":26,"key":"The Courier"},{"floor":30,"key":"ReplayTheSpireMod:Ninjato"}],"event_choices":[{"damage_healed":0,"gold_gain":0,"cards_transformed":["Strike_G"],"player_choice":"Transformed","damage_taken":0,"max_hp_gain":0,"max_hp_loss":0,"event_name":"Transmorgrifier","floor":5,"gold_loss":0,"cards_obtained":["Fluid Movement"]},{"damage_healed":0,"gold_gain":0,"player_choice":"Grow","damage_taken":0,"max_hp_gain":0,"max_hp_loss":0,"event_name":"Living Wall","floor":14,"gold_loss":0,"cards_upgraded":["Cloak And Dagger"]},{"damage_healed":0,"gold_gain":0,"player_choice":"Fought Bandits","damage_taken":0,"max_hp_gain":0,"max_hp_loss":0,"event_name":"Masked Bandits","floor":21,"gold_loss":0},{"damage_healed":0,"gold_gain":0,"player_choice":"Traded Relic","damage_taken":0,"relics_obtained":["Nloth\u0027s Gift"],"max_hp_gain":0,"max_hp_loss":0,"event_name":"N\u0027loth","floor":27,"relics_lost":["Replay:Bottled Steam"],"gold_loss":0},{"damage_healed":0,"gold_gain":0,"player_choice":"Ignored","damage_taken":0,"max_hp_gain":0,"max_hp_loss":0,"event_name":"The Moai Head","floor":38,"gold_loss":0},{"cards_removed":["Strike_G"],"damage_healed":0,"gold_gain":0,"player_choice":"Purged","damage_taken":0,"max_hp_gain":0,"max_hp_loss":0,"event_name":"Purifier","floor":39,"gold_loss":0}],"is_beta":false,"boss_relics":[{"not_picked":["Tiny House","Runic Pyramid"],"picked":"Busted Crown"},{"not_picked":["Replay:Drink Me","SacredBark","Replay:Wanted Poster"]}],"items_purged_floors":[37],"is_endless":false,"potions_floor_spawned":[2,4,6,10,12,16,22,23,31],"killed_by":"Giant Head","ascension_level":6}}