{"host":"egwexuw5uvnxf11j","time":1608149107,"event":{"mods":["2.2 Compatiblity","Aspiration","BaseMod","Better Altar","Better Note","Better Sensory Stone","Better Third Choice","Displayed Cursed Tome","Downfall","Hermit","Key Reminder","Koishi","Marisa????????","Minty Spire (QoL Compilation)","Quick Restart","Shade Mod","Spicy Shops","StSLib","The Construct","The Cursed","The Hierophant","The Runesmith","The Senshi","The Servant 0.9.4","Transform Curses"],"gold_per_floor":[115,126,3,22,37,62,62,62,62,122,154,154,167,167,167,263,263,282,301,301,301],"floor_reached":20,"playtime":1247,"items_purged":[],"score":269,"play_id":"6e40e51c-0414-47c1-8e1e-0a2950a508bf","local_time":"20201216150507","is_ascension_mode":true,"campfire_choices":[{"floor":7.0,"key":"REST"},{"floor":12,"key":"REST"},{"floor":15,"key":"RECALL"}],"circlet_count":0,"master_deck":["Strike_R","Strike_R","Strike_R","Strike_R","Strike_R","Defend_R","Defend_R","Defend_R","Defend_R","Bash","Inflame","Heavy Blade","Pommel Strike+1","Reckless Charge+1","Thunderclap","Sword Boomerang","Armaments","Regret","Dual Wield","Ghostly Armor","Feed","Anger","Inflame"],"relics":["Black Blood","Whetstone","aspiration:SeaSaltIceCream","Burning Blood","Paper Frog","Omamori","keyreminder:keyreminder"],"acts_visited":["Exordium","TheCity"],"potions_floor_usage":[16,19,20],"damage_taken":[{"damage":5.0,"enemies":"2 Louse","floor":1.0,"turns":3.0},{"damage":12.0,"enemies":"Jaw Worm","floor":2.0,"turns":3.0},{"damage":10.0,"enemies":"Small Slimes","floor":4.0,"turns":2.0},{"damage":13.0,"enemies":"Blue Slaver","floor":5.0,"turns":2.0},{"damage":43.0,"enemies":"3 Sentries","floor":6.0,"turns":4.0},{"damage":25,"enemies":"Gremlin Nob","floor":11,"turns":4},{"damage":9,"enemies":"Exordium Thugs","floor":13,"turns":3},{"damage":3,"enemies":"Slime Boss","floor":16,"turns":5},{"damage":49,"enemies":"3 Byrds","floor":18,"turns":6},{"damage":16,"enemies":"Shell Parasite","floor":19,"turns":3},{"damage":63,"enemies":"Masked Bandits","floor":20,"turns":4}],"seed_played":"-8294210400585967703","potions_obtained":[{"floor":2.0,"key":"PowerPotion"},{"floor":5.0,"key":"SmokeBomb"},{"floor":13,"key":"BlessingOfTheForge"},{"floor":16,"key":"Energy Potion"},{"floor":19,"key":"Guardian:BlockOnCardUsePotion"}],"is_trial":false,"path_per_floor":["M","M","$","M","M","E","R","?","T","?","E","R","M","?","R","B",null,"M","M","?"],"character_chosen":"IRONCLAD","items_purchased":["Pommel Strike","Reckless Charge"],"campfire_rested":2,"item_purchase_floors":[3,3],"current_hp_per_floor":[88,82,82,78,71,34,60,60,60,60,47,73,76,85,85,88,88,57,62,0,0],"gold":301,"neow_bonus":"TEN_PERCENT_HP_BONUS","is_daily":false,"chose_seed":false,"campfire_upgraded":0,"win_rate":0.0,"timestamp":1608149107,"path_taken":["M","M","$","M","M","E","R","?","T","?","E","R","M","?","R","BOSS","M","M","?"],"items_purchased_type":["Card","Card"],"build_version":"2020-12-13","purchased_purges":0,"victory":false,"max_hp_per_floor":[88,88,88,88,88,88,88,88,88,88,88,88,88,88,88,88,88,88,91,91,91],"card_choices":[{"not_picked":["Clothesline","Flame Barrier"],"picked":"Inflame","floor":1.0},{"not_picked":["Warcry","Seeing Red"],"picked":"Heavy Blade","floor":2.0},{"not_picked":["Dark Embrace","Metallicize"],"picked":"Thunderclap","floor":4.0},{"not_picked":["Clothesline","Havoc"],"picked":"Sword Boomerang","floor":5.0},{"not_picked":["Exhume","Metallicize"],"picked":"Armaments","floor":6.0},{"not_picked":["Thunderclap","Warcry"],"picked":"Dual Wield","floor":11},{"not_picked":["Havoc","True Grit"],"picked":"Ghostly Armor","floor":13},{"not_picked":["Fiend Fire","Juggernaut"],"picked":"Feed","floor":16},{"not_picked":["Heavy Blade+1","Metallicize"],"picked":"Anger","floor":18},{"not_picked":["True Grit","Thunderclap"],"picked":"Inflame","floor":19}],"player_experience":2089685,"relics_obtained":[{"floor":6.0,"key":"Whetstone"},{"floor":9,"key":"Paper Frog"},{"floor":11,"key":"Omamori"}],"event_choices":[{"damage_healed":0,"gold_gain":0,"player_choice":"Box","damage_taken":0,"relics_obtained":["aspiration:SeaSaltIceCream"],"max_hp_gain":0,"max_hp_loss":0,"event_name":"Big Fish","floor":8,"gold_loss":0,"cards_obtained":["Regret"]},{"damage_healed":0,"gold_gain":60,"player_choice":"Gained Gold","damage_taken":0,"max_hp_gain":0,"max_hp_loss":0,"event_name":"Golden Wing","floor":10,"gold_loss":0},{"damage_healed":0,"gold_gain":0,"player_choice":"Fought Bandits","damage_taken":0,"max_hp_gain":0,"max_hp_loss":0,"event_name":"Masked Bandits","floor":20,"gold_loss":0}],"is_beta":false,"boss_relics":[{"not_picked":["theSenshi:MoonKaleidoScopeRelic","aspiration:RunesmithSkillbook"],"picked":"Black Blood"}],"items_purged_floors":[],"is_endless":false,"potions_floor_spawned":[2,5,13,16,19],"killed_by":"Masked Bandits","ascension_level":3}}