{"host":"poopy","time":1608094406,"event":{"mods":["AchievementEnabler","BaseMod","Minty Spire (QoL Compilation)","StSLib","Waifu the Spire"],"gold_per_floor":[119,129,149,164,1,1,32,44,44,79,7,7,7,21,21,96,96,109,120,134,153,167,167,167,167],"floor_reached":24,"playtime":1929,"items_purged":[],"score":371,"play_id":"d8a7aa76-614f-40a7-80fc-09b953802db6","local_time":"20201215225326","is_ascension_mode":true,"campfire_choices":[{"data":"Adrenaline","floor":6.0,"key":"SMITH"},{"floor":15.0,"key":"REST"},{"floor":23.0,"key":"REST"}],"circlet_count":0,"master_deck":["AscendersBane","Strike_G","Strike_G","Strike_G","Strike_G","Strike_G","Defend_G","Defend_G","Defend_G","Defend_G","Defend_G","Survivor","Neutralize+1","Dagger Spray","Dagger Spray","Caltrops","Adrenaline+1","Skewer","Flying Knee","Endless Agony","Calculated Gamble","Deflect","Flying Knee","Dagger Throw","Footwork","Poisoned Stab","Bane","Backflip"],"relics":["Ring of the Snake","HornCleat","Art of War","Toy Ornithopter","Cursed Key"],"acts_visited":["Exordium","TheCity"],"potions_floor_usage":[],"damage_taken":[{"damage":0.0,"enemies":"Cultist","floor":1.0,"turns":4.0},{"damage":1.0,"enemies":"2 Louse","floor":2.0,"turns":2.0},{"damage":0.0,"enemies":"Small Slimes","floor":3.0,"turns":2.0},{"damage":11.0,"enemies":"Looter","floor":4.0,"turns":4.0},{"damage":33.0,"enemies":"Lagavulin","floor":7.0,"turns":6.0},{"damage":1.0,"enemies":"2 Fungi Beasts","floor":8.0,"turns":3.0},{"damage":10.0,"enemies":"3 Sentries","floor":10.0,"turns":7.0},{"damage":0.0,"enemies":"Exordium Thugs","floor":14.0,"turns":5.0},{"damage":13.0,"enemies":"Hexaghost","floor":16.0,"turns":9.0},{"damage":13.0,"enemies":"Chosen","floor":18.0,"turns":5.0},{"damage":3.0,"enemies":"3 Byrds","floor":19.0,"turns":4.0},{"damage":6.0,"enemies":"Snake Plant","floor":20.0,"turns":4.0},{"damage":16.0,"enemies":"Centurion and Healer","floor":21.0,"turns":5.0},{"damage":28.0,"enemies":"Cultist and Chosen","floor":22.0,"turns":8.0},{"damage":23,"enemies":"Book of Stabbing","floor":24,"turns":4}],"seed_played":"-907088042648107966","potions_obtained":[{"floor":4.0,"key":"DuplicationPotion"},{"floor":7.0,"key":"LiquidMemories"},{"floor":8.0,"key":"GamblersBrew"},{"floor":10.0,"key":"PowerPotion"},{"floor":16.0,"key":"SkillPotion"},{"floor":19.0,"key":"Fire Potion"},{"floor":20.0,"key":"Swift Potion"}],"is_trial":false,"path_per_floor":["M","M","M","M","$","R","E","M","T","E","$","?","?","M","R","B",null,"M","M","M","M","M","R","E"],"character_chosen":"THE_SILENT","items_purchased":["Adrenaline","Calculated Gamble"],"campfire_rested":2,"item_purchase_floors":[5,11],"current_hp_per_floor":[59,58,58,47,47,47,14,13,13,3,3,3,3,8,27,19,54,41,38,42,31,3,22,0,0],"gold":167,"neow_bonus":"UPGRADE_CARD","is_daily":false,"chose_seed":false,"campfire_upgraded":1,"win_rate":0.0,"timestamp":1608094406,"path_taken":["M","M","M","M","$","R","E","?","T","E","$","?","?","M","R","BOSS","M","M","M","M","M","R","E"],"items_purchased_type":["Card","Card"],"build_version":"2020-12-07","purchased_purges":0,"victory":false,"max_hp_per_floor":[66,66,66,66,66,66,66,66,66,66,66,66,66,66,66,66,66,66,66,66,66,66,66,66,66],"card_choices":[{"not_picked":["Blade Dance","Quick Slash"],"picked":"Dagger Spray","floor":1.0},{"not_picked":["Tactician","Bane"],"picked":"Dagger Spray","floor":2.0},{"not_picked":["Dodge and Roll","Choke"],"picked":"Caltrops","floor":3.0},{"not_picked":["Cloak And Dagger","Escape Plan"],"picked":"Crippling Poison","floor":4.0},{"not_picked":["Flying Knee","All Out Attack"],"picked":"Skewer","floor":7.0},{"not_picked":["Well Laid Plans","Doppelganger"],"picked":"Flying Knee","floor":8.0},{"not_picked":["Dagger Throw","Sucker Punch"],"picked":"Endless Agony","floor":10.0},{"not_picked":["Outmaneuver","Quick Slash"],"picked":"Flying Knee","floor":14.0},{"not_picked":["Bane","Dodge and Roll"],"picked":"Dagger Throw","floor":18.0},{"not_picked":["Dash","Deflect+1"],"picked":"Footwork","floor":19.0},{"not_picked":["Doppelganger","Finisher+1"],"picked":"Poisoned Stab","floor":20.0},{"not_picked":["Footwork","Blade Dance"],"picked":"Bane","floor":21.0},{"not_picked":["Crippling Poison","Poisoned Stab"],"picked":"Backflip","floor":22.0}],"player_experience":4157532,"relics_obtained":[{"floor":7.0,"key":"HornCleat"},{"floor":9.0,"key":"Art of War"},{"floor":10.0,"key":"Toy Ornithopter"}],"event_choices":[{"damage_healed":0.0,"max_hp_gain":0.0,"max_hp_loss":0.0,"gold_gain":0.0,"event_name":"Scrap Ooze","player_choice":"Fled","floor":12.0,"gold_loss":0.0,"damage_taken":0.0},{"damage_healed":0.0,"max_hp_gain":0.0,"max_hp_loss":0.0,"gold_gain":0.0,"cards_transformed":["Crippling Poison"],"event_name":"Living Wall","player_choice":"Change","floor":13.0,"gold_loss":0.0,"damage_taken":0.0,"cards_obtained":["Deflect"]}],"is_beta":true,"boss_relics":[{"not_picked":["Runic Dome","Sozu"],"picked":"Cursed Key"}],"items_purged_floors":[],"is_endless":false,"potions_floor_spawned":[4,7,8,10,16,19,20],"killed_by":"Book of Stabbing","ascension_level":15}}