{"host":"e4wnmsyty9uvvtwf","time":1608129772,"event":{"mods":["Aspiration","BaseMod","Colored Map","Colored Powertips","Marisa£®ÏF”Í°°ƒß¿Ì…≥£©","Minty Spire (QoL Compilation)","Rare Cards Sparkle","Replay The Spire","StSLib"],"gold_per_floor":[111,122,272,272,286,286,286,286],"floor_reached":7,"playtime":137,"items_purged":[],"score":78,"play_id":"febe524a-0dfa-4e9a-9c49-ecacfcba970f","local_time":"20201216224252","is_ascension_mode":true,"campfire_choices":[{"data":"ShootTheMoon","floor":6,"key":"SMITH"},{"data":"ChargeUpSpray","floor":6,"key":"SMITH"}],"circlet_count":0,"master_deck":["AscendersBane","Strike_MRS","Strike_MRS","Strike_MRS","Strike_MRS","Defend_MRS","Defend_MRS","Defend_MRS","Defend_MRS","MasterSpark","UpSweep","ShootTheMoon+1","GasGiant","Doubt","Regret","Pain","ChargeUpSpray+1"],"relics":["MiniHakkero","Pondfish Scales","Replay:Arrowhead"],"acts_visited":["Exordium"],"potions_floor_usage":[],"damage_taken":[{"damage":4.0,"enemies":"2 Louse","floor":1.0,"turns":3.0},{"damage":7.0,"enemies":"Jaw Worm","floor":2.0,"turns":3.0},{"damage":51,"enemies":"Replay:BlueRogue","floor":7,"turns":5}],"seed_played":"-2684661647248170270","potions_obtained":[{"floor":2.0,"key":"Block Potion"}],"is_trial":false,"path_per_floor":["M","M","?","?","?","R","E"],"character_chosen":"MARISA","items_purchased":[],"campfire_rested":0,"item_purchase_floors":[],"current_hp_per_floor":[66,59,59,59,59,59,8,8],"gold":286,"neow_bonus":"TEN_PERCENT_HP_BONUS","is_daily":false,"chose_seed":false,"campfire_upgraded":2,"win_rate":0.0,"timestamp":1608129772,"path_taken":["M","M","?","?","?","R","E"],"items_purchased_type":[],"build_version":"2020-12-13","purchased_purges":0,"victory":false,"max_hp_per_floor":[77,77,77,77,77,77,77,77],"card_choices":[{"not_picked":["GravityBeat","NonDirectionalLaser"],"picked":"ShootTheMoon","floor":1.0},{"not_picked":["6A","GrandCross"],"picked":"GasGiant","floor":2.0},{"not_picked":["ShootTheMoon","GrandCross"],"picked":"ChargeUpSpray","floor":5}],"player_experience":619226,"relics_obtained":[{"floor":5,"key":"Replay:Arrowhead"}],"event_choices":[{"damage_healed":0.0,"max_hp_gain":0.0,"max_hp_loss":0.0,"gold_gain":150.0,"event_name":"Liars Game","player_choice":"AGREE","floor":3.0,"gold_loss":0.0,"damage_taken":0.0,"cards_obtained":["Doubt"]},{"damage_healed":0.0,"max_hp_gain":0.0,"max_hp_loss":0.0,"gold_gain":0.0,"event_name":"Big Fish","player_choice":"Box","floor":4.0,"gold_loss":0.0,"damage_taken":0.0,"relics_obtained":["Pondfish Scales"],"cards_obtained":["Regret"]}],"is_beta":false,"boss_relics":[],"items_purged_floors":[],"is_endless":false,"potions_floor_spawned":[2],"killed_by":"Replay:BlueRogue","ascension_level":20}}