{"host":"tyfpg4h531zkrrpn","time":1608105962,"event":{"mods":["Act Like it!","BaseMod","CapriCore","Card Filter","Colored Map","Minty Spire (QoL Compilation)","MostiFishMod","Permanent Neow","Quick Restart","StSLib","Waifu the Spire"],"gold_per_floor":[415,415,429,86,105,133,74,107,133,165,179,194,207,239,239,335,335,320,320,48,48,48,48,48,48,48,48,48,48,48,48,48,48,48,48,48,48,48,48,48,48,48,48,48,48,48,48,48,48,48,48,48,48,48,48],"floor_reached":56,"playtime":2565,"items_purged":[],"score":1954,"play_id":"3dcf917f-6cd9-4707-92b3-990f1b2016b8","local_time":"20201216000602","is_ascension_mode":true,"campfire_choices":[{"data":"Defragment","floor":15,"key":"SMITH"},{"data":"Streamline","floor":24,"key":"SMITH"},{"data":"Coolheaded","floor":27,"key":"SMITH"},{"data":"Coolheaded","floor":32,"key":"SMITH"},{"data":"MostiFishMod:ButterFly","floor":41,"key":"SMITH"},{"floor":49,"key":"RECALL"},{"data":"MostiFishMod:ActiveDefenseSystem","floor":52,"key":"SMITH"}],"circlet_count":0,"master_deck":["Strike_B","Strike_B+1","Strike_B","Strike_B","Defend_B","Defend_B","Defend_B","Zap","Dualcast","Defragment+1","Streamline+1","MostiFishMod:ButterFly+1","Coolheaded+1","Conserve Battery","Self Repair","Lockon+1","Coolheaded+1","MostiFishMod:Hijack","Lockon+1","Blind","Leap+1","Ball Lightning","MostiFishMod:Hijack","Doom and Gloom+1","Capacitor+1","Barrage+1","MostiFishMod:PushDownKick+1","Conserve Battery+1","Madness","Madness","Defragment+1","Conserve Battery+1","Coolheaded+1","Sweeping Beam+1","MostiFishMod:ActiveDefenseSystem+1","Barrage+1"],"relics":["Cracked Core","DaveBox","EGODaCapo","Old Coin","Question Card","StrikeDummy","MawBank","Happy Flower","Bag of Preparation","Vajra","SynthV:C4","ImportantClient","Ectoplasm","Matryoshka","Potion Belt","Molten Egg 2","HornCleat","Pocketwatch","Boot","HereWithMe","Smiling Mask","Bottled Flame","CeramicFish","MealTicket","Eternal Feather","Kunai","Whetstone","Ornamental Fan"],"acts_visited":["Exordium","TheCity","TheBeyond","TheEnding"],"potions_floor_usage":[55,55,55,55],"damage_taken":[{"damage":0,"enemies":"Cultist","floor":1,"turns":4},{"damage":4,"enemies":"Jaw Worm","floor":3,"turns":3},{"damage":0,"enemies":"Small Slimes","floor":5,"turns":2},{"damage":0,"enemies":"Lagavulin","floor":6,"turns":4},{"damage":2,"enemies":"Gremlin Nob","floor":8,"turns":3},{"damage":0,"enemies":"3 Sentries","floor":10,"turns":4},{"damage":1,"enemies":"Exordium Thugs","floor":11,"turns":4},{"damage":0,"enemies":"Looter","floor":12,"turns":2},{"damage":0,"enemies":"Large Slime","floor":13,"turns":3},{"damage":0,"enemies":"Gremlin Nob","floor":14,"turns":1},{"damage":0,"enemies":"The Guardian","floor":16,"turns":7},{"damage":0,"enemies":"2 Thieves","floor":18,"turns":2},{"damage":0,"enemies":"Chosen","floor":21,"turns":2},{"damage":1,"enemies":"Shelled Parasite and Fungi","floor":22,"turns":3},{"damage":5,"enemies":"Gremlin Leader","floor":23,"turns":5},{"damage":0,"enemies":"Book of Stabbing","floor":25,"turns":2},{"damage":0,"enemies":"Slavers","floor":28,"turns":4},{"damage":0,"enemies":"Centurion and Healer","floor":29,"turns":3},{"damage":0,"enemies":"Book of Stabbing","floor":30,"turns":3},{"damage":0,"enemies":"Cultist and Chosen","floor":31,"turns":3},{"damage":0,"enemies":"Automaton","floor":33,"turns":7},{"damage":0,"enemies":"Orb Walker","floor":35,"turns":2},{"damage":0,"enemies":"3 Darklings","floor":38,"turns":3},{"damage":0,"enemies":"Writhing Mass","floor":39,"turns":1},{"damage":0,"enemies":"Reptomancer","floor":40,"turns":3},{"damage":20,"enemies":"Nemesis","floor":42,"turns":5},{"damage":0,"enemies":"Transient","floor":44,"turns":5},{"damage":0,"enemies":"Giant Head","floor":45,"turns":4},{"damage":0,"enemies":"Sphere and 2 Shapes","floor":46,"turns":3},{"damage":0,"enemies":"Reptomancer","floor":47,"turns":6},{"damage":0,"enemies":"3 Darklings","floor":48,"turns":3},{"damage":0,"enemies":"Donu and Deca","floor":50,"turns":8},{"damage":27,"enemies":"Shield and Spear","floor":54,"turns":5},{"damage":31,"enemies":"The Heart","floor":55,"turns":7}],"seed_played":"-4351666488088626307","potions_obtained":[{"floor":1,"key":"Weak Potion"},{"floor":6,"key":"AttackPotion"},{"floor":11,"key":"PowerPotion"},{"floor":28,"key":"CultistPotion"},{"floor":30,"key":"Dexterity Potion"},{"floor":33,"key":"Explosive Potion"},{"floor":44,"key":"FairyPotion"},{"floor":48,"key":"DuplicationPotion"}],"is_trial":false,"path_per_floor":["M","?","M","$","M","E","$","E","T","E","M","M","M","E","R","B",null,"M","?","$","M","M","E","R","E","T","R","E","M","E","M","R","B",null,"M","T","?","M","M","E","R","E","T","M","E","M","E","M","R","B",null,"R","$","E","B",null],"character_chosen":"DEFECT","items_purchased":["StrikeDummy","MostiFishMod:ButterFly","Self Repair","Matryoshka","Blind"],"campfire_rested":0,"item_purchase_floors":[4,4,7,20,20],"current_hp_per_floor":[54,54,50,50,54,75,75,75,75,75,75,75,75,75,75,75,75,75,75,75,75,75,75,75,75,75,75,75,75,75,75,75,75,75,75,75,66,75,75,75,75,62,62,73,75,75,75,75,75,75,75,75,75,55,35],"gold":48,"neow_bonus":"ONE_RARE_RELIC","is_daily":false,"chose_seed":false,"campfire_upgraded":6,"win_rate":0.0,"timestamp":1608105962,"path_taken":["M","?","M","$","M","E","$","E","T","E","M","M","?","E","R","BOSS","M","?","$","M","M","E","R","E","T","R","E","M","E","M","R","BOSS","M","?","?","M","?","E","R","E","T","M","E","M","E","M","R","BOSS","R","$","E","BOSS"],"items_purchased_type":["Relic","Card","Card","Relic","Card"],"build_version":"2020-12-13","purchased_purges":0,"victory":true,"max_hp_per_floor":[75,75,75,75,75,75,75,75,75,75,75,75,75,75,75,75,75,75,75,75,75,75,75,75,75,75,75,75,75,75,75,75,75,75,75,75,75,75,75,75,75,75,75,75,75,75,75,75,75,75,75,75,75,75,75],"card_choices":[{"not_picked":["Consume","Coolheaded"],"picked":"Defragment","floor":1},{"not_picked":["Beam Cell","Double Energy","Hologram"],"picked":"Streamline","floor":3},{"not_picked":["Cold Snap","Loop","Barrage"],"picked":"Coolheaded","floor":5},{"not_picked":["Storm","Machine Learning","Turbo"],"picked":"Conserve Battery","floor":6},{"not_picked":["Force Field","Heatsinks","Double Energy"],"picked":"Lockon","floor":8},{"not_picked":["Stack","Fusion","Double Energy","Beam Cell"],"picked":"SKIP","floor":10},{"not_picked":["Chaos","Beam Cell","Barrage","Cold Snap"],"picked":"SKIP","floor":11},{"not_picked":["Turbo","Beam Cell","Redo","Self Repair"],"picked":"SKIP","floor":12},{"not_picked":["Barrage","Conserve Battery","Streamline"],"picked":"Coolheaded","floor":13},{"not_picked":["Darkness","Hologram","Streamline","Cold Snap"],"picked":"SKIP","floor":14},{"not_picked":["Echo Form","Machine Learning","MostiFishMod:DeathFromBelow"],"picked":"MostiFishMod:Hijack","floor":16},{"not_picked":["Blizzard","Streamline","Self Repair"],"picked":"Lockon+1","floor":18},{"not_picked":["Cold Snap","BootSequence+1","Hologram"],"picked":"Leap+1","floor":21},{"not_picked":["Cold Snap","Hologram","Tempest","Barrage"],"picked":"SKIP","floor":22},{"not_picked":["Recycle+1","Heatsinks","Blizzard"],"picked":"Ball Lightning","floor":23},{"not_picked":["Hello World+1","Skim","Conserve Battery"],"picked":"MostiFishMod:Hijack","floor":25},{"not_picked":["Leap","Auto Shields","Self Repair+1"],"picked":"Doom and Gloom+1","floor":28},{"not_picked":["Cold Snap+1","Reinforced Body","Stack+1","Doom and Gloom+1"],"picked":"SKIP","floor":29},{"not_picked":["Recycle+1","Blizzard+1","Turbo+1"],"picked":"Capacitor+1","floor":30},{"not_picked":["Leap","Cold Snap+1","Auto Shields"],"picked":"Barrage+1","floor":31},{"not_picked":["Biased Cognition","Rainbow","MostiFishMod:Hijack"],"picked":"MostiFishMod:PushDownKick+1","floor":33},{"not_picked":["Barrage+1","Cold Snap+1","Leap"],"picked":"Conserve Battery+1","floor":35},{"not_picked":["Stack+1","Turbo+1","MostiFishMod:Prepare"],"picked":"Defragment+1","floor":38},{"not_picked":["Self Repair+1","Stack+1","Cold Snap+1"],"picked":"Conserve Battery+1","floor":39},{"not_picked":["Leap","Auto Shields","Ball Lightning+1"],"picked":"Coolheaded+1","floor":40},{"not_picked":["Stack","Darkness","Lockon+1","Coolheaded"],"picked":"SKIP","floor":42},{"not_picked":["Hello World+1","Redo","Coolheaded"],"picked":"Sweeping Beam+1","floor":44},{"not_picked":["Leap","Cold Snap+1","Chaos+1"],"picked":"MostiFishMod:ActiveDefenseSystem","floor":45},{"not_picked":["Coolheaded","Streamline+1","Barrage+1","Genetic Algorithm+1"],"picked":"SKIP","floor":46},{"not_picked":["Defragment","Force Field+1","Tempest+1","MostiFishMod:Prepare"],"picked":"SKIP","floor":47},{"not_picked":["Stack","Redo","Streamline+1","Doom and Gloom+1"],"picked":"SKIP","floor":48},{"not_picked":["Chill+1","Cold Snap+1","Turbo+1"],"picked":"Barrage+1","floor":54}],"player_experience":543077,"relics_obtained":[{"floor":1,"key":"Question Card"},{"floor":6,"key":"MawBank"},{"floor":8,"key":"Happy Flower"},{"floor":9,"key":"Bag of Preparation"},{"floor":10,"key":"Vajra"},{"floor":14,"key":"SynthV:C4"},{"floor":16,"key":"ImportantClient"},{"floor":23,"key":"Potion Belt"},{"floor":25,"key":"Molten Egg 2"},{"floor":26,"key":"HornCleat"},{"floor":28,"key":"Pocketwatch"},{"floor":30,"key":"Boot"},{"floor":36,"key":"Smiling Mask"},{"floor":36,"key":"Bottled Flame"},{"floor":40,"key":"CeramicFish"},{"floor":42,"key":"MealTicket"},{"floor":43,"key":"Eternal Feather"},{"floor":45,"key":"Kunai"},{"floor":47,"key":"Whetstone"},{"floor":54,"key":"Ornamental Fan"}],"event_choices":[{"cards_removed":["Defend_B"],"damage_healed":0,"gold_gain":0,"player_choice":"Offered Basic","damage_taken":0,"max_hp_gain":0,"max_hp_loss":0,"event_name":"Bonfire Elementals","floor":2,"gold_loss":0},{"damage_healed":0,"gold_gain":0,"player_choice":"Cursed","damage_taken":0,"max_hp_gain":0,"max_hp_loss":0,"event_name":"Wheel of Change","floor":19,"gold_loss":0,"cards_obtained":["Decay"]},{"damage_healed":0,"gold_gain":0,"player_choice":"Embrace Madness","damage_taken":9,"max_hp_gain":0,"max_hp_loss":0,"event_name":"Winding Halls","floor":37,"gold_loss":0,"cards_obtained":["Madness","Madness"]}],"is_beta":false,"boss_relics":[{"not_picked":["Fusion Hammer","DiscerningMonocle"],"picked":"Ectoplasm"},{"not_picked":["MostiFishMod:Hod","GuanYuAspect"],"picked":"HereWithMe"}],"items_purged_floors":[],"is_endless":false,"potions_floor_spawned":[1,6,11,14,21,28,30,31,33,38,44,45,48],"ascension_level":1}}