{"host":"cf32014d19ld5mat","time":1608125484,"event":{"mods":["AchievementEnabler","BaseMod","Block Reminder","Minty Spire (QoL Compilation)","Random Character Button","Relic Stats","StSLib"],"gold_per_floor":[113,113,125,125,138,172,172,202,202,86,86,98,98,98],"floor_reached":13,"playtime":251,"items_purged":["Strike_R"],"score":166,"play_id":"7d281b7b-c816-46bd-9890-ef2687448c04","local_time":"20201216133124","is_ascension_mode":true,"campfire_choices":[{"data":"Bash","floor":7,"key":"SMITH"},{"data":"Carnage","floor":11,"key":"SMITH"}],"circlet_count":0,"master_deck":["AscendersBane","Strike_R","Strike_R","Strike_R","Defend_R","Defend_R","Defend_R","Defend_R+1","Bash+1","Clothesline+1","Armaments","Thunderclap","Exhume","Carnage+1","Dual Wield"],"relics":["SlaversCollar","Darkstone Periapt","Juzu Bracelet"],"acts_visited":["Exordium"],"potions_floor_usage":[6,12],"damage_taken":[{"damage":7,"enemies":"2 Louse","floor":1,"turns":3},{"damage":7,"enemies":"Jaw Worm","floor":3,"turns":3},{"damage":0,"enemies":"Cultist","floor":5,"turns":3},{"damage":17,"enemies":"Lagavulin","floor":6,"turns":8},{"damage":6,"enemies":"Large Slime","floor":12,"turns":4},{"damage":0,"enemies":"3 Sentries","floor":13,"turns":1}],"seed_played":"-7751369379456318826","potions_obtained":[{"floor":1,"key":"PowerPotion"},{"floor":3,"key":"SkillPotion"},{"floor":12,"key":"LiquidBronze"}],"is_trial":false,"path_per_floor":["M","?","M","?","M","E","R","?","T","$","R","M","E"],"character_chosen":"IRONCLAD","items_purchased":["Carnage"],"campfire_rested":0,"item_purchase_floors":[10],"current_hp_per_floor":[61,38,31,31,31,14,14,14,14,14,14,8,8,8],"gold":98,"neow_bonus":"BOSS_RELIC","is_daily":false,"chose_seed":false,"campfire_upgraded":2,"win_rate":0.0,"timestamp":1608125484,"path_taken":["M","?","M","?","?","E","R","?","T","$","R","M","E"],"items_purchased_type":["Card"],"build_version":"2020-12-13","purchased_purges":1,"victory":false,"max_hp_per_floor":[75,75,75,75,75,75,75,75,75,75,75,75,75,75],"relic_stats":{"Darkstone Periapt":0,"counters":[6,22],"Juzu Bracelet":0,"obtain_stats":[{"Darkstone Periapt":6,"SlaversCollar":0,"Juzu Bracelet":9,"Burning Blood":0},{"Darkstone Periapt":4,"SlaversCollar":0,"Juzu Bracelet":4,"Burning Blood":0},{"Darkstone Periapt":17,"SlaversCollar":0,"Juzu Bracelet":17,"Burning Blood":0}]},"card_choices":[{"not_picked":["Rage","Flex"],"picked":"Clothesline","floor":1},{"not_picked":["Heavy Blade","Metallicize"],"picked":"Armaments","floor":3},{"not_picked":["Pommel Strike","Rage"],"picked":"Thunderclap","floor":5},{"not_picked":["Flex","Intimidate"],"picked":"Exhume","floor":6},{"not_picked":["Heavy Blade","Havoc"],"picked":"Dual Wield","floor":12}],"player_experience":949009,"relics_obtained":[{"floor":6,"key":"Darkstone Periapt"},{"floor":9,"key":"Juzu Bracelet"}],"event_choices":[{"damage_healed":0,"gold_gain":0,"player_choice":"Entered Light","damage_taken":23,"max_hp_gain":0,"max_hp_loss":0,"event_name":"Shining Light","floor":2,"gold_loss":0,"cards_upgraded":["Defend_R","Clothesline"]},{"cards_removed":["Strike_R"],"damage_healed":0,"gold_gain":0,"player_choice":"Offered Basic","damage_taken":0,"max_hp_gain":0,"max_hp_loss":0,"event_name":"Bonfire Elementals","floor":4,"gold_loss":0},{"damage_healed":0,"gold_gain":30,"player_choice":"Searched \u00272\u0027 times","damage_taken":0,"max_hp_gain":0,"max_hp_loss":0,"event_name":"Dead Adventurer","floor":8,"gold_loss":0}],"is_beta":false,"boss_relics":[],"items_purged_floors":[10],"is_endless":false,"potions_floor_spawned":[1,3,12],"killed_by":"3 Sentries","ascension_level":20}}