{"host":"4qkvkh7pd9qr2mca","time":1608158526,"event":{"mods":["AchievementEnabler","BaseMod","Colored Map","Colored Powertips","Highlight Path","Minty Spire (QoL Compilation)","Permanent Neow","Quick Restart","StSLib","SuperFastMode"],"gold_per_floor":[119,129,141,153,168,197,197,197,197],"floor_reached":8,"playtime":306,"items_purged":[],"score":120,"play_id":"f83f7980-2593-40dc-9f13-a8d5fa0c63f3","local_time":"20201216234206","is_ascension_mode":true,"campfire_choices":[{"floor":7,"key":"REST"}],"circlet_count":0,"master_deck":["AscendersBane","Strike_G","Strike_G","Strike_G","Strike_G","Strike_G","Defend_G","Defend_G","Defend_G","Defend_G","Defend_G","Survivor","Neutralize","Dash","Deadly Poison","Flying Knee","Envenom"],"relics":["Ring of the Snake","Girya","Prayer Wheel"],"acts_visited":["Exordium"],"potions_floor_usage":[4,6],"damage_taken":[{"damage":1,"enemies":"Cultist","floor":1,"turns":4},{"damage":0,"enemies":"Jaw Worm","floor":2,"turns":5},{"damage":0,"enemies":"2 Louse","floor":3,"turns":3},{"damage":11,"enemies":"Exordium Thugs","floor":4,"turns":7},{"damage":0,"enemies":"2 Fungi Beasts","floor":5,"turns":4},{"damage":27,"enemies":"Lagavulin","floor":6,"turns":9},{"damage":44,"enemies":"Gremlin Nob","floor":8,"turns":4}],"seed_played":"-2310962798938624169","potions_obtained":[{"floor":1,"key":"SkillPotion"},{"floor":5,"key":"Swift Potion"}],"is_trial":false,"path_per_floor":["M","M","M","M","M","E","R","E"],"character_chosen":"THE_SILENT","items_purchased":[],"campfire_rested":1,"item_purchase_floors":[],"current_hp_per_floor":[43,43,43,32,32,5,24,0,0],"gold":197,"neow_bonus":"ONE_RARE_RELIC","is_daily":false,"chose_seed":false,"campfire_upgraded":0,"win_rate":0.0,"timestamp":1608158526,"path_taken":["M","?","M","M","M","E","R","E"],"items_purchased_type":[],"build_version":"2020-12-13","purchased_purges":0,"victory":false,"max_hp_per_floor":[66,66,66,66,66,66,66,66,66],"card_choices":[{"not_picked":["Slice","Outmaneuver"],"picked":"Dash","floor":1},{"not_picked":["Cloak And Dagger","Caltrops"],"picked":"Deadly Poison","floor":2},{"not_picked":["Underhanded Strike","Slice"],"picked":"Flying Knee","floor":3},{"not_picked":["Outmaneuver","Dash","Heel Hook"],"picked":"SKIP","floor":4},{"not_picked":["Backflip","Flying Knee"],"picked":"Envenom","floor":5},{"not_picked":["Expertise","Skewer","Dagger Spray"],"picked":"SKIP","floor":6}],"player_experience":434872,"relics_obtained":[{"floor":6,"key":"Prayer Wheel"}],"event_choices":[],"is_beta":false,"boss_relics":[],"items_purged_floors":[],"is_endless":false,"potions_floor_spawned":[1,5],"killed_by":"Gremlin Nob","ascension_level":20}}