{"host":"grblgsn3zizbz04e","time":1608127138,"event":{"mods":["BaseMod","BetterRewards","Colored Map","Colored Powertips","Googly Eyes","Minty Spire (QoL Compilation)","Rare Cards Sparkle","Relic Stats","Shop Mod","StSLib"],"gold_per_floor":[113,127,127,140,155,155,61,94,120,155,155,171,171,200,200,302,302,322,372,45,95,145,145,155,190,263,295,295,355,374,424,424,521,521,538,558,573,636,653,680,730,765,765,779,804,854,887,905,905,905,905,905,337,370,370,370],"floor_reached":55,"playtime":2716,"items_purged":["Regret","Strike_B","Strike_B"],"score":1679,"play_id":"bec39c34-f836-4f17-8804-1cdbc7b40e98","local_time":"20201216135858","is_ascension_mode":true,"campfire_choices":[{"data":"Dramatic Entrance","floor":6.0,"key":"SMITH"},{"data":"Dramatic Entrance","floor":11.0,"key":"SMITH"},{"data":"Defragment","floor":15.0,"key":"SMITH"},{"data":"Echo Form","floor":23.0,"key":"SMITH"},{"data":"Storm","floor":28.0,"key":"SMITH"},{"data":"RitualDagger","floor":32.0,"key":"SMITH"},{"floor":49.0,"key":"RECALL"},{"floor":52.0,"key":"REST"}],"circlet_count":0,"master_deck":["Strike_B+1","Strike_B","Defend_B","Defend_B","Defend_B","Defend_B","Zap","Dualcast","Coolheaded","Leap","Conserve Battery","Dramatic Entrance+1","Storm+1","Glacier","Cold Snap+1","Glacier","Dramatic Entrance+1","Self Repair","Defragment+1","Echo Form+1","RitualDagger+1","Self Repair","Hologram","Echo Form+1","Seek","Storm","RitualDagger+1","Hologram","Self Repair","Amplify"],"relics":["Thread and Needle","Ancient Tea Set","Vajra","Unceasing Top","Bronze Scales","Mummified Hand","SsserpentHead","Letter Opener","SacredBark","Potion Belt","MutagenicStrength","Calipers","Bottled Flame","Regal Pillow","Fusion Hammer","Gremlin Horn","Akabeko","FossilizedHelix","Juzu Bracelet","Membership Card","DataDisk","InkBottle","MerchantsRug","Whetstone"],"acts_visited":["Exordium","TheCity","TheBeyond","TheEnding"],"potions_floor_usage":[55,55,55,55,55],"damage_taken":[{"damage":0.0,"enemies":"2 Louse","floor":1.0,"turns":3.0},{"damage":0.0,"enemies":"Cultist","floor":2.0,"turns":5.0},{"damage":0.0,"enemies":"Jaw Worm","floor":4.0,"turns":5.0},{"damage":0.0,"enemies":"Red Slaver","floor":5.0,"turns":5.0},{"damage":3.0,"enemies":"Lagavulin","floor":8.0,"turns":9.0},{"damage":7.0,"enemies":"3 Sentries","floor":10.0,"turns":4.0},{"damage":0.0,"enemies":"Blue Slaver","floor":12.0,"turns":3.0},{"damage":8.0,"enemies":"Gremlin Nob","floor":14.0,"turns":5.0},{"damage":0.0,"enemies":"The Guardian","floor":16.0,"turns":13.0},{"damage":1.0,"enemies":"3 Byrds","floor":18.0,"turns":2.0},{"damage":1.0,"enemies":"Shell Parasite","floor":24.0,"turns":3.0},{"damage":0.0,"enemies":"Gremlin Leader","floor":25.0,"turns":6.0},{"damage":20.0,"enemies":"Book of Stabbing","floor":27.0,"turns":7.0},{"damage":1.0,"enemies":"Centurion and Healer","floor":29.0,"turns":2.0},{"damage":0.0,"enemies":"3 Cultists","floor":30.0,"turns":3.0},{"damage":0.0,"enemies":"Champ","floor":33.0,"turns":9.0},{"damage":0.0,"enemies":"Orb Walker","floor":35.0,"turns":2.0},{"damage":8.0,"enemies":"3 Shapes","floor":36.0,"turns":1.0},{"damage":3.0,"enemies":"Spire Growth","floor":37.0,"turns":4.0},{"damage":0.0,"enemies":"Jaw Worm Horde","floor":38.0,"turns":2.0},{"damage":6.0,"enemies":"Transient","floor":39.0,"turns":5.0},{"damage":23.0,"enemies":"Giant Head","floor":40.0,"turns":11.0},{"damage":0.0,"enemies":"Reptomancer","floor":42.0,"turns":3.0},{"damage":9.0,"enemies":"4 Shapes","floor":44.0,"turns":2.0},{"damage":16.0,"enemies":"Nemesis","floor":45.0,"turns":11.0},{"damage":0.0,"enemies":"Reptomancer","floor":47.0,"turns":2.0},{"damage":0.0,"enemies":"Spire Growth","floor":48.0,"turns":4.0},{"damage":0.0,"enemies":"Donu and Deca","floor":50.0,"turns":7.0},{"damage":10,"enemies":"Shield and Spear","floor":54,"turns":3},{"damage":93,"enemies":"The Heart","floor":55,"turns":3}],"seed_played":"-2472924736878224529","potions_obtained":[{"floor":5.0,"key":"LiquidBronze"},{"floor":14.0,"key":"BlessingOfTheForge"},{"floor":16.0,"key":"Fruit Juice"},{"floor":18.0,"key":"FocusPotion"},{"floor":24.0,"key":"LiquidBronze"},{"floor":30.0,"key":"FearPotion"},{"floor":33.0,"key":"BlessingOfTheForge"},{"floor":35.0,"key":"Swift Potion"},{"floor":40.0,"key":"PotionOfCapacity"},{"floor":47.0,"key":"Strength Potion"}],"is_trial":false,"path_per_floor":["M","M","?","M","M","R","$","E","T","E","R","M","?","E","R","B",null,"M","?","$","?","?","R","M","E","T","E","R","M","M","?","R","B",null,"M","M","M","M","M","E","?","E","T","M","E","?","E","M","R","B",null,"R","$","E","B"],"character_chosen":"DEFECT","items_purchased":["Dramatic Entrance","Chill","Storm","Dramatic Entrance","Potion Belt","Self Repair","Membership Card","DataDisk","InkBottle","DuplicationPotion","Hologram","Self Repair","MerchantsRug"],"campfire_rested":1,"item_purchase_floors":[0,0,0,7,20,20,53,53,53,53,53,53,53],"current_hp_per_floor":[44,44,44,44,44,44,44,41,41,41,41,48,48,47,47,54,76,75,69,69,69,69,69,75,80,80,74,74,80,80,80,80,80,80,80,72,80,80,80,78,78,80,80,71,69,69,69,76,76,80,80,80,80,80,0,0],"gold":370,"neow_bonus":"","is_daily":false,"chose_seed":false,"campfire_upgraded":6,"win_rate":0.0,"timestamp":1608127138,"path_taken":["M","M","?","?","M","R","$","E","T","E","R","M","?","E","R","BOSS","M","?","$","?","?","R","M","E","T","E","R","?","M","?","R","BOSS","M","M","M","?","M","E","?","E","T","M","E","?","E","M","R","BOSS","R","$","E","BOSS"],"items_purchased_type":["Card","Card","Card","Card","Relic","Card","Relic","Relic","Relic","Potion","Card","Card","Relic"],"build_version":"2020-12-13","purchased_purges":3,"victory":false,"max_hp_per_floor":[70,70,70,70,70,70,70,70,70,70,70,70,70,70,70,70,80,80,80,80,80,80,80,80,80,80,80,80,80,80,80,80,80,80,80,80,80,80,80,80,80,80,80,80,80,80,80,80,80,80,80,80,80,80,80,80],"relic_stats":{"SsserpentHead":400,"Regal Pillow":0,"Gremlin Horn":[12,12],"counters":[88,487],"Mummified Hand":[120],"Bronze Scales":[1072],"Juzu Bracelet":0,"Letter Opener":[226],"Whetstone":["Strike_B","Cold Snap","Strike_B","Cold Snap"],"obtain_stats":[{"Ice Cream":19,"Calipers":25,"Gremlin Horn":52,"CeramicFish":24,"Vajra":31,"Ginger":46,"Whetstone":47,"Sling":31,"FrozenCore":0,"Blood Vial":30,"Centennial Puzzle":42,"Prayer Wheel":21,"MealTicket":40,"Fusion Hammer":34,"MerchantsRug":53,"Blue Candle":54,"Oddly Smooth Stone":27,"Eternal Feather":9,"Pen Nib":46,"Letter Opener":14,"War Paint":44,"Akabeko":42,"Bottled Flame":26,"Bird Faced Urn":23,"Bronze Scales":26,"MutagenicStrength":22,"Pandora\u0027s Box":17,"Molten Egg 2":42,"Black Star":17,"StrikeDummy":40,"Unceasing Top":8,"Darkstone Periapt":27,"Regal Pillow":0,"Singing Bowl":26,"SacredBark":17,"Bag of Preparation":53,"Juzu Bracelet":44,"Ancient Tea Set":38,"Cursed Key":34,"ClockworkSouvenir":0,"Frozen Eye":48,"SsserpentHead":13,"Emotion Chip":42,"Matryoshka":8,"Shovel":37,"Mummified Hand":9,"WingedGreaves":30,"Red Mask":20,"Cracked Core":0,"InkBottle":53,"Potion Belt":44,"Lee\u0027s Waffle":47,"Thread and Needle":0,"Orichalcum":40,"MawBank":26,"White Beast Statue":9,"Anchor":8,"DataDisk":48,"Busted Crown":34,"Turnip":39,"Bag of Marbles":6,"Art of War":54,"Membership Card":53,"FossilizedHelix":29,"Toy Ornithopter":54},{"Ice Cream":8,"Calipers":70,"Gremlin Horn":25,"CeramicFish":39,"Vajra":45,"Ginger":54,"Whetstone":55,"Sling":45,"FrozenCore":27,"Blood Vial":15,"Centennial Puzzle":51,"Prayer Wheel":38,"MealTicket":50,"Fusion Hammer":74,"MerchantsRug":86,"Blue Candle":26,"Oddly Smooth Stone":41,"Eternal Feather":31,"Pen Nib":23,"Letter Opener":66,"War Paint":22,"Akabeko":81,"Bottled Flame":70,"Bird Faced Urn":11,"Bronze Scales":40,"MutagenicStrength":68,"Pandora\u0027s Box":7,"Molten Egg 2":51,"Black Star":35,"StrikeDummy":21,"Unceasing Top":63,"Darkstone Periapt":41,"Regal Pillow":0,"Singing Bowl":13,"SacredBark":67,"Bag of Preparation":25,"Juzu Bracelet":52,"Ancient Tea Set":20,"Cursed Key":46,"ClockworkSouvenir":27,"Frozen Eye":55,"SsserpentHead":65,"Emotion Chip":22,"Matryoshka":3,"Shovel":20,"Mummified Hand":3,"WingedGreaves":45,"Red Mask":9,"Cracked Core":0,"InkBottle":86,"Potion Belt":52,"Lee\u0027s Waffle":23,"Thread and Needle":58,"Orichalcum":50,"MawBank":13,"White Beast Statue":3,"Anchor":31,"DataDisk":55,"Busted Crown":17,"Turnip":49,"Bag of Marbles":30,"Art of War":57,"Membership Card":86,"FossilizedHelix":44,"Toy Ornithopter":57},{"Ice Cream":28,"Calipers":406,"Gremlin Horn":94,"CeramicFish":192,"Vajra":230,"Ginger":306,"Whetstone":314,"Sling":230,"FrozenCore":103,"Blood Vial":52,"Centennial Puzzle":281,"Prayer Wheel":175,"MealTicket":271,"Fusion Hammer":427,"MerchantsRug":481,"Blue Candle":97,"Oddly Smooth Stone":206,"Eternal Feather":125,"Pen Nib":84,"Letter Opener":382,"War Paint":81,"Akabeko":455,"Bottled Flame":406,"Bird Faced Urn":38,"Bronze Scales":199,"MutagenicStrength":397,"Pandora\u0027s Box":25,"Molten Egg 2":281,"Black Star":151,"StrikeDummy":79,"Unceasing Top":370,"Darkstone Periapt":206,"Regal Pillow":0,"Singing Bowl":45,"SacredBark":395,"Bag of Preparation":94,"Juzu Bracelet":288,"Ancient Tea Set":73,"Cursed Key":241,"ClockworkSouvenir":103,"Frozen Eye":314,"SsserpentHead":377,"Emotion Chip":81,"Matryoshka":11,"Shovel":73,"Mummified Hand":11,"WingedGreaves":230,"Red Mask":31,"Cracked Core":0,"InkBottle":481,"Potion Belt":288,"Lee\u0027s Waffle":84,"Thread and Needle":343,"Orichalcum":271,"MawBank":45,"White Beast Statue":11,"Anchor":125,"DataDisk":314,"Busted Crown":63,"Turnip":263,"Bag of Marbles":118,"Art of War":331,"Membership Card":481,"FossilizedHelix":224,"Toy Ornithopter":331}],"Unceasing Top":[56],"InkBottle":[3]},"card_choices":[{"not_picked":["Compile Driver","Streamline"],"picked":"Glacier","floor":1.0},{"not_picked":["Gash","Coolheaded"],"picked":"Cold Snap","floor":2.0},{"not_picked":["Go for the Eyes","Consume","Hello World"],"picked":"SKIP","floor":4.0},{"not_picked":["Chill","Skim"],"picked":"Glacier","floor":5.0},{"not_picked":["Rip and Tear","Barrage"],"picked":"Self Repair","floor":8.0},{"not_picked":["Steam","Leap","Amplify"],"picked":"SKIP","floor":10.0},{"not_picked":["Chill","Turbo","Aggregate"],"picked":"SKIP","floor":12.0},{"not_picked":["Seek","Self Repair"],"picked":"Defragment","floor":14.0},{"not_picked":["Seek","Hyperbeam"],"picked":"Echo Form","floor":16.0},{"not_picked":["Doom and Gloom","Turbo","Barrage"],"picked":"SKIP","floor":18.0},{"not_picked":["Steam+1","Aggregate","Beam Cell"],"picked":"SKIP","floor":24.0},{"not_picked":["Gash","Auto Shields"],"picked":"Hologram","floor":25.0},{"not_picked":["Hologram","Hello World+1","Streamline"],"picked":"SKIP","floor":27.0},{"not_picked":["Ball Lightning","Coolheaded","Fusion+1"],"picked":"SKIP","floor":29.0},{"not_picked":["Skim","Auto Shields"],"picked":"Echo Form","floor":30.0},{"not_picked":["Thunder Strike","Core Surge"],"picked":"Seek","floor":33.0},{"not_picked":["Reprogram+1","Leap+1","Hologram"],"picked":"SKIP","floor":35.0},{"not_picked":["Compile Driver+1","Hello World+1"],"picked":"Storm","floor":36.0},{"not_picked":["Streamline+1","Barrage+1","Sweeping Beam"],"picked":"SKIP","floor":37.0},{"not_picked":["Ball Lightning+1","Steam+1","Fusion"],"picked":"SKIP","floor":38.0},{"not_picked":["Glacier+1","Steam Power+1","Go for the Eyes+1"],"picked":"SKIP","floor":39.0},{"not_picked":["Gash+1","Fusion","Ball Lightning"],"picked":"SKIP","floor":40.0},{"not_picked":["Machine Learning","Conserve Battery","Coolheaded"],"picked":"SKIP","floor":42.0},{"not_picked":["Gash+1","Leap+1","Rebound+1"],"picked":"SKIP","floor":44.0},{"not_picked":["Double Energy","Ball Lightning+1","Compile Driver+1"],"picked":"SKIP","floor":45.0},{"not_picked":["Recycle","Chill","Skim+1"],"picked":"SKIP","floor":47.0},{"not_picked":["Steam Power+1","Hologram","Sunder"],"picked":"SKIP","floor":48.0},{"not_picked":["Tempest","Chill"],"picked":"Amplify","floor":54}],"player_experience":725957,"relics_obtained":[{"floor":8.0,"key":"Unceasing Top"},{"floor":9.0,"key":"Bronze Scales"},{"floor":10.0,"key":"Mummified Hand"},{"floor":14.0,"key":"Letter Opener"},{"floor":25.0,"key":"Calipers"},{"floor":26.0,"key":"Bottled Flame"},{"floor":27.0,"key":"Regal Pillow"},{"floor":40.0,"key":"Gremlin Horn"},{"floor":42.0,"key":"Akabeko"},{"floor":45.0,"key":"FossilizedHelix"},{"floor":47.0,"key":"Juzu Bracelet"},{"floor":54,"key":"Whetstone"}],"event_choices":[{"cards_removed":["Chill"],"damage_healed":0.0,"max_hp_gain":0.0,"max_hp_loss":0.0,"gold_gain":0.0,"event_name":"WeMeetAgain","player_choice":"Gave Card","floor":3.0,"gold_loss":0.0,"damage_taken":0.0,"relics_obtained":["Vajra"]},{"damage_healed":0.0,"max_hp_gain":0.0,"max_hp_loss":0.0,"gold_gain":0.0,"event_name":"FaceTrader","player_choice":"Trade","floor":13.0,"gold_loss":0.0,"damage_taken":0.0,"relics_obtained":["SsserpentHead"]},{"damage_healed":0.0,"max_hp_gain":0.0,"max_hp_loss":0.0,"gold_gain":0.0,"event_name":"Nest","player_choice":"Joined the Cult","floor":19.0,"gold_loss":0.0,"damage_taken":6.0,"cards_obtained":["RitualDagger"]},{"damage_healed":0.0,"max_hp_gain":0.0,"max_hp_loss":0.0,"gold_gain":0.0,"event_name":"Vampires","player_choice":"Ignored","floor":21.0,"gold_loss":0.0,"damage_taken":0.0},{"damage_healed":0.0,"max_hp_gain":0.0,"max_hp_loss":0.0,"gold_gain":0.0,"event_name":"Drug Dealer","player_choice":"Inject Mutagens","floor":22.0,"gold_loss":0.0,"damage_taken":0.0,"relics_obtained":["MutagenicStrength"]},{"damage_healed":0.0,"max_hp_gain":0.0,"max_hp_loss":0.0,"gold_gain":0.0,"event_name":"Upgrade Shrine","player_choice":"Upgraded","floor":31.0,"gold_loss":0.0,"damage_taken":0.0,"cards_upgraded":["Echo Form"]},{"damage_healed":0.0,"max_hp_gain":0.0,"max_hp_loss":0.0,"gold_gain":0.0,"event_name":"Tomb of Lord Red Mask","player_choice":"Ignored","floor":41.0,"gold_loss":0.0,"damage_taken":0.0},{"damage_healed":0.0,"max_hp_gain":0.0,"max_hp_loss":0.0,"gold_gain":0.0,"event_name":"Duplicator","player_choice":"Copied","floor":46.0,"gold_loss":0.0,"damage_taken":0.0,"cards_obtained":["RitualDagger"]}],"is_beta":false,"boss_relics":[{"not_picked":["Ectoplasm","Philosopher\u0027s Stone"],"picked":"SacredBark"},{"not_picked":["Runic Dome","Sozu"],"picked":"Fusion Hammer"}],"items_purged_floors":[0,20,53],"is_endless":false,"potions_floor_spawned":[5,14,16,18,24,30,33,35,39,40,45,47,54],"killed_by":"The Heart","ascension_level":6}}