{"host":"m6aaltr68g9tvoay","time":1608097566,"event":{"mods":["AchievementEnabler","BaseMod","Colored Map","Minty Spire (QoL Compilation)","StSLib"],"gold_per_floor":[14,14,14,29,46,46,57,68,68,68,82,82,98,11,11,90,90,108,123,123,123,64,64,64,64],"floor_reached":24,"playtime":679,"items_purged":[],"score":367,"play_id":"93188dd7-18cb-4cb5-9381-0902118d5fcd","local_time":"20201215214606","is_ascension_mode":true,"campfire_choices":[{"data":"Envenom","floor":6,"key":"SMITH"},{"floor":10,"key":"REST"},{"floor":15,"key":"REST"},{"floor":23,"key":"REST"}],"circlet_count":0,"master_deck":["AscendersBane","Strike_G","Strike_G","Strike_G","Strike_G","Strike_G","Defend_G","Defend_G","Defend_G","Defend_G","Survivor","Neutralize","Envenom+1","Flying Knee","Choke","Blade Dance","Leg Sweep","Blade Dance","Slice","Blur","Corpse Explosion","Finisher","PiercingWail"],"relics":["Ring of the Serpent","Ice Cream"],"acts_visited":["Exordium","TheCity"],"potions_floor_usage":[11,16],"damage_taken":[{"damage":12,"enemies":"Cultist","floor":1,"turns":5},{"damage":1,"enemies":"2 Louse","floor":4,"turns":3},{"damage":0,"enemies":"Small Slimes","floor":5,"turns":2},{"damage":7,"enemies":"2 Fungi Beasts","floor":7,"turns":4},{"damage":0,"enemies":"Exordium Wildlife","floor":8,"turns":3},{"damage":22,"enemies":"Lots of Slimes","floor":11,"turns":4},{"damage":13,"enemies":"3 Louse","floor":13,"turns":3},{"damage":35,"enemies":"The Guardian","floor":16,"turns":7},{"damage":23,"enemies":"Chosen","floor":18,"turns":6},{"damage":11,"enemies":"2 Thieves","floor":19,"turns":4},{"damage":78,"enemies":"Gremlin Leader","floor":24,"turns":4}],"seed_played":"6973344850064721638","potions_obtained":[{"floor":1,"key":"FairyPotion"},{"floor":7,"key":"Poison Potion"},{"floor":12,"key":"CultistPotion"},{"floor":19,"key":"LiquidMemories"}],"is_trial":false,"path_per_floor":["M","?","$","M","M","R","M","M","T","R","M","?","M","$","R","B",null,"M","M","?","?","$","R","E"],"character_chosen":"THE_SILENT","items_purchased":["Blur","PiercingWail"],"campfire_rested":3,"item_purchase_floors":[14,22],"current_hp_per_floor":[47,47,47,46,46,46,39,39,39,58,36,36,23,23,42,7,51,28,17,17,30,30,49,0,0],"gold":64,"neow_bonus":"THREE_RARE_CARDS","is_daily":false,"chose_seed":false,"campfire_upgraded":1,"win_rate":0.0,"timestamp":1608097566,"path_taken":["M","?","$","M","M","R","M","M","T","R","M","?","?","$","R","BOSS","M","M","?","?","?","R","E"],"items_purchased_type":["Card","Card"],"build_version":"2020-12-13","purchased_purges":0,"victory":false,"max_hp_per_floor":[66,66,66,66,66,66,66,66,66,66,66,66,66,66,66,66,66,66,66,66,66,66,66,66,66],"card_choices":[{"not_picked":["Storm of Steel","Die Die Die"],"picked":"Envenom","floor":0},{"not_picked":["Choke","Calculated Gamble"],"picked":"Flying Knee","floor":1},{"not_picked":["Noxious Fumes","Slice"],"picked":"Blade Dance","floor":4},{"not_picked":["Quick Slash","Sucker Punch"],"picked":"Leg Sweep","floor":5},{"not_picked":["Dodge and Roll","Deflect"],"picked":"Blade Dance","floor":7},{"not_picked":["Acrobatics","Prepared","Heel Hook"],"picked":"SKIP","floor":8},{"not_picked":["Quick Slash","Backflip"],"picked":"Slice","floor":11},{"not_picked":["Deadly Poison","Deflect","Outmaneuver"],"picked":"SKIP","floor":13},{"not_picked":["Burst","Bullet Time"],"picked":"Corpse Explosion","floor":16},{"not_picked":["Poisoned Stab","Flying Knee"],"picked":"Finisher","floor":18},{"not_picked":["Tactician","Dagger Throw","Finisher"],"picked":"SKIP","floor":19}],"player_experience":1244777,"relics_obtained":[{"floor":9,"key":"Ice Cream"}],"event_choices":[{"damage_healed":0,"gold_gain":0,"cards_transformed":["Defend_G"],"player_choice":"Change","damage_taken":0,"max_hp_gain":0,"max_hp_loss":0,"event_name":"Living Wall","floor":2,"gold_loss":0,"cards_obtained":["Choke"]},{"damage_healed":0,"gold_gain":0,"player_choice":"Got Potions","damage_taken":0,"max_hp_gain":0,"max_hp_loss":0,"event_name":"Lab","floor":12,"gold_loss":0},{"damage_healed":0,"gold_gain":0,"player_choice":"Ignored","damage_taken":0,"max_hp_gain":0,"max_hp_loss":0,"event_name":"Vampires","floor":20,"gold_loss":0},{"damage_healed":13,"gold_gain":0,"player_choice":"Heal","damage_taken":0,"max_hp_gain":0,"max_hp_loss":0,"event_name":"The Library","floor":21,"gold_loss":0}],"is_beta":false,"boss_relics":[{"not_picked":["Snecko Eye","Busted Crown"],"picked":"Ring of the Serpent"}],"items_purged_floors":[],"is_endless":false,"potions_floor_spawned":[1,7,8,13,19],"killed_by":"Gremlin Leader","ascension_level":19}}