{"host":"l8lm1goh5xm9tkuw","time":1608121212,"event":{"mods":["Act Like it!","Alarm Clock","Astrologer","BaseMod","Colored Map","Colored Powertips","GungeonMod","Hermit","KinomotoSakuraMod(Ä¾Ö®±¾Ó£)","KomeijiMod","Library of Ruina","Library of Ruina Extra","Lobotomy","LobotomyExtend","Marisa£¨ìFÓê¡¡Ä§ÀíÉ³£©","Minty Spire (QoL Compilation)","MostiFishMod","Quick Restart","Replay The Spire","Shade Mod","StSLib","TestMod","The Animator","The Bug Knight","The Hierophant","UnlockEverythingMod","vexMod","¡¾ÒÅÎï¿¨ÅÆ¡¿REMEMod"],"gold_per_floor":[120,120,120,138,138,165,165,184,184,184,209,220,220,220,220,319,319,336,336,351,362,362,396,412,412,437,437,437,437,468,478,478,577,577,594,569,621,639,639,666,682,714,714,714,730,730,730,748,748,748,748,748,748,425,455,455],"floor_reached":57,"playtime":528,"items_purged":[],"score":1858,"play_id":"4f42b18e-33e9-41d7-aa80-ae74c135ebeb","local_time":"20201216202012","is_ascension_mode":false,"campfire_choices":[{"data":"DegradedPillar","floor":10,"key":"SMITH"},{"data":"DegradedChain","floor":32,"key":"SMITH"},{"data":"DegradedChain","floor":44,"key":"SMITH"},{"data":"WaitUp","floor":46,"key":"SMITH"},{"floor":49,"key":"RECALL"},{"floor":53,"key":"REST"}],"circlet_count":0,"master_deck":["DegradedFairy+1","DegradedFairy+1","DegradedChain+1","DegradedChain+1","DegradedLock+1","DegradedPillar+1","DegradedPillar+1","DegradedShockwave+1","WaitUp+1"],"relics":["PageOfLibrarian","DaveBox","testmod-TestBox","REME_ComplimentaryCards","testmod-Prudence","ShadowXiaoBlade","Question Card","LetterFromLob","DemoMod:GlassGuonStoneRelic","MealTicket","PageOfQueenBee","ImportantClient","testmod-CardMagician","Ginger","KyoryuNoHagoromo","MutagenicStrength","Blood Vial","DemoMod:BigBoy","Pondfish Scales","PageOfFairyFestival","Replay:WaspNest","ClockworkSouvenir","testmod-Justice","Anchor"],"acts_visited":["Exordium","TheCity","TheBeyond","TheEnding"],"potions_floor_usage":[20,33],"damage_taken":[{"damage":0,"enemies":"2 Louse","floor":1,"turns":1},{"damage":0,"enemies":"Small Slimes","floor":4,"turns":1},{"damage":0,"enemies":"Gremlin Nob","floor":6,"turns":2},{"damage":0,"enemies":"Cultist","floor":8,"turns":1},{"damage":0,"enemies":"HollowMod:MossKnight","floor":11,"turns":2},{"damage":0,"enemies":"Exordium Wildlife","floor":12,"turns":2},{"damage":0,"enemies":"Slime Boss","floor":16,"turns":2},{"damage":0,"enemies":"Spheric Guardian","floor":18,"turns":1},{"damage":0,"enemies":"2 Thieves","floor":20,"turns":2},{"damage":0,"enemies":"Centurion and Healer","floor":21,"turns":2},{"damage":0,"enemies":"Book of Stabbing","floor":23,"turns":2},{"damage":0,"enemies":"Chosen and Byrds","floor":24,"turns":3},{"damage":0,"enemies":"Slavers","floor":30,"turns":1},{"damage":0,"enemies":"Snecko","floor":31,"turns":1},{"damage":0,"enemies":"RedHoodMercenary","floor":33,"turns":7},{"damage":0,"enemies":"3 Shapes","floor":35,"turns":1},{"damage":0,"enemies":"2 Orb Walkers","floor":37,"turns":2},{"damage":0,"enemies":"3 Darklings","floor":38,"turns":1},{"damage":0,"enemies":"Giant Head","floor":40,"turns":5},{"damage":0,"enemies":"Spire Growth","floor":41,"turns":2},{"damage":0,"enemies":"Nemesis","floor":42,"turns":2},{"damage":0,"enemies":"Transient","floor":45,"turns":5},{"damage":0,"enemies":"3 Darklings","floor":48,"turns":1},{"damage":0,"enemies":"Donu and Deca","floor":50,"turns":5},{"damage":0,"enemies":"Shield and Spear","floor":55,"turns":2},{"damage":7,"enemies":"The Heart","floor":56,"turns":5}],"seed_played":"3411482895761132904","potions_obtained":[{"floor":12,"key":"Flashbang"},{"floor":16,"key":"Fire Potion"},{"floor":23,"key":"Energy Potion"},{"floor":24,"key":"Regen Potion"},{"floor":33,"key":"BlessingOfTheForge"}],"is_trial":false,"path_per_floor":["M","?","?","M","$","E","?","M","T","R","E","M","$","?","R_BF","B",null,"M","T","M","M","?","E","M","M","T","?","?","?","E","M","R","B",null,"M","?","?","M","?","E","M","E","T","R","M","R","?","M","R","B",null,null,"R","$","E","B",null],"character_chosen":"Librarian","items_purchased":["ClockworkSouvenir","testmod-Justice"],"campfire_rested":1,"item_purchase_floors":[54,54],"current_hp_per_floor":[60,75,75,75,75,75,75,75,75,75,81,81,96,96,96,96,96,96,96,96,96,96,96,96,96,96,96,96,96,96,96,96,96,96,96,96,96,96,96,96,96,96,96,96,96,96,96,96,96,96,96,96,96,96,96,96],"gold":455,"neow_bonus":"UPGRADE_CARD","is_daily":false,"chose_seed":false,"campfire_upgraded":4,"win_rate":0.0,"timestamp":1608121212,"path_taken":["M","?","?","M","$","E","?","M","T","R","E","?","$","?","R_BF","BOSS","M","?","?","?","?","E","?","M","T","?","?","?","E","M","R","BOSS","M","?","?","M","?","E","M","E","T","R","M","R","?","?","R","BOSS","R","$","E","BOSS"],"items_purchased_type":["Relic","Relic"],"build_version":"2020-12-13","purchased_purges":0,"victory":true,"max_hp_per_floor":[90,90,90,90,90,90,90,90,90,90,96,96,96,96,96,96,96,96,96,96,96,96,96,96,96,96,96,96,96,96,96,96,96,96,96,96,96,96,96,96,96,96,96,96,96,96,96,96,96,96,96,96,96,96,96,96],"card_choices":[{"not_picked":["GuardingStance","KeepItFresh","PreemptiveStrike","SearingSword"],"picked":"SKIP","floor":1},{"not_picked":["DefenseOrder","YoureTooSlow","GuardingStance","Quickness","Thrust"],"picked":"SKIP","floor":4},{"not_picked":["AssaultOrder","SunsetBlade","Struggle","Multislash","Unlock1"],"picked":"SKIP","floor":6},{"not_picked":["Thrust","TendonChords","Unlock1","Eliminate","EnergyShield"],"picked":"SKIP","floor":8},{"not_picked":["ScatteringSlash","SunsetBlade","GuardingStance","Multislash","ChopItOff"],"picked":"SKIP","floor":11},{"not_picked":["TendonChords","BindingArms","DefenseOrder","Castigation","SkyClearingCut"],"picked":"SKIP","floor":12},{"not_picked":["DefenseOrder","UpbeatPerformance","Tailoring","SmokingPipe","HandleRequest+1"],"picked":"SKIP","floor":18},{"not_picked":["TheArtOfRapidSteps","AsThePrescriptOrders+1","StayCalm","HandleRequest","SmokingPipe"],"picked":"SKIP","floor":20},{"not_picked":["GuardingStance+1","CutIn","Crush","StartinOutLightly","SilentMist"],"picked":"SKIP","floor":21},{"not_picked":["MultiHit+1","GuidanceOfTheGears","TieShanKao","LoosenUp+1","StrongStrike"],"picked":"SKIP","floor":23},{"not_picked":["SuppressingShot","Rewind+1","HandleRequest","EndlessBattle","DarkCloud"],"picked":"SKIP","floor":24},{"not_picked":["ICanCookAnything","Preparation","WaitUp","Pound","GuardingStance"],"picked":"SKIP","floor":30},{"not_picked":["TheRedNotes+1","Slice_lor+1","TheArtOfRapidSteps","UpbeatPerformance","CookingPrep+1"],"picked":"SKIP","floor":31},{"not_picked":["HandleRequest","Pound","Brawl","FierceOnslaught+1","SmokingPipe"],"picked":"SKIP","floor":35},{"not_picked":["YoureTooSlow","FierceOnslaught+1","DarkCloud","Leap_lor","SmokingPipe+1"],"picked":"SKIP","floor":38},{"not_picked":["DefenseOrder","ButterflySlash+1","AsThePrescriptOrders+1","ICanCookAnything+1","StartinOutLightly"],"picked":"SKIP","floor":40},{"not_picked":["EndlessBattle+1","Gamble","ButterflySlash+1","AutonomousRush+1","YoureTooSlow+1"],"picked":"SKIP","floor":41},{"not_picked":["ClassAndRespect","RipSpace","MultiBlock+1","FlashingStrike","DestructiveImpact"],"picked":"SKIP","floor":42},{"not_picked":["HighKick+1","DesperateStruggle","FocusFire","EndlessBattle+1"],"picked":"WaitUp","floor":45},{"not_picked":["EnergyCycle","Leap_lor+1","DimensionalRift","LossOfSenses","GuidanceOfTheGears"],"picked":"SKIP","floor":48},{"not_picked":["ShrineToMusic","AutonomousRush+1","EnergyCycle+1","TendonChords+1","WillBeTasty"],"picked":"SKIP","floor":55}],"player_experience":317212,"relics_obtained":[{"floor":1,"key":"Question Card"},{"floor":1,"key":"LetterFromLob"},{"floor":6,"key":"MealTicket"},{"floor":9,"key":"PageOfQueenBee"},{"floor":11,"key":"vexMod:BerryBomb"},{"floor":16,"key":"ImportantClient"},{"floor":19,"key":"Ginger"},{"floor":23,"key":"KyoryuNoHagoromo"},{"floor":30,"key":"Blood Vial"},{"floor":37,"key":"DemoMod:BigBoy"},{"floor":40,"key":"Pondfish Scales"},{"floor":42,"key":"PageOfFairyFestival"},{"floor":43,"key":"Replay:WaspNest"},{"floor":55,"key":"Anchor"}],"event_choices":[{"damage_healed":0,"gold_gain":0,"player_choice":"Grow","damage_taken":0,"max_hp_gain":0,"max_hp_loss":0,"event_name":"Living Wall","floor":3,"gold_loss":0,"cards_upgraded":["DegradedPillar"]},{"cards_removed":["DegradedFairy"],"damage_healed":0,"gold_gain":0,"player_choice":"Card Removal","damage_taken":0,"max_hp_gain":0,"max_hp_loss":0,"event_name":"Wheel of Change","floor":7,"gold_loss":0},{"damage_healed":0,"gold_gain":0,"player_choice":"Forge","damage_taken":0,"max_hp_gain":0,"max_hp_loss":0,"event_name":"Accursed Blacksmith","floor":14,"gold_loss":0,"cards_upgraded":["DegradedLock"]},{"damage_healed":0,"gold_gain":0,"player_choice":"Bought 0 Potions","damage_taken":0,"max_hp_gain":0,"max_hp_loss":0,"event_name":"The Woman in Blue","floor":22,"gold_loss":0},{"damage_healed":0,"gold_gain":0,"player_choice":"Inject Mutagens","damage_taken":0,"relics_obtained":["MutagenicStrength"],"max_hp_gain":0,"max_hp_loss":0,"event_name":"Drug Dealer","floor":27,"gold_loss":0},{"damage_healed":0,"gold_gain":0,"player_choice":"Simplicity","damage_taken":0,"max_hp_gain":0,"max_hp_loss":0,"event_name":"Back to Basics","floor":28,"gold_loss":0,"cards_upgraded":["DegradedFairy","DegradedFairy"]},{"damage_healed":0,"gold_gain":0,"player_choice":"Ignored","damage_taken":0,"max_hp_gain":0,"max_hp_loss":0,"event_name":"Purifier","floor":29,"gold_loss":0},{"damage_healed":0,"gold_gain":0,"player_choice":"Fight","damage_taken":0,"max_hp_gain":0,"max_hp_loss":0,"event_name":"Mysterious Sphere","floor":37,"gold_loss":0},{"damage_healed":0,"gold_gain":0,"player_choice":"Ignored","damage_taken":0,"max_hp_gain":0,"max_hp_loss":0,"event_name":"Upgrade Shrine","floor":47,"gold_loss":0}],"is_beta":false,"boss_relics":[{"not_picked":["SacredBark","testmod-Fanaticism"],"picked":"testmod-CardMagician"},{"not_picked":["testmod-Recursion","testmod-BatchProcessingSystem","Transparent"]}],"items_purged_floors":[],"is_endless":false,"potions_floor_spawned":[12,16,23,24,30,33,37,40,42,55],"ascension_level":0}}