{"host":"y89x8uui45kcjy42","time":1608161607,"event":{"mods":["2.2 Compatiblity","BaseMod","CapriCore","Colored Map","Colored Powertips","Custom Start","Friendly Minions","Highlight Path","Keyboard Shortcuts","Minty Spire (QoL Compilation)","Relic Stats","Slay the Relics Exporter","StSLib","SuperFastMode","Waifu the Spire"],"gold_per_floor":[114,132,132,282,126,158,172,172,250,263,263,263,263],"floor_reached":12,"playtime":148,"items_purged":["Doubt"],"score":206,"play_id":"e15b6ef6-962c-4b7b-8817-8bd4c6d8b9fc","local_time":"20201217083327","is_ascension_mode":true,"campfire_choices":[{"data":"Riddle With Holes","floor":8,"key":"SMITH"},{"data":"Terror","floor":11,"key":"SMITH"}],"circlet_count":0,"master_deck":["AscendersBane","Strike_G","Strike_G","Strike_G","Strike_G","Defend_G","Defend_G","Defend_G","Defend_G","Defend_G","Survivor","Neutralize","Well Laid Plans","Riddle With Holes+1","Infinite Blades","Terror+1"],"relics":["Ring of the Snake","NeowsBlessing","Blood Vial","Mummified Hand"],"acts_visited":["Exordium"],"potions_floor_usage":[],"damage_taken":[{"damage":0,"enemies":"Jaw Worm","floor":1,"turns":1},{"damage":0,"enemies":"Cultist","floor":2,"turns":1},{"damage":0,"enemies":"Lagavulin","floor":6,"turns":1},{"damage":1,"enemies":"2 Louse","floor":7,"turns":3},{"damage":1,"enemies":"Red Slaver","floor":10,"turns":3},{"damage":0,"enemies":"3 Sentries","floor":12,"turns":1}],"seed_played":"-2914107908080268156","potions_obtained":[{"floor":7,"key":"Ancient Potion"},{"floor":10,"key":"DuplicationPotion"}],"is_trial":false,"path_per_floor":["M","M","?","?","$","E","M","R","T","M","R","E"],"character_chosen":"THE_SILENT","items_purchased":["Infinite Blades"],"campfire_rested":0,"item_purchase_floors":[5],"current_hp_per_floor":[59,59,59,59,59,59,60,60,60,61,61,63,63],"gold":263,"neow_bonus":"THREE_ENEMY_KILL","is_daily":false,"chose_seed":false,"campfire_upgraded":2,"win_rate":0.0,"timestamp":1608161607,"path_taken":["M","M","?","?","?","E","M","R","T","M","R","E"],"items_purchased_type":["Card"],"build_version":"2020-12-13","purchased_purges":1,"victory":false,"max_hp_per_floor":[66,66,66,66,66,66,66,66,66,66,66,66,66],"relic_stats":{"Blood Vial":6,"counters":[6,10],"Mummified Hand":[2],"obtain_stats":[{"Blood Vial":6,"NeowsBlessing":0,"Mummified Hand":9,"Ring of the Snake":0},{"Blood Vial":3,"NeowsBlessing":0,"Mummified Hand":4,"Ring of the Snake":0},{"Blood Vial":3,"NeowsBlessing":0,"Mummified Hand":6,"Ring of the Snake":0}],"Ring of the Snake":[12]},"card_choices":[{"not_picked":["Dagger Spray","Deadly Poison"],"picked":"Well Laid Plans","floor":1},{"not_picked":["Prepared","Deflect"],"picked":"Riddle With Holes","floor":2},{"not_picked":["Deflect","Eviscerate","Quick Slash"],"picked":"SKIP","floor":6},{"not_picked":["Underhanded Strike","Bane","Endless Agony"],"picked":"SKIP","floor":7},{"not_picked":["Dodge and Roll","Eviscerate"],"picked":"Terror","floor":10}],"player_experience":496462,"relics_obtained":[{"floor":6,"key":"Blood Vial"},{"floor":9,"key":"Mummified Hand"}],"event_choices":[{"cards_removed":["Strike_G"],"damage_healed":0,"gold_gain":0,"player_choice":"Forget","damage_taken":0,"max_hp_gain":0,"max_hp_loss":0,"event_name":"Living Wall","floor":3,"gold_loss":0},{"damage_healed":0,"gold_gain":150,"player_choice":"AGREE","damage_taken":0,"max_hp_gain":0,"max_hp_loss":0,"event_name":"Liars Game","floor":4,"gold_loss":0,"cards_obtained":["Doubt"]}],"is_beta":false,"boss_relics":[],"items_purged_floors":[5],"is_endless":false,"potions_floor_spawned":[7,10],"killed_by":"3 Sentries","ascension_level":20}}