{"host":"Sumable","time":1608098861,"event":{"mods":["AchievementEnabler","BaseMod","Better Note","BetterRewards","Googly Eyes","Hermit","Minty Spire (QoL Compilation)","Quick Restart","Shop Mod","StSLib","The Cursed","everything is the same but u backflip on backflip","slay the spire mod where everything is the same but ironclad has a cowboy hat"],"gold_per_floor":[10,27,27,27,45,78,78,66,66,66,80,100,100,100,100,230,230,246,246,0,17,17,17,50,50,73,73,87,87,121,70,70,174,174,196,208,220,232,261,273,285,297,334,363,375,387,399,426,438,450,450],"floor_reached":50,"playtime":2537,"items_purged":[],"score":827,"play_id":"e9b7c351-e886-410e-a869-4c169e2ac1a5","local_time":"20201215230741","is_ascension_mode":true,"campfire_choices":[{"floor":7.0,"key":"REST"},{"floor":10.0,"key":"REST"},{"data":"Limit Break","floor":15.0,"key":"SMITH"},{"floor":23,"key":"REST"},{"floor":25,"key":"REST"},{"floor":27,"key":"REST"},{"floor":32,"key":"REST"},{"data":"1","floor":40,"key":"LIFT"},{"data":"2","floor":42,"key":"LIFT"},{"data":"3","floor":47,"key":"LIFT"},{"floor":49,"key":"RECALL"}],"circlet_count":0,"master_deck":["AscendersBane","Strike_R","Strike_R","Strike_R","Strike_R","Strike_R","Defend_R","Defend_R","Defend_R","Defend_R","Bash","The Bomb","Anger","Entrench","Impervious","Spot Weakness","Heavy Blade","Limit Break+1","Headbutt","Flex","Flex","Limit Break+1","Offering","Heavy Blade+1","Limit Break","Impervious","CurseOfTheBell","Bloodletting","Whirlwind+1","Heavy Blade+1","Swift Strike+1","Pain"],"relics":["Black Blood","Bloody Idol","Gremlin Horn","Paper Frog","Oddly Smooth Stone","Nunchaku","MealTicket","Ornamental Fan","Calling Bell","MawBank","Molten Egg 2","Girya","WarpedTongs"],"acts_visited":["Exordium","TheCity","TheBeyond"],"potions_floor_usage":[21,30,33,33,33,33,48,50],"damage_taken":[{"damage":9.0,"enemies":"Small Slimes","floor":1.0,"turns":3.0},{"damage":8.0,"enemies":"2 Louse","floor":2.0,"turns":3.0},{"damage":1.0,"enemies":"Cultist","floor":5.0,"turns":4.0},{"damage":48.0,"enemies":"Gremlin Nob","floor":6.0,"turns":5.0},{"damage":24.0,"enemies":"Exordium Thugs","floor":8.0,"turns":4.0},{"damage":20.0,"enemies":"2 Fungi Beasts","floor":11.0,"turns":3.0},{"damage":0.0,"enemies":"Gremlin Gang","floor":12.0,"turns":3.0},{"damage":32.0,"enemies":"Slime Boss","floor":16.0,"turns":8.0},{"damage":48.0,"enemies":"Shell Parasite","floor":18.0,"turns":6.0},{"damage":26,"enemies":"3 Byrds","floor":21,"turns":4},{"damage":45,"enemies":"Book of Stabbing","floor":24,"turns":4},{"damage":35,"enemies":"Centurion and Healer","floor":28,"turns":5},{"damage":58,"enemies":"Gremlin Leader","floor":30,"turns":7},{"damage":77,"enemies":"Automaton","floor":33,"turns":7},{"damage":54,"enemies":"3 Shapes","floor":35,"turns":12},{"damage":59,"enemies":"3 Darklings","floor":39,"turns":5},{"damage":28,"enemies":"Jaw Worm Horde","floor":44,"turns":4},{"damage":42,"enemies":"Maw","floor":48,"turns":5},{"damage":56,"enemies":"Time Eater","floor":50,"turns":4}],"seed_played":"6393111828161646987","potions_obtained":[{"floor":1.0,"key":"ColorlessPotion"},{"floor":8.0,"key":"GamblersBrew"},{"floor":11.0,"key":"DuplicationPotion"},{"floor":12.0,"key":"Swift Potion"},{"floor":16.0,"key":"EssenceOfSteel"},{"floor":24,"key":"Fire Potion"},{"floor":30,"key":"EntropicBrew"},{"floor":44,"key":"Explosive Potion"},{"floor":48,"key":"DistilledChaos"}],"is_trial":false,"path_per_floor":["M","M","?","?","M","E","R","M","T","R","M","M","T","$","R","B",null,"M","?","$","M","?","R","E","R","T","R","M","?","E","$","R","B",null,"M","?","$","?","M","R","?","R","T","M","?","?","R","M","R","B"],"character_chosen":"IRONCLAD","items_purchased":["Offering","FairyPotion","GamblersBrew","Swift Potion"],"campfire_rested":6,"item_purchase_floors":[20,20,20,31],"current_hp_per_floor":[69,67,67,67,72,30,54,36,36,60,46,52,52,52,52,26,67,31,31,31,22,22,46,18,42,47,71,53,53,41,56,80,20,65,33,38,58,63,26,31,36,41,51,45,50,55,60,40,45,0,0],"gold":450,"neow_bonus":"RANDOM_COLORLESS_2","is_daily":false,"chose_seed":false,"campfire_upgraded":1,"win_rate":0.0,"timestamp":1608098861,"path_taken":["M","M","?","?","M","E","R","M","T","R","M","?","?","?","R","BOSS","M","?","$","M","?","R","E","R","T","R","?","?","E","?","R","BOSS","M","?","$","?","?","R","?","R","T","M","?","?","R","?","R","BOSS"],"items_purchased_type":["Card","Potion","Potion","Potion"],"build_version":"2020-12-07","purchased_purges":0,"victory":false,"max_hp_per_floor":[80,80,80,80,80,80,80,80,80,80,80,80,80,80,80,80,80,80,80,80,80,80,80,80,80,80,80,80,80,80,80,80,80,80,80,80,80,80,80,80,80,80,80,80,80,80,80,80,80,80,80],"card_choices":[{"not_picked":["Metamorphosis","Thinking Ahead"],"picked":"The Bomb","floor":0.0},{"not_picked":["Clothesline","Havoc"],"picked":"Anger","floor":1.0},{"not_picked":["Clash","Burning Pact"],"picked":"Entrench","floor":2.0},{"not_picked":["Clothesline","Heavy Blade","Warcry"],"picked":"SKIP","floor":5.0},{"not_picked":["Clothesline","Warcry"],"picked":"Heavy Blade","floor":5.0},{"not_picked":["Cleave","Headbutt"],"picked":"Limit Break","floor":6.0},{"not_picked":["Metallicize","Body Slam"],"picked":"Headbutt","floor":8.0},{"not_picked":["Sword Boomerang","Ghostly Armor"],"picked":"Flex","floor":11.0},{"not_picked":["Rage","Fire Breathing"],"picked":"Flex","floor":12.0},{"not_picked":["Brutality","Feed"],"picked":"Limit Break","floor":16.0},{"not_picked":["Havoc+1","Clash","Iron Wave"],"picked":"SKIP","floor":18.0},{"not_picked":["Feel No Pain","Thunderclap"],"picked":"Heavy Blade+1","floor":21},{"not_picked":["Dropkick","Rage","Clash"],"picked":"SKIP","floor":24},{"not_picked":["Armaments","Wild Strike"],"picked":"Limit Break","floor":28},{"not_picked":["Dropkick","Headbutt","Clothesline+1"],"picked":"SKIP","floor":30},{"not_picked":["Exhume","Fiend Fire"],"picked":"Impervious","floor":33},{"not_picked":["Iron Wave+1","Twin Strike+1"],"picked":"Bloodletting","floor":35},{"not_picked":["Sever Soul+1","Wild Strike+1"],"picked":"Whirlwind+1","floor":39},{"not_picked":["Perfected Strike+1","Hemokinesis+1"],"picked":"Heavy Blade+1","floor":44},{"not_picked":["Mayhem","Impatience"],"picked":"Swift Strike+1","floor":45},{"not_picked":["Hemokinesis+1","Headbutt+1","Uppercut+1"],"picked":"SKIP","floor":48}],"player_experience":986013,"relics_obtained":[{"floor":6.0,"key":"Gremlin Horn"},{"floor":9.0,"key":"Paper Frog"},{"floor":13.0,"key":"Oddly Smooth Stone"},{"floor":24,"key":"Nunchaku"},{"floor":26,"key":"MealTicket"},{"floor":30,"key":"Ornamental Fan"},{"floor":34,"key":"MawBank"},{"floor":34,"key":"Molten Egg 2"},{"floor":34,"key":"Girya"}],"event_choices":[{"damage_healed":0.0,"max_hp_gain":0.0,"max_hp_loss":0.0,"gold_gain":0.0,"event_name":"Golden Idol","player_choice":"Take Wound","floor":3.0,"gold_loss":0.0,"damage_taken":0.0,"relics_obtained":["Golden Idol"],"cards_obtained":["Injury"]},{"damage_healed":0.0,"max_hp_gain":0.0,"max_hp_loss":0.0,"gold_gain":0.0,"event_name":"Match and Keep!","player_choice":"2 cards matched","floor":4.0,"gold_loss":0.0,"damage_taken":0.0,"cards_obtained":["Impervious","Spot Weakness"]},{"damage_healed":0.0,"max_hp_gain":0.0,"max_hp_loss":0.0,"gold_gain":0.0,"event_name":"Forgotten Altar","player_choice":"Gave Idol","floor":19.0,"relics_lost":["Golden Idol"],"gold_loss":0.0,"damage_taken":0.0,"relics_obtained":["Bloody Idol"]},{"damage_healed":0,"gold_gain":0,"player_choice":"Upgraded","damage_taken":0,"max_hp_gain":0,"max_hp_loss":0,"event_name":"Upgrade Shrine","floor":22,"gold_loss":0,"cards_upgraded":["Limit Break"]},{"damage_healed":0,"gold_gain":0,"player_choice":"Bought 0 Potions","damage_taken":0,"max_hp_gain":0,"max_hp_loss":0,"event_name":"The Woman in Blue","floor":29,"gold_loss":0},{"damage_healed":0,"gold_gain":0,"player_choice":"Ignored","damage_taken":0,"max_hp_gain":0,"max_hp_loss":0,"event_name":"Tomb of Lord Red Mask","floor":36,"gold_loss":0},{"cards_removed":["Injury"],"damage_healed":0,"gold_gain":0,"player_choice":"Purged","damage_taken":0,"max_hp_gain":0,"max_hp_loss":0,"event_name":"Purifier","floor":38,"gold_loss":0},{"damage_healed":0,"gold_gain":0,"player_choice":"Ignored","damage_taken":0,"max_hp_gain":0,"max_hp_loss":0,"event_name":"Mysterious Sphere","floor":41,"gold_loss":0},{"damage_healed":0,"gold_gain":0,"player_choice":"Memory 1","damage_taken":0,"max_hp_gain":0,"max_hp_loss":0,"event_name":"SensoryStone","floor":45,"gold_loss":0},{"damage_healed":0,"gold_gain":0,"player_choice":"Rummage","damage_taken":0,"relics_obtained":["WarpedTongs"],"max_hp_gain":0,"max_hp_loss":0,"event_name":"Accursed Blacksmith","floor":46,"gold_loss":0,"cards_obtained":["Pain"]}],"is_beta":true,"boss_relics":[{"not_picked":["Black Star","Runic Dome"],"picked":"Black Blood"},{"not_picked":["Sozu","SacredBark"],"picked":"Calling Bell"}],"items_purged_floors":[],"is_endless":false,"potions_floor_spawned":[1,8,11,12,16,24,30,44,48],"killed_by":"Time Eater","ascension_level":12}}