{"host":"e1nidjoehlv47txx","time":1608120962,"event":{"mods":["BaseMod","Downfall","Hermit","Koishi","Marisa（F雨　魔理沙）","Minty Spire (QoL Compilation)","StSLib","[功能]功能增强和修复MOD"],"gold_per_floor":[114,114,114,114,130,149,149,149,149,187,187,200,200,185,185,308,308,331,331,316,337,332,376,394,394,394,418,418,343,343,343,343,469,469,492,516,506,521,542,578,578,592,592,592,587,587,607,607,607,607],"floor_reached":51,"playtime":2171,"items_purged":["hermit:Strike_Hermit","hermit:Defend_Hermit","Injury","hermit:Strike_Hermit","hermit:Strike_Hermit","hermit:Defend_Hermit","hermit:Defend_Hermit","hermit:Misfire+1","hermit:LowProfile","Writhe"],"score":1004,"play_id":"e857a2be-46e0-4271-a718-77ffa5e87cbd","local_time":"20201216201602","is_ascension_mode":true,"campfire_choices":[{"data":"hermit:Snipe","floor":7,"key":"SMITH"},{"data":"hermit:BigShot","floor":13,"key":"SMITH"},{"data":"hermit:Covet","floor":15,"key":"SMITH"},{"data":"expansioncontent:QuickStudy","floor":25,"key":"SMITH"},{"data":"expansioncontent:DashGenerateEvil","floor":28,"key":"SMITH"},{"floor":32,"key":"REST"},{"data":"hermit:LowProfile","floor":41,"key":"SMITH"},{"floor":46,"key":"REST"},{"floor":49,"key":"REST"}],"circlet_count":0,"master_deck":["hermit:Snapshot+1","hermit:Covet+1","hermit:Snipe+1","hermit:BigShot+1","hermit:Dive+1","hermit:Ricochet+1","hermit:Enervate+1","expansioncontent:QuickStudy+1","hermit:TrackingShot+1","hermit:LowProfile+1","hermit:Vantage+1","hermit:Gestalt+1","hermit:TakeAim+1","hermit:BodyArmor+1","hermit:Determination+1"],"relics":["hermit:Momento","Sundial","Pear","HandDrill","Golden Idol","Frozen Egg 2","Molten Egg 2","White Beast Statue","Frozen Eye","Pen Nib","Regal Pillow","hermit:BartenderGlass","Darkstone Periapt","Mango","ClockworkSouvenir","Toxic Egg 2","Blood Vial","Potion Belt","CaptainsWheel","Enchiridion","Shuriken","Empty Cage","InkBottle","PreservedInsect","hermit:PetGhost","StoneCalendar","Question Card","Bronze Scales","Art of War"],"acts_visited":["Exordium","TheCity","TheBeyond"],"potions_floor_usage":[1,10,10,16,16,18,18,18,18,18,18,21,21,21,21,23,23,23,23,27,27,27,33,33,36,39,39,39,39,40,40,42,42,50,50,50,50],"damage_taken":[{"damage":0,"enemies":"Cultist","floor":1,"turns":2},{"damage":0,"enemies":"Jaw Worm","floor":5,"turns":3},{"damage":0,"enemies":"2 Louse","floor":6,"turns":2},{"damage":0,"enemies":"Gremlin Nob","floor":10,"turns":2},{"damage":7,"enemies":"Blue Slaver","floor":12,"turns":3},{"damage":33,"enemies":"Slime Boss","floor":16,"turns":5},{"damage":5,"enemies":"3 Byrds","floor":18,"turns":3},{"damage":5,"enemies":"2 Thieves","floor":21,"turns":2},{"damage":26,"enemies":"Book of Stabbing","floor":23,"turns":6},{"damage":0,"enemies":"Sentry and Sphere","floor":24,"turns":2},{"damage":13,"enemies":"Chosen and Byrds","floor":27,"turns":3},{"damage":0,"enemies":"Champ","floor":33,"turns":6},{"damage":2,"enemies":"3 Shapes","floor":35,"turns":3},{"damage":8,"enemies":"Orb Walker","floor":36,"turns":4},{"damage":14,"enemies":"Spire Growth","floor":38,"turns":5},{"damage":22,"enemies":"3 Darklings","floor":39,"turns":3},{"damage":11,"enemies":"Reptomancer","floor":40,"turns":4},{"damage":6,"enemies":"Jaw Worm Horde","floor":42,"turns":4},{"damage":10,"enemies":"Spire Growth","floor":47,"turns":5},{"damage":71,"enemies":"Awakened One","floor":50,"turns":8}],"seed_played":"3194359166960256539","potions_obtained":[{"floor":0,"key":"Fire Potion"},{"floor":0,"key":"Fire Potion"},{"floor":1,"key":"LiquidMemories"},{"floor":10,"key":"Explosive Potion"},{"floor":10,"key":"Fire Potion"},{"floor":16,"key":"Explosive Potion"},{"floor":16,"key":"Fire Potion"},{"floor":18,"key":"Fire Potion"},{"floor":21,"key":"PowerPotion"},{"floor":21,"key":"Swift Potion"},{"floor":23,"key":"AttackPotion"},{"floor":23,"key":"FairyPotion"},{"floor":24,"key":"Swift Potion"},{"floor":24,"key":"SmokeBomb"},{"floor":27,"key":"PowerPotion"},{"floor":33,"key":"Fire Potion"},{"floor":39,"key":"hermit:BlackBile"},{"floor":40,"key":"Block Potion"},{"floor":42,"key":"Block Potion"}],"is_trial":false,"path_per_floor":["M","$","?","?","M","M","R","?","T","E","?","M","R","$","R","B",null,"M","?","$","M","$","E","M","R","T","M","R","?","?","T","R","B",null,"M","M","$","M","M","E","R","M","T","?","$","R","M","?","R","B",null],"character_chosen":"HERMIT","items_purchased":["Sundial","Pear","HandDrill","expansioncontent:DashGenerateEvil","hermit:BigShot","PowerPotion","Frozen Eye","Pen Nib","Regal Pillow","hermit:Ricochet+1","Darkstone Periapt","Mango","ClockworkSouvenir","expansioncontent:QuickStudy","hermit:TrackingShot+1","hermit:LowProfile","Toxic Egg 2","Blood Vial","InkBottle","PreservedInsect","hermit:PetGhost","hermit:TakeAim+1","hermit:BodyArmor+1","LiquidBronze","Bronze Scales","Art of War"],"campfire_rested":3,"item_purchase_floors":[2,2,2,2,2,2,14,14,14,14,20,20,20,20,20,20,22,22,37,37,37,37,37,37,45,45],"current_hp_per_floor":[75,85,85,85,85,85,85,82,82,82,82,75,75,75,75,42,85,80,80,94,94,94,70,72,72,72,61,61,61,45,45,89,91,99,97,91,91,79,59,50,50,46,46,77,77,105,95,95,105,34],"gold":607,"neow_bonus":"THREE_SMALL_POTIONS","is_daily":false,"chose_seed":false,"campfire_upgraded":6,"win_rate":0.0,"timestamp":1608120962,"path_taken":["M","$","?","?","?","M","R","?","T","E","?","M","R","$","R","BOSS","M","?","$","M","$","E","M","R","T","?","R","?","?","?","R","BOSS","M","M","$","M","M","E","R","M","T","?","$","R","M","?","R","BOSS"],"items_purchased_type":["Relic","Relic","Relic","Card","Card","Potion","Relic","Relic","Relic","Card","Relic","Relic","Relic","Card","Card","Card","Relic","Relic","Relic","Relic","Relic","Card","Card","Potion","Relic","Relic"],"build_version":"2020-12-13","purchased_purges":10,"victory":true,"max_hp_per_floor":[75,85,85,85,85,85,85,85,85,85,85,85,85,85,85,85,85,85,85,99,99,99,99,99,99,99,99,99,99,99,99,99,99,99,99,99,99,99,99,99,99,99,99,105,105,105,105,105,105,105],"card_choices":[{"not_picked":["hermit:ItchyTrigger","hermit:Quickdraw"],"picked":"hermit:Snipe","floor":1},{"not_picked":["hermit:Desperado","hermit:HoleUp","hermit:ShadowCloak"],"picked":"SKIP","floor":5},{"not_picked":["hermit:CalledShot","hermit:Malice","hermit:Roulette"],"picked":"SKIP","floor":6},{"not_picked":["hermit:HoleUp","hermit:Manifest"],"picked":"hermit:Dive","floor":10},{"not_picked":["hermit:Snipe","hermit:Grudge+1","hermit:FromBeyond"],"picked":"SKIP","floor":12},{"not_picked":["hermit:ShadowCloak+1","hermit:BodyArmor"],"picked":"hermit:Enervate+1","floor":18},{"not_picked":["hermit:Showdown+1","hermit:HighCaliber+1"],"picked":"hermit:LowProfile","floor":21},{"not_picked":["hermit:FinalCanter+1","hermit:WideOpen+1"],"picked":"hermit:Misfire+1","floor":23},{"not_picked":["hermit:Ricochet+1","hermit:Scavenge+1","hermit:Maintenance+1"],"picked":"SKIP","floor":24},{"not_picked":["hermit:Manifest+1","hermit:BigShot+1"],"picked":"hermit:Vantage+1","floor":27},{"not_picked":["hermit:Headshot+1","hermit:WideOpen+1"],"picked":"hermit:Gestalt+1","floor":35},{"not_picked":["hermit:Dive+1","hermit:Roulette+1","hermit:Quickdraw+1"],"picked":"SKIP","floor":36},{"not_picked":["hermit:Manifest+1","hermit:DeadMansHand+1","hermit:CalledShot+1"],"picked":"SKIP","floor":38},{"not_picked":["hermit:EyeOfTheStorm+1","hermit:TakeAim+1","hermit:WideOpen+1"],"picked":"SKIP","floor":39},{"not_picked":["hermit:Vantage+1","hermit:Snipe+1"],"picked":"hermit:Determination+1","floor":40},{"not_picked":["hermit:TrackingShot+1","hermit:Malice+1","hermit:Dive+1"],"picked":"SKIP","floor":42},{"not_picked":["hermit:HighNoon+1","hermit:Snipe+1","hermit:TakeAim+1","hermit:Misfire+1"],"picked":"SKIP","floor":47}],"player_experience":88006,"relics_obtained":[{"floor":9,"key":"Molten Egg 2"},{"floor":10,"key":"White Beast Statue"},{"floor":23,"key":"Potion Belt"},{"floor":26,"key":"CaptainsWheel"},{"floor":30,"key":"Enchiridion"},{"floor":31,"key":"Shuriken"},{"floor":40,"key":"StoneCalendar"},{"floor":43,"key":"Question Card"}],"event_choices":[{"damage_healed":0,"gold_gain":0,"player_choice":"Leave","damage_taken":0,"max_hp_gain":0,"max_hp_loss":0,"event_name":"The Cleric","floor":3,"gold_loss":0},{"damage_healed":0,"gold_gain":0,"player_choice":"Take Wound","damage_taken":0,"relics_obtained":["Golden Idol"],"max_hp_gain":0,"max_hp_loss":0,"event_name":"Golden Idol","floor":4,"gold_loss":0,"cards_obtained":["Injury"]},{"damage_healed":0,"gold_gain":0,"player_choice":"Success","damage_taken":3,"relics_obtained":["Frozen Egg 2"],"max_hp_gain":0,"max_hp_loss":0,"event_name":"Scrap Ooze","floor":8,"gold_loss":0},{"damage_healed":0,"gold_gain":0,"player_choice":"Upgraded","damage_taken":0,"max_hp_gain":0,"max_hp_loss":0,"event_name":"Upgrade Shrine","floor":11,"gold_loss":0,"cards_upgraded":["hermit:Dive"]},{"damage_healed":0,"gold_gain":0,"player_choice":"Forge","damage_taken":0,"max_hp_gain":0,"max_hp_loss":0,"event_name":"Accursed Blacksmith","floor":19,"gold_loss":0,"cards_upgraded":["hermit:Snapshot"]},{"cards_removed":["hermit:Strike_Hermit"],"damage_healed":0,"gold_gain":0,"player_choice":"Gave Gold","damage_taken":0,"max_hp_gain":0,"max_hp_loss":0,"event_name":"Beggar","floor":29,"gold_loss":75},{"damage_healed":0,"gold_gain":0,"player_choice":"Obtained Book","damage_taken":16,"max_hp_gain":0,"max_hp_loss":0,"event_name":"Cursed Tome","floor":30,"gold_loss":0},{"damage_healed":25,"gold_gain":0,"player_choice":"Writhe","damage_taken":0,"max_hp_gain":0,"max_hp_loss":0,"event_name":"Winding Halls","floor":44,"gold_loss":0,"cards_obtained":["Writhe"]},{"damage_healed":0,"gold_gain":0,"player_choice":"Ignored","damage_taken":0,"max_hp_gain":0,"max_hp_loss":0,"event_name":"Mysterious Sphere","floor":48,"gold_loss":0}],"is_beta":false,"boss_relics":[{"not_picked":["Coffee Dripper","Busted Crown"],"picked":"hermit:BartenderGlass"},{"not_picked":["Runic Pyramid","hermit:DentedPlate"],"picked":"Empty Cage"}],"items_purged_floors":[14,14,14,20,20,20,22,37,37,45],"is_endless":false,"potions_floor_spawned":[1,5,5,10,10,12,12,16,16,16,18,18,18,21,21,23,23,24,24,27,27,33,33,33,35,35,36,36,36,38,38,39,40,40,40,42,42,42,47,47,47],"ascension_level":1}}