{"host":"ipcfr4ajj2jkxvg7","time":1608114271,"event":{"mods":["BaseMod","Colored Powertips","GifTheSpireLib","Marisa（F雨　魔理沙）","Minty Spire (QoL Compilation)","Quick Restart","Remilia（蕾米莉亚）","Replay The Spire","RumiaBox-露米娅的神秘盒子","StSLib"],"gold_per_floor":[20,20,36,36,56,83,83,112,112,112,33,33,65,65,65,161,161,174,193,204,215,225,259,259,291,291,291,304,156,156,168,168,168,168],"floor_reached":33,"playtime":1045,"items_purged":["Strike_MRS"],"score":444,"play_id":"1cca849c-b180-4f01-8290-a0546908e4cd","local_time":"20201216182431","is_ascension_mode":true,"campfire_choices":[{"data":"ManaRampage","floor":7.0,"key":"SMITH"},{"data":"PropBag","floor":10.0,"key":"SMITH"},{"floor":12.0,"key":"REST"},{"data":"SuperNova","floor":15.0,"key":"SMITH"},{"data":"MaximisePower","floor":24.0,"key":"SMITH"},{"floor":27.0,"key":"REST"},{"data":"BinaryStars","floor":32.0,"key":"SMITH"}],"circlet_count":0,"master_deck":["Strike_MRS","Strike_MRS","Defend_MRS","MasterSpark","UpSweep","ManaRampage+1","PropBag+1","WitchLeyline","Acceleration","PropBag","ManaConvection","MaximisePower+1","SuperNova+1","FinalSpark","OpenUniverse+1","MilkyWay","BinaryStars+1","PulseMagic+1","GalacticHalo+1","DeepEcoloBomb+1","EnergyFlow","PowerUp"],"relics":["MiniHakkero","AddBug","SecretRecord","SecretRecord","SecretRecord","AddBug","SecretRecord","SecretRecord","SecretRecord","SecretRecord","SecretRecord","SecretRecord","SecretRecord","SecretRecord"],"acts_visited":["Exordium","TheCity"],"potions_floor_usage":[33],"damage_taken":[{"damage":0.0,"enemies":"Cultist","floor":1.0,"turns":1.0},{"damage":5.0,"enemies":"Small Slimes","floor":3.0,"turns":2.0},{"damage":7.0,"enemies":"2 Louse","floor":5.0,"turns":2.0},{"damage":20.0,"enemies":"Lagavulin","floor":6.0,"turns":3.0},{"damage":15.0,"enemies":"3 Sentries","floor":8.0,"turns":3.0},{"damage":18.0,"enemies":"Gremlin Nob","floor":13.0,"turns":3.0},{"damage":24.0,"enemies":"Hexaghost","floor":16.0,"turns":4.0},{"damage":21.0,"enemies":"3 Byrds","floor":18.0,"turns":3.0},{"damage":8.0,"enemies":"2 Thieves","floor":19.0,"turns":2.0},{"damage":0.0,"enemies":"Snake Plant","floor":20.0,"turns":1.0},{"damage":0.0,"enemies":"Sentry and Sphere","floor":21.0,"turns":3.0},{"damage":10.0,"enemies":"Shelled Parasite and Fungi","floor":22.0,"turns":3.0},{"damage":0.0,"enemies":"Gremlin Leader","floor":23.0,"turns":2.0},{"damage":11.0,"enemies":"Slavers","floor":25.0,"turns":3.0},{"damage":0.0,"enemies":"Snecko","floor":28.0,"turns":2.0},{"damage":0.0,"enemies":"Centurion and Healer","floor":31.0,"turns":2.0},{"damage":18,"enemies":"Pondfish","floor":33,"turns":4}],"seed_played":"-5708156795647048487","potions_obtained":[{"floor":3.0,"key":"Fire Potion"},{"floor":5.0,"key":"Energy Potion"},{"floor":16.0,"key":"Block Potion"},{"floor":18.0,"key":"Explosive Potion"},{"floor":21.0,"key":"Energy Potion"},{"floor":25.0,"key":"FearPotion"},{"floor":28.0,"key":"ColorlessPotion"}],"is_trial":false,"path_per_floor":["M","?","M","?","M","E","R","E","T","R","$","R","E","?","R","B",null,"M","M","M","M","M","E","R","E","T","R","M","$","?","M","R","B"],"character_chosen":"MARISA","items_purchased":["ManaConvection","EnergyFlow"],"campfire_rested":2,"item_purchase_floors":[11,29],"current_hp_per_floor":[75,75,70,70,63,43,43,28,28,28,28,50,32,32,32,8,58,37,29,29,29,19,19,19,8,8,30,30,30,23,23,23,5,5],"gold":168,"neow_bonus":"TRANSFORM_TWO_CARDS","is_daily":false,"chose_seed":false,"campfire_upgraded":5,"win_rate":0.0,"timestamp":1608114271,"path_taken":["M","?","?","?","M","E","R","E","T","R","$","R","E","?","R","BOSS","M","M","?","M","M","E","R","E","T","R","M","$","?","?","R","BOSS"],"items_purchased_type":["Card","Card"],"build_version":"2020-12-13","purchased_purges":1,"victory":false,"max_hp_per_floor":[75,75,75,75,75,75,75,75,75,75,75,75,75,75,75,75,75,75,75,75,75,75,75,75,75,75,75,75,75,75,75,75,75,75],"card_choices":[{"not_picked":["NonDirectionalLaser","ChargeUpSpray"],"picked":"ShootTheMoon","floor":1.0},{"not_picked":["StarBarrage","GrandCross"],"picked":"WitchLeyline","floor":3.0},{"not_picked":["MagicChant","Orbital"],"picked":"Acceleration","floor":5.0},{"not_picked":["AlicesGift","GravityBeat"],"picked":"PropBag","floor":6.0},{"not_picked":["DragonMeteor","DC","OortCloud"],"picked":"SKIP","floor":8.0},{"not_picked":["OneTimeOff","WitchOfGreed"],"picked":"MaximisePower","floor":13.0},{"not_picked":["TreasureHunter","MaximisePower"],"picked":"FinalSpark","floor":16.0},{"not_picked":["ShootingEcho","GravityBeat"],"picked":"OpenUniverse+1","floor":18.0},{"not_picked":["MagicChant","PowerUp"],"picked":"MilkyWay","floor":19.0},{"not_picked":["ShootingEcho","SporeBomb","DC"],"picked":"SKIP","floor":20.0},{"not_picked":["Robbery","AsteroidBelt"],"picked":"BinaryStars","floor":21.0},{"not_picked":["Occultation","ChargeUpSpray"],"picked":"PulseMagic+1","floor":22.0},{"not_picked":["AsteroidBelt","DarkSpark","Acceleration"],"picked":"SKIP","floor":23.0},{"not_picked":["Singularity+1","EventHorizon"],"picked":"GalacticHalo+1","floor":25.0},{"not_picked":["Robbery","OpenUniverse"],"picked":"DeepEcoloBomb+1","floor":28.0},{"not_picked":["SporeBomb","DoubleSpark+1"],"picked":"PowerUp","floor":31.0}],"player_experience":367229,"relics_obtained":[{"floor":1.0,"key":"AddBug"},{"floor":6.0,"key":"LastBattle"},{"floor":8.0,"key":"SecretRecord"},{"floor":8.0,"key":"TungstenRod"},{"floor":13.0,"key":"SecretRecord"},{"floor":13.0,"key":"BreadOfAWashokuLover"},{"floor":18.0,"key":"SecretRecord"},{"floor":18.0,"key":"MiniHakkero"},{"floor":20.0,"key":"SecretRecord"},{"floor":22.0,"key":"SecretRecord"},{"floor":23.0,"key":"SecretRecord"},{"floor":23.0,"key":"Nunchaku"},{"floor":25.0,"key":"SecretRecord"},{"floor":25.0,"key":"Ancient Tea Set"},{"floor":26.0,"key":"Singing Bowl"},{"floor":28.0,"key":"SecretRecord"},{"floor":28.0,"key":"SecretRecord"},{"floor":31.0,"key":"SecretRecord"}],"event_choices":[{"cards_removed":["ShootTheMoon"],"damage_healed":0.0,"max_hp_gain":0.0,"max_hp_loss":0.0,"gold_gain":0.0,"event_name":"WeMeetAgain","player_choice":"Gave Card","floor":2.0,"gold_loss":0.0,"damage_taken":0.0,"relics_obtained":["Tiny Chest"]},{"damage_healed":0.0,"max_hp_gain":0.0,"max_hp_loss":0.0,"gold_gain":0.0,"cards_transformed":["Defend_MRS"],"event_name":"Transmorgrifier","player_choice":"Transformed","floor":14.0,"gold_loss":0.0,"damage_taken":0.0,"cards_obtained":["SuperNova"]},{"damage_healed":0.0,"max_hp_gain":0.0,"max_hp_loss":0.0,"gold_gain":0.0,"event_name":"Wheel of Change","player_choice":"Damaged","floor":30.0,"gold_loss":0.0,"damage_taken":7.0}],"is_beta":false,"boss_relics":[{"not_picked":["Abe\u0027s Treasure","SoulBox"],"picked":"AddBug"}],"items_purged_floors":[29],"is_endless":false,"potions_floor_spawned":[3,5,16,18,21,25,28],"killed_by":"Pondfish","ascension_level":5}}