{"host":"e1zuqie93klo2ncl","time":1608151971,"event":{"mods":["AchievementEnabler","BaseMod","Minty Spire (QoL Compilation)","Relic Stats","StSLib"],"gold_per_floor":[114,130,150,150,162,162,188,188,212,212,20,38,63,82,82,159,159,173,183,183,202,216,216,216,216],"floor_reached":24,"playtime":1312,"items_purged":["Defend_G"],"score":420,"play_id":"991d2a6f-698a-4d9d-baff-93bed96cdffb","local_time":"20201216205251","is_ascension_mode":true,"campfire_choices":[{"data":"Neutralize","floor":6.0,"key":"SMITH"},{"floor":8.0,"key":"REST"},{"floor":10.0,"key":"REST"},{"floor":15.0,"key":"REST"},{"floor":23,"key":"REST"}],"circlet_count":0,"master_deck":["AscendersBane","Strike_G","Strike_G","Strike_G","Strike_G","Defend_G","Defend_G","Defend_G","Defend_G","Survivor","Neutralize+1","Deep Breath","Poisoned Stab","Leg Sweep","All Out Attack","Deadly Poison","Footwork","Deadly Poison","Slice","Skewer","Crippling Poison","Burst","Dodge and Roll","Backflip","Deflect"],"relics":["Ring of the Snake","Boot","Bag of Marbles","Art of War","Cursed Key","Eternal Feather"],"acts_visited":["Exordium","TheCity"],"potions_floor_usage":[21],"damage_taken":[{"damage":0.0,"enemies":"Small Slimes","floor":1.0,"turns":5.0},{"damage":0.0,"enemies":"Jaw Worm","floor":2.0,"turns":4.0},{"damage":3.0,"enemies":"Cultist","floor":3.0,"turns":4.0},{"damage":7.0,"enemies":"3 Louse","floor":5.0,"turns":4.0},{"damage":33.0,"enemies":"Lagavulin","floor":7.0,"turns":7.0},{"damage":7.0,"enemies":"Large Slime","floor":12.0,"turns":5.0},{"damage":24.0,"enemies":"Gremlin Nob","floor":13.0,"turns":4.0},{"damage":8.0,"enemies":"Exordium Wildlife","floor":14.0,"turns":3.0},{"damage":18.0,"enemies":"The Guardian","floor":16.0,"turns":9.0},{"damage":0.0,"enemies":"3 Byrds","floor":18.0,"turns":5.0},{"damage":13.0,"enemies":"Chosen","floor":19.0,"turns":4.0},{"damage":13,"enemies":"Snecko","floor":21,"turns":5},{"damage":12,"enemies":"Chosen and Byrds","floor":22,"turns":6},{"damage":65,"enemies":"Book of Stabbing","floor":24,"turns":6}],"seed_played":"-1780500615827311918","potions_obtained":[{"floor":3.0,"key":"SkillPotion"},{"floor":12.0,"key":"LiquidBronze"},{"floor":13.0,"key":"Ancient Potion"},{"floor":14.0,"key":"SteroidPotion"},{"floor":18.0,"key":"SneckoOil"},{"floor":19.0,"key":"Explosive Potion"}],"is_trial":false,"path_per_floor":["M","M","M","?","M","R","E","R","T","R","$","M","E","M","R","B",null,"M","M","?","M","M","R","E"],"character_chosen":"THE_SILENT","items_purchased":["Deadly Poison","Slice"],"campfire_rested":4,"item_purchase_floors":[11,11],"current_hp_per_floor":[59,59,56,49,42,42,9,28,28,47,47,40,16,8,27,9,52,52,39,39,26,14,48,0,0],"gold":216,"neow_bonus":"RANDOM_COLORLESS","is_daily":false,"chose_seed":false,"campfire_upgraded":1,"win_rate":0.0,"timestamp":1608151971,"path_taken":["M","M","M","?","M","R","E","R","T","R","$","M","E","M","R","BOSS","M","M","?","M","M","R","E"],"items_purchased_type":["Card","Card"],"build_version":"2020-12-13","purchased_purges":1,"victory":false,"max_hp_per_floor":[66,66,66,66,66,66,66,66,66,66,66,66,66,66,66,66,66,66,66,66,66,66,66,66,66],"relic_stats":{"counters":[14,71],"Eternal Feather":15,"Art of War":[4],"Boot":[34],"Cursed Key":0,"obtain_stats":[{"Eternal Feather":20,"Bag of Marbles":9,"Art of War":13,"Boot":7,"Cursed Key":17,"Ring of the Snake":0},{"Eternal Feather":11,"Bag of Marbles":5,"Art of War":7,"Boot":5,"Cursed Key":9,"Ring of the Snake":0},{"Eternal Feather":54,"Bag of Marbles":24,"Art of War":33,"Boot":24,"Cursed Key":45,"Ring of the Snake":0}],"Ring of the Snake":[28]},"card_choices":[{"not_picked":["Forethought","Mind Blast"],"picked":"Deep Breath","floor":0.0},{"not_picked":["Escape Plan","Backflip"],"picked":"Poisoned Stab","floor":1.0},{"not_picked":["Poisoned Stab","Tactician"],"picked":"Leg Sweep","floor":2.0},{"not_picked":["Heel Hook","Quick Slash"],"picked":"All Out Attack","floor":3.0},{"not_picked":["Riddle With Holes","Escape Plan"],"picked":"Deadly Poison","floor":5.0},{"not_picked":["Distraction","Reflex"],"picked":"Footwork","floor":7.0},{"not_picked":["Backflip","Quick Slash"],"picked":"Skewer","floor":12.0},{"not_picked":["Quick Slash","Accuracy"],"picked":"Crippling Poison","floor":13.0},{"not_picked":["Blade Dance","Sucker Punch","Setup"],"picked":"SKIP","floor":14.0},{"not_picked":["Corpse Explosion","Phantasmal Killer"],"picked":"Burst","floor":16.0},{"not_picked":["Deadly Poison","Endless Agony"],"picked":"Dodge and Roll","floor":18.0},{"not_picked":["Infinite Blades","Dodge and Roll","Reflex"],"picked":"SKIP","floor":19.0},{"not_picked":["Underhanded Strike+1","Acrobatics"],"picked":"Backflip","floor":21},{"not_picked":["Terror","Flying Knee"],"picked":"Deflect","floor":22}],"player_experience":786447,"relics_obtained":[{"floor":7.0,"key":"Boot"},{"floor":9.0,"key":"Bag of Marbles"},{"floor":13.0,"key":"Art of War"}],"event_choices":[{"cards_removed":["Strike_G"],"damage_healed":0.0,"max_hp_gain":0.0,"max_hp_loss":0.0,"gold_gain":0.0,"event_name":"Golden Wing","player_choice":"Card Removal","floor":4.0,"gold_loss":0.0,"damage_taken":7.0},{"damage_healed":0.0,"max_hp_gain":0.0,"max_hp_loss":0.0,"gold_gain":0.0,"event_name":"WeMeetAgain","player_choice":"Gave Potion","floor":20.0,"gold_loss":0.0,"damage_taken":0.0,"relics_obtained":["Eternal Feather"]}],"is_beta":false,"boss_relics":[{"not_picked":["SacredBark","Coffee Dripper"],"picked":"Cursed Key"}],"items_purged_floors":[11],"is_endless":false,"potions_floor_spawned":[3,12,13,14,18,19],"killed_by":"Book of Stabbing","ascension_level":20}}