{"host":"vpa65ctvwhttzxlr","time":1608113118,"event":{"mods":["BaseMod","Minty Spire (QoL Compilation)","StSLib","The Bug Knight"],"gold_per_floor":[112,123,123,123,139,139,154,166,166,193,211,223,62,62,62,165,165,148,0,0,70,89,89,104,104,104],"floor_reached":25,"playtime":1280,"items_purged":[],"score":205,"play_id":"cccb1d24-b130-4ef8-ad83-66e944b45807","local_time":"20201216040518","is_ascension_mode":false,"campfire_choices":[{"data":"HollowMod:DashSlash","floor":6,"key":"SMITH"},{"floor":15,"key":"RECALL"},{"floor":23,"key":"REST"}],"circlet_count":0,"master_deck":["HollowMod:NailStrikeStart","HollowMod:NailStrikeStart","HollowMod:QuickDashStart","HollowMod:QuickDashStart","HollowMod:QuickDashStart","HollowMod:FocusHealStart","HollowMod:PogoStrike","HollowMod:SharpenedNail","HollowMod:SiblingsSouls+1","HollowMod:DashSlash+1","HollowMod:RecoilStrike","HollowMod:GrimmsGift","HollowMod:SoulShaman","HollowMod:SoulEater","HollowMod:SoulEater","HollowMod:BaldurShell","Flash of Steel","HollowMod:Weaversong","HollowMod:HeavyBlow+1","HollowMod:MawleksShell","HollowMod:CloakDash","HollowMod:SoulSplash","HollowMod:SoulSplash"],"relics":["HollowMod:VesselMask","NeowsBlessing","HollowMod:MantisClawRelic","SacredBark","Question Card"],"acts_visited":["Exordium","TheCity"],"potions_floor_usage":[10,16,16,24],"damage_taken":[{"damage":0,"enemies":"Cultist","floor":1,"turns":1},{"damage":0,"enemies":"2 Louse","floor":2,"turns":1},{"damage":0,"enemies":"Jaw Worm","floor":5,"turns":1},{"damage":3,"enemies":"Blue Slaver","floor":7,"turns":3},{"damage":1,"enemies":"Exordium Wildlife","floor":8,"turns":4},{"damage":5,"enemies":"3 Sentries","floor":10,"turns":8},{"damage":0,"enemies":"Looter","floor":11,"turns":2},{"damage":0,"enemies":"Large Slime","floor":12,"turns":5},{"damage":57,"enemies":"Hexaghost","floor":16,"turns":11},{"damage":29,"enemies":"2 Thieves","floor":18,"turns":4},{"damage":34,"enemies":"HollowMod:HuskSentry","floor":22,"turns":7},{"damage":26,"enemies":"Centurion and Healer","floor":24,"turns":4},{"damage":23,"enemies":"Snake Plant","floor":25,"turns":2}],"seed_played":"-8921987946556845611","potions_obtained":[{"floor":1,"key":"Dexterity Potion"},{"floor":10,"key":"SmokeBomb"},{"floor":11,"key":"AttackPotion"},{"floor":12,"key":"PowerPotion"},{"floor":16,"key":"Fire Potion"},{"floor":22,"key":"FearPotion"}],"is_trial":false,"path_per_floor":["M","M","?","?","M","R","M","M","T","E","M","M","$","?","R","B",null,"M","?","?","T","M","R","M","M"],"character_chosen":"THE_BUGKNIGHT","items_purchased":["HollowMod:BaldurShell","Flash of Steel"],"campfire_rested":1,"item_purchase_floors":[13,13],"current_hp_per_floor":[75,75,75,75,75,75,72,75,75,70,70,75,75,68,68,21,75,52,52,52,52,24,46,20,0,0],"gold":104,"neow_bonus":"THREE_ENEMY_KILL","is_daily":false,"chose_seed":false,"campfire_upgraded":1,"win_rate":0.0,"timestamp":1608113118,"path_taken":["M","M","?","?","M","R","M","?","T","E","M","M","$","?","R","BOSS","M","?","?","?","M","R","M","M"],"items_purchased_type":["Card","Card"],"build_version":"2020-12-13","purchased_purges":0,"victory":false,"max_hp_per_floor":[75,75,75,75,75,75,75,75,75,75,75,75,75,75,75,75,75,75,75,75,75,75,75,75,75,75],"card_choices":[{"not_picked":["HollowMod:SiblingsShadow","HollowMod:FallenFury"],"picked":"HollowMod:SharpenedNail","floor":1},{"not_picked":["HollowMod:SharpenedNail","HollowMod:DescendingDark"],"picked":"HollowMod:SiblingsSouls","floor":2},{"not_picked":["HollowMod:SiblingsSouls","HollowMod:GreatSlash"],"picked":"HollowMod:DashSlash","floor":5},{"not_picked":["HollowMod:HowlingWraiths","HollowMod:HeavyBlow"],"picked":"HollowMod:RecoilStrike","floor":7},{"not_picked":["HollowMod:SoulStrike","HollowMod:GoodIntentions"],"picked":"HollowMod:GrimmsGift","floor":8},{"not_picked":["HollowMod:ShadowDash","HollowMod:DescendingDark"],"picked":"HollowMod:SoulShaman","floor":10},{"not_picked":["HollowMod:NewJinnsSoul","HollowMod:WraithStrike"],"picked":"HollowMod:SoulEater","floor":11},{"not_picked":["HollowMod:NewLittleFool","HollowMod:MawleksShell"],"picked":"HollowMod:SoulEater","floor":12},{"not_picked":["HollowMod:MidwifesHunger","HollowMod:SoulMaster"],"picked":"HollowMod:Weaversong","floor":16},{"not_picked":["HollowMod:SoulStrike+1","HollowMod:SoulShaman+1"],"picked":"HollowMod:HeavyBlow+1","floor":18},{"not_picked":["HollowMod:DreamGate","HollowMod:SoulStrike","HollowMod:HeavyBlow"],"picked":"HollowMod:SoulSplash","floor":22},{"not_picked":["HollowMod:SiblingsShadow","HollowMod:InfectionAssault","HollowMod:FallenFury"],"picked":"HollowMod:SoulSplash","floor":24}],"player_experience":272957,"relics_obtained":[{"floor":10,"key":"HollowMod:MantisClawRelic"},{"floor":21,"key":"Question Card"}],"event_choices":[{"damage_healed":0,"gold_gain":0,"player_choice":"Grow","damage_taken":0,"max_hp_gain":0,"max_hp_loss":0,"event_name":"Living Wall","floor":3,"gold_loss":0,"cards_upgraded":["HollowMod:SiblingsSouls"]},{"damage_healed":0,"gold_gain":0,"player_choice":"Bought 0 Potions","damage_taken":0,"max_hp_gain":0,"max_hp_loss":0,"event_name":"The Woman in Blue","floor":4,"gold_loss":0},{"cards_removed":["HollowMod:QuickDashStart"],"damage_healed":0,"gold_gain":0,"player_choice":"Card Removal","damage_taken":7,"max_hp_gain":0,"max_hp_loss":0,"event_name":"Golden Wing","floor":14,"gold_loss":0},{"damage_healed":0,"gold_gain":0,"player_choice":"Paid Fearfully","damage_taken":0,"max_hp_gain":0,"max_hp_loss":0,"event_name":"Masked Bandits","floor":19,"gold_loss":148},{"damage_healed":0,"gold_gain":0,"cards_transformed":["HollowMod:NailStrikeStart","HollowMod:NailStrikeStart"],"player_choice":"Became Test Subject","damage_taken":0,"max_hp_gain":0,"max_hp_loss":0,"event_name":"Drug Dealer","floor":20,"gold_loss":0,"cards_obtained":["HollowMod:MawleksShell","HollowMod:CloakDash"]}],"is_beta":false,"boss_relics":[{"not_picked":["Astrolabe","Fusion Hammer"],"picked":"SacredBark"}],"items_purged_floors":[],"is_endless":false,"potions_floor_spawned":[1,10,11,12,16,22],"killed_by":"Snake Plant","ascension_level":0}}