{"host":"xd65qjbyzjofymz6","time":1608147009,"event":{"mods":["2.2 Compatiblity","AchievementEnabler","Act Like it!","BaseMod","Better Match","Better Sensory Stone","BetterRewards","Challenge The Spire","Colored Map","Colored Powertips","Conspire","Downfall","Friendly Minions","GifTheSpireLib","Highlight Path","Hubris","Minty Spire (QoL Compilation)","Quarter Circle Forward PUNCH!","Quick Restart","Rare Cards Sparkle","Replay The Spire","StSLib","Stuff the Spire","Transform Curses","Wandering Minibosses"],"gold_per_floor":[99,111,130,130,115,115,115,135,135,167,186,89,101,117,130,233,233,83,112,112,97,97,97,178,188,113,138,157,176,176,196,214,312,312,312,212,227,247,260,260,260,274,274,306,291,291,307,327,340,340],"floor_reached":51,"playtime":4230,"items_purged":["Regret"],"score":698,"play_id":"3a3ab6a9-3cda-4ec5-bb91-73fdf332c520","local_time":"20201216203009","is_ascension_mode":false,"campfire_choices":[{"data":"champ:Taunt","floor":1,"key":"SMITH"},{"floor":4,"key":"RECALL"},{"data":"champ:Improvising","floor":18,"key":"SMITH"},{"data":"champ:SwordThrow","floor":20,"key":"SMITH"},{"data":"champ:Circumvent","floor":22,"key":"SMITH"},{"floor":26,"key":"REST"},{"data":"champ:CheapShot","floor":35,"key":"SMITH"},{"data":"champ:SteelEdge","floor":43,"key":"SMITH"}],"circlet_count":0,"master_deck":["champ:Strike+1","champ:Strike+1","champ:Strike+1","champ:Strike+1","champ:Defend+1","champ:Defend","champ:Defend","champ:Defend","champ:Execute","champ:Taunt+1","champ:TornadoPunch","champ:Circumvent+1","champ:BringItOn","champ:VampiricStrike","champ:AdrenalArmor","champ:PerfectedStrike","champ:Backstep","champ:SwordThrow+1","champ:BerserkersShout+1","champ:Improvising+1","champ:FocusedGladiator","champ:BringItOn+1","champ:SteelEdge+1","champ:CrookedStrike","champ:GladiatorStyle","champ:Duel+1","champ:CheapShot+1","champ:BerserkerStyle+1","champ:ArenaPreparation","champ:PerfectedStrike+1","champ:Improvising+1","champ:FanOfKnives+1","champ:PerfectForm","champ:Haymaker+1"],"relics":["champ:ChampionCrown","StuffTheSpire:GrapeVine","StoneCalendar","StuffTheSpire:Wildfire","ReplayTheSpireMod:CursedCoin","hubris:OldNail","Black Star","downfall:HeartBlessingRed","downfall:HeartBlessingGreen","Pondfish Scales","downfall:HeartBlessingBlue","qcfpunch:Army_Boots","Counterbalance","conspire:SpecialSausage","Mirror","War Paint","Toy Ornithopter","Replay:Bottled Eggs"],"acts_visited":["Exordium","TheCity","TheBeyond"],"potions_floor_usage":[15,16,19,32],"damage_taken":[{"damage":7,"enemies":"Cultist","floor":2,"turns":5},{"damage":0,"enemies":"Small Slimes","floor":3,"turns":4},{"damage":10,"enemies":"downfall:FleeingMerchant","floor":5,"turns":4},{"damage":1,"enemies":"Jaw Worm","floor":8,"turns":5},{"damage":9,"enemies":"Lagavulin","floor":10,"turns":7},{"damage":14,"enemies":"2 Fungi Beasts","floor":11,"turns":4},{"damage":25,"enemies":"downfall:FleeingMerchant","floor":12,"turns":4},{"damage":0,"enemies":"Gremlin Gang","floor":13,"turns":6},{"damage":5,"enemies":"Red Slaver","floor":14,"turns":4},{"damage":6,"enemies":"Lots of Slimes","floor":15,"turns":2},{"damage":54,"enemies":"downfall:Ironclad","floor":16,"turns":7},{"damage":64,"enemies":"Book of Stabbing","floor":19,"turns":6},{"damage":15,"enemies":"downfall:FleeingMerchant","floor":21,"turns":4},{"damage":36,"enemies":"Spheric Guardian","floor":25,"turns":7},{"damage":45,"enemies":"Slavers","floor":27,"turns":7},{"damage":16,"enemies":"Shell Parasite","floor":28,"turns":6},{"damage":29,"enemies":"Centurion and Healer","floor":29,"turns":7},{"damage":12,"enemies":"Shelled Parasite and Fungi","floor":31,"turns":4},{"damage":12,"enemies":"Snecko","floor":32,"turns":6},{"damage":35,"enemies":"downfall:Defect","floor":33,"turns":9},{"damage":7,"enemies":"Orb Walker","floor":37,"turns":2},{"damage":21,"enemies":"3 Darklings","floor":38,"turns":4},{"damage":6,"enemies":"Jaw Worm Horde","floor":39,"turns":4},{"damage":40,"enemies":"4 Shapes","floor":42,"turns":4},{"damage":33,"enemies":"R_Hoarder","floor":44,"turns":5},{"damage":11,"enemies":"downfall:FleeingMerchant","floor":45,"turns":4},{"damage":34,"enemies":"Writhing Mass","floor":47,"turns":4},{"damage":18,"enemies":"Sphere and 2 Shapes","floor":48,"turns":3},{"damage":24,"enemies":"Spire Growth","floor":49,"turns":4},{"damage":84,"enemies":"downfall:Silent","floor":50,"turns":5}],"seed_played":"-2024409330454348849","potions_obtained":[{"floor":8,"key":"Explosive Potion"},{"floor":10,"key":"Flashbang"},{"floor":14,"key":"Adrenaline Potion"},{"floor":15,"key":"Reflective Coating"},{"floor":16,"key":"Adrenaline Potion"},{"floor":27,"key":"Guardian:BlockOnCardUsePotion"},{"floor":33,"key":"ColorlessPotion"}],"is_trial":false,"path_per_floor":["R","M","M","R","$","?","T","M","T","E","M","$","M","M","M","B",null,"R","E","R","$","R","?","T","M","R","E","M","M","?","M","M","B",null,"R","NS","M","M","M","T","T","M","R","E","$","?","M","M","M","B",null],"character_chosen":"THE_CHAMP","items_purchased":["ReplayTheSpireMod:CursedCoin","hubris:OldNail"],"campfire_rested":1,"item_purchase_floors":[12,12],"current_hp_per_floor":[99,97,97,97,97,97,97,96,96,95,95,88,98,99,95,76,99,99,57,57,57,57,57,57,34,76,58,61,65,65,65,79,63,109,109,109,109,91,106,106,106,81,81,109,109,109,85,82,94,54],"gold":340,"neow_bonus":"TEN_PERCENT_HP_BONUS","is_daily":false,"chose_seed":false,"campfire_upgraded":6,"win_rate":0.0,"timestamp":1608147009,"path_taken":["R","M","M","R","$","?","T","?","?","E","M","$","?","M","M","BOSS","R","E","R","?","R","?","T","M","R","E","M","M","?","M","M","BOSS","R","NS","?","M","M","?","T","M","R","E","$","?","?","M","M","BOSS"],"items_purchased_type":["Relic","Relic"],"build_version":"2020-12-13","purchased_purges":1,"victory":true,"max_hp_per_floor":[99,99,99,99,99,99,99,99,99,99,99,99,99,99,99,99,99,99,99,99,99,99,99,99,99,109,109,109,109,109,109,109,109,109,109,109,109,109,109,109,109,109,109,109,109,109,109,109,109,109],"card_choices":[{"not_picked":["champ:BringItOn","champ:FlashCut"],"picked":"champ:TornadoPunch","floor":2},{"not_picked":["champ:DefensiveShout","champ:EndlessRage"],"picked":"champ:Circumvent","floor":3},{"not_picked":["champ:HeartStrike","champ:DefensiveStyle"],"picked":"champ:BringItOn","floor":5},{"not_picked":["champ:DefensiveShout","champ:StanceDance"],"picked":"champ:VampiricStrike","floor":8},{"not_picked":["champ:ShieldWall","champ:BladeFlurry"],"picked":"champ:AdrenalArmor","floor":10},{"not_picked":["champ:BringItOn","champ:IronFortress"],"picked":"champ:PerfectedStrike","floor":11},{"not_picked":["champ:FightOn","champ:BladeFlurry"],"picked":"champ:Backstep","floor":12},{"not_picked":["champ:StanceDance","champ:RecklessLeap"],"picked":"champ:SwordThrow","floor":13},{"not_picked":["champ:Backstep","champ:GladiatorsShout","champ:TornadoPunch"],"picked":"SKIP","floor":14},{"not_picked":["champ:DeathBlow","champ:FlashCut"],"picked":"champ:BerserkersShout","floor":15},{"not_picked":["champ:DancingMaster","champ:StrikeOfGenius"],"picked":"champ:Improvising","floor":16},{"not_picked":["champ:FanOfKnives","champ:BladeFlurry+1"],"picked":"champ:CalledShot+1","floor":19},{"not_picked":["champ:BringItOn","champ:Haymaker"],"picked":"champ:FocusedGladiator","floor":21},{"not_picked":["champ:PreciseThrust","champ:AdrenalArmor"],"picked":"champ:BringItOn+1","floor":25},{"not_picked":["champ:PreciseThrust","champ:FlashCut"],"picked":"champ:SteelEdge","floor":27},{"not_picked":["champ:FaceSlap+1","champ:BringItOn+1"],"picked":"champ:CrookedStrike","floor":28},{"not_picked":["champ:RisingSlash+1","champ:IronFortress"],"picked":"champ:GladiatorStyle","floor":29},{"not_picked":["champ:GutPunch","champ:FaceSlap"],"picked":"champ:FanOfKnives+1","floor":31},{"not_picked":["champ:StanceDance","champ:Riposte"],"picked":"champ:Duel+1","floor":32},{"not_picked":["champ:SwordThrow","champ:Devastate"],"picked":"champ:CheapShot","floor":33},{"not_picked":["champ:EndlessRage+1","champ:IronFortress+1","champ:RisingSlash+1"],"picked":"SKIP","floor":37},{"not_picked":["champ:HeartStrike","champ:Lariat"],"picked":"champ:BerserkerStyle+1","floor":38},{"not_picked":["champ:CrookedStrike+1","champ:EnragedBash"],"picked":"champ:ArenaPreparation","floor":39},{"not_picked":["champ:Backstep+1","champ:StanceDance+1","champ:CrookedStrike+1"],"picked":"SKIP","floor":42},{"not_picked":["champ:Riposte","champ:Backstep","champ:BerserkersShout+1"],"picked":"SKIP","floor":44},{"not_picked":["champ:FightOn","champ:FocusedGladiator+1"],"picked":"champ:PerfectedStrike+1","floor":45},{"not_picked":["champ:EnragedBash","champ:IronFortress"],"picked":"champ:FanOfKnives+1","floor":47},{"not_picked":["champ:GladiatorsShout+1","champ:GutPunch+1"],"picked":"champ:PerfectForm","floor":48},{"not_picked":["champ:Encircle+1","champ:DefensiveShout+1"],"picked":"champ:Haymaker+1","floor":49}],"player_experience":318000,"relics_obtained":[{"floor":7,"key":"StuffTheSpire:GrapeVine"},{"floor":9,"key":"StoneCalendar"},{"floor":10,"key":"StuffTheSpire:Wildfire"},{"floor":19,"key":"Pondfish Scales"},{"floor":27,"key":"qcfpunch:Army_Boots"},{"floor":27,"key":"Counterbalance"},{"floor":40,"key":"Mirror"},{"floor":41,"key":"War Paint"},{"floor":44,"key":"Toy Ornithopter"},{"floor":44,"key":"Replay:Bottled Eggs"}],"event_choices":[{"damage_healed":0,"gold_gain":0,"player_choice":"Ignored","damage_taken":0,"max_hp_gain":0,"max_hp_loss":0,"event_name":"NoteForYourself","floor":6,"gold_loss":0},{"damage_healed":0,"gold_gain":0,"player_choice":"Copied","damage_taken":0,"max_hp_gain":0,"max_hp_loss":0,"event_name":"Duplicator","floor":46,"gold_loss":0,"cards_obtained":["champ:Improvising"]}],"is_beta":false,"boss_relics":[{"not_picked":["Busted Crown","StuffTheSpire:RunicHypercube"],"picked":"Black Star"},{"not_picked":["Runic Dome","SacredBark"],"picked":"conspire:SpecialSausage"}],"items_purged_floors":[12],"is_endless":false,"potions_floor_spawned":[8,10,14,15,16,27,28,29,33,37,42,48,49],"ascension_level":0}}