{"host":"c9m2z2wmcavfgdp8","time":1608143919,"event":{"mods":["2.2 Compatiblity","Act Like it!","Aspiration","BaseMod","Better Third Choice","Conspire","Downfall","Ekko","Elementarium","Energized Spire","Friendly Minions","GifTheSpireLib","Hallownest","Hermit","Hubris","Infinite Spire","Jorbs\u0027s Wanderer Trilogy","Koishi","Luminous","Marisa????????","Menagerie","Minty Spire (QoL Compilation)","Pale of the Ancients","Permanent Neow","Potionbrewer","Prisma Mod","READ ME - Guardian Mod","Remilia??????","Replay The Spire","SCP261 Mod","Shop Mod","StSLib","The Animator","The Blackbeard","The Bug Knight","The Cursed","The Death Knight","The Disciple","The Exalted","The Hierophant","The Necromancer","The Servant 0.9.4","TheBandit","TheFirefly"],"gold_per_floor":[99,99,99,113,113,145,196,226,226,226,226],"floor_reached":10,"playtime":486,"items_purged":[],"score":72,"play_id":"459bc0b0-15a6-4f87-a1ea-151e0b4989a1","local_time":"20201216193839","is_ascension_mode":false,"campfire_choices":[{"data":"Requiem","floor":1,"key":"SMITH"},{"data":"Negative_Energy_Arrows","floor":3,"key":"SMITH"},{"floor":5,"key":"RECALL"}],"circlet_count":0,"master_deck":["Strike_W+1","Strike_W","Defend_W","Defend_W","Defend_W","Negative_Energy_Arrows+1","Bone_Wall","hubris:Lust","Consume_Illness","Requiem+1","Vampiric_Strike","Hellfire","Defend_W"],"relics":["Vampire_Amulet","Happy Flower","Replay:Wax Seal","hubris:Potato"],"acts_visited":["Exordium"],"potions_floor_usage":[10],"damage_taken":[{"damage":13,"enemies":"Jaw Worm","floor":4,"turns":3},{"damage":33,"enemies":"3 Sentries","floor":6,"turns":10},{"damage":41,"enemies":"Lagavulin","floor":8,"turns":4},{"damage":0,"enemies":"Gremlin Nob","floor":10,"turns":2}],"seed_played":"2768454453199315842","potions_obtained":[{"floor":6,"key":"potionbrewer:MidasPotion"},{"floor":8,"key":"PowerPotion"}],"is_trial":false,"path_per_floor":["R","?","R","M","R","E","T","E","?","E"],"character_chosen":"NECROMANCER","items_purchased":[],"campfire_rested":0,"item_purchase_floors":[],"current_hp_per_floor":[75,75,75,64,64,43,43,6,6,6,6],"gold":226,"neow_bonus":"TRANSFORM_TWO_CARDS","is_daily":false,"chose_seed":false,"campfire_upgraded":2,"win_rate":0.0,"timestamp":1608143919,"path_taken":["R","?","R","M","R","E","T","E","?","E"],"items_purchased_type":[],"build_version":"2020-12-13","purchased_purges":0,"victory":false,"max_hp_per_floor":[75,75,75,75,75,75,75,75,75,75,75],"card_choices":[{"not_picked":["Blood_Whip","Violent_Necrosis"],"picked":"Vampiric_Strike","floor":4},{"not_picked":["Blood_for_Blood","Necromantic_Selection"],"picked":"Hellfire","floor":6},{"not_picked":["Blood_Curse","Scare","Negative_Energy_Mist"],"picked":"SKIP","floor":8}],"player_experience":1637309,"relics_obtained":[{"floor":6,"key":"Happy Flower"},{"floor":7,"key":"Replay:Wax Seal"},{"floor":8,"key":"hubris:Potato"}],"event_choices":[{"cards_removed":["Strike_W"],"damage_healed":0,"gold_gain":0,"player_choice":"Took Card","damage_taken":0,"max_hp_gain":0,"max_hp_loss":0,"event_name":"NoteForYourself","floor":9,"gold_loss":0,"cards_obtained":["Defend_W"]}],"is_beta":false,"boss_relics":[],"items_purged_floors":[],"is_endless":false,"potions_floor_spawned":[6,8],"killed_by":"Gremlin Nob","ascension_level":0}}