{"host":"pvi1ua0l3an81qfu","time":1608154120,"event":{"mods":["AchievementEnabler","BaseMod","Curses Come First","Highlight Path","Infinite Spire","Minty Spire (QoL Compilation)","Quick Restart","Replay The Spire","Shop Mod","StSLib"],"gold_per_floor":[114,131,23,23,23,55,55,75,100,110,110,144,144,161,161,261,261,277,295,295,235,235,235,235,261,261,261,277,312,312,328,328,425,425,471,471,471,471,471,534,534,601,601,601,501,552,601,657,657,803,803,860,860,860,921,921,921,921,965,1040,820,868,868,916,987,987,1104,1104,1169,1169,1246,897,974,1049,1049,1145,1194,1194,1194,1300,1312,1009,1009,1174,1224,1312,1406,1406,1503,1606,1606,1740,1740,1740,1514,1514,1640,1640,1779,1779,1990,1990,2124,2124,2152,2291,2291,2291,2469,2143,2192,2366,2366,2082,2082,2227,2227,2434,2534,2712,2894,3088,3115,2729,2926,2926,3136,3205,3438,3108,3333,3059,3158,3158,3153,3153],"floor_reached":135,"playtime":13949,"items_purged":["Strike_G","Strike_G","Strike_G","Skewer+1","Eviscerate+1","Defend_G+1","Skewer+1","Fluid Movement+1","Noxious Fumes+1"],"score":3874,"play_id":"e6d8e91c-8694-401c-97be-49fe37438180","local_time":"20201216232840","is_ascension_mode":true,"campfire_choices":[{"data":"Noxious Fumes","floor":7.0,"key":"SMITH"},{"data":"Accuracy","floor":11.0,"key":"SMITH"},{"data":"Infinite Blades","floor":13.0,"key":"SMITH"},{"data":"Blade Dance","floor":15.0,"key":"SMITH"},{"data":"Cloak And Dagger","floor":23.0,"key":"SMITH"},{"data":"Cloak And Dagger","floor":27.0,"key":"SMITH"},{"floor":32.0,"key":"REST"},{"data":"Adrenaline","floor":41.0,"key":"SMITH"},{"data":"Neutralize","floor":44.0,"key":"SMITH"},{"data":"Infinite Blades","floor":49.0,"key":"SMITH"},{"data":"Defend_G","floor":57.0,"key":"SMITH"},{"data":"Fluid Movement","floor":63.0,"key":"SMITH"},{"floor":66.0,"key":"REST"},{"floor":78.0,"key":"REST"},{"floor":83.0,"key":"DIG"},{"floor":91.0,"key":"DIG"},{"data":"Accuracy","floor":93.0,"key":"SMITH"},{"floor":96.0,"key":"DIG"},{"data":"1","floor":100.0,"key":"LIFT"},{"data":"2","floor":108.0,"key":"LIFT"},{"data":"3","floor":113.0,"key":"LIFT"},{"floor":117.0,"key":"REST"},{"data":"Replay:Fractal Strike+1","floor":126.0,"key":"PURGE"},{"floor":134.0,"key":"DIG"}],"circlet_count":0,"master_deck":["Defend_G+1","Neutralize+1","Blade Dance+1","Infinite Blades+1","Accuracy+1","Cloak And Dagger+1","Adrenaline+1","Accuracy+1","Cloak And Dagger+1","Quick Slash+1","Blade Dance+1","Infinite Blades+1","A Thousand Cuts+1","Adrenaline+1","Cloak And Dagger+1","Accuracy+1","Envenom+1","Pot Of Greed+1","Pot Of Greed+1","Accuracy+1","Envenom+1","After Image+1","Envenom+1","Pot Of Greed+1","Caltrops+1"],"relics":["PureWater","NeowsBlessing","infinitespire:Cubic Diamond","Bag of Preparation","Juzu Bracelet","Replay:Bottled Steam","SacredBark","Garlic","Mummified Hand","ReplayTheSpireMod:Lightbulb","infinitespire:EvilPickle","Toolbox","Astrolabe","infinitespire:CheckeredPen","Pantograph","infinitespire:Bottled Soul","Black Star","infinitespire:BottledMercury","Golden Egg","Membership Card","Matryoshka","Replay:Bottled Snecko","Toxic Egg 2","infinitespire:Broken Mirror","Runic Pyramid","Replay:Multitool","Replay:Bandana","Sundial","Mercury Hourglass","Tiny Chest","Durian","ReplayTheSpireMod:TigerMarble","Bronze Scales","Pet Ghost","MutagenicStrength","Anchor","MawBank","ReplayTheSpireMod:Ninjato","HandDrill","Happy Flower","Tiny House","infinitespire:Eraser","Simple Rune","Grinning Jar","Whetstone","War Paint","Girya","Oddly Smooth Stone","CaptainsWheel","Iron Hammer","Omamori","Vajra","infinitespire:Beetle Shell","Boot","Odd Mushroom","Gremlin Food","Eternal Feather","Letter Opener","Divine Protection","TheAbacus","Replay:Mystery Machine","infinitespire:Satchel","Orichalcum","Regal Pillow","Pen Nib","MerchantsRug","Kunai","Replay:Wanted Poster","Lantern","Torii","Onion Ring","Mirror","Blue Doll","Replay:Accelerometer","MealTicket","Meat on the Bone","Bottled Tornado","Replay:Bottled Eggs","Frozen Egg 2","Pear","Lee\u0027s Waffle","Toy Ornithopter","infinitespire:Lychee Nut","Replay:Rubber Ducky","Shuriken","OrangePellets"],"acts_visited":["Exordium","TheCity","TheBeyond","Exordium","TheCity","TheBeyond","Exordium","TheCity"],"potions_floor_usage":[135],"damage_taken":[{"damage":0.0,"enemies":"Jaw Worm","floor":1.0,"turns":1.0},{"damage":0.0,"enemies":"2 Louse","floor":2.0,"turns":1.0},{"damage":0.0,"enemies":"Lagavulin","floor":6.0,"turns":3.0},{"damage":1.0,"enemies":"Cultist","floor":8.0,"turns":4.0},{"damage":6.0,"enemies":"3 Louse","floor":10.0,"turns":3.0},{"damage":6.0,"enemies":"Gremlin Nob","floor":12.0,"turns":3.0},{"damage":3.0,"enemies":"Gremlin Gang","floor":14.0,"turns":4.0},{"damage":24.0,"enemies":"The Guardian","floor":16.0,"turns":9.0},{"damage":0.0,"enemies":"Spheric Guardian","floor":18.0,"turns":3.0},{"damage":18.0,"enemies":"2 Thieves","floor":19.0,"turns":3.0},{"damage":2.0,"enemies":"Slavers","floor":25.0,"turns":3.0},{"damage":0.0,"enemies":"Sentry and Sphere","floor":28.0,"turns":3.0},{"damage":19.0,"enemies":"Nightmare","floor":29.0,"turns":6.0},{"damage":0.0,"enemies":"Cultist and Chosen","floor":31.0,"turns":4.0},{"damage":14.0,"enemies":"Pondfish","floor":33.0,"turns":7.0},{"damage":6.0,"enemies":"3 Shapes","floor":35.0,"turns":3.0},{"damage":7.0,"enemies":"Giant Head","floor":40.0,"turns":5.0},{"damage":0.0,"enemies":"Reptomancer","floor":42.0,"turns":2.0},{"damage":0.0,"enemies":"Orb Walker","floor":46.0,"turns":2.0},{"damage":0.0,"enemies":"Spire Growth","floor":47.0,"turns":2.0},{"damage":0.0,"enemies":"Transient","floor":48.0,"turns":5.0},{"damage":24.0,"enemies":"Donu and Deca","floor":50.0,"turns":5.0},{"damage":0.0,"enemies":"Cultist","floor":52.0,"turns":1.0},{"damage":0.0,"enemies":"2 Louse","floor":55.0,"turns":1.0},{"damage":7.0,"enemies":"3 Sentries","floor":59.0,"turns":2.0},{"damage":0.0,"enemies":"3 Sentries","floor":62.0,"turns":3.0},{"damage":5.0,"enemies":"Jaw Worm","floor":64.0,"turns":2.0},{"damage":0.0,"enemies":"Gremlin Nob","floor":65.0,"turns":2.0},{"damage":18.0,"enemies":"The Guardian","floor":67.0,"turns":4.0},{"damage":0.0,"enemies":"Chosen","floor":69.0,"turns":1.0},{"damage":0.0,"enemies":"Spheric Guardian","floor":71.0,"turns":1.0},{"damage":4.0,"enemies":"Cultist and Chosen","floor":73.0,"turns":2.0},{"damage":97.0,"enemies":"Nightmare","floor":74.0,"turns":5.0},{"damage":0.0,"enemies":"Gremlin Leader","floor":76.0,"turns":2.0},{"damage":0.0,"enemies":"Slavers","floor":80.0,"turns":1.0},{"damage":0.0,"enemies":"Champ","floor":84.0,"turns":1.0},{"damage":0.0,"enemies":"Orb Walker","floor":86.0,"turns":2.0},{"damage":0.0,"enemies":"3 Darklings","floor":87.0,"turns":1.0},{"damage":0.0,"enemies":"Spire Growth","floor":89.0,"turns":1.0},{"damage":0.0,"enemies":"4 Shapes","floor":90.0,"turns":1.0},{"damage":0.0,"enemies":"Giant Head","floor":92.0,"turns":1.0},{"damage":0.0,"enemies":"R_Hoarder","floor":97.0,"turns":3.0},{"damage":0.0,"enemies":"Nemesis","floor":99.0,"turns":2.0},{"damage":0.0,"enemies":"infinitespire:MassOfShapes","floor":101.0,"turns":1.0},{"damage":0.0,"enemies":"Jaw Worm","floor":103.0,"turns":1.0},{"damage":0.0,"enemies":"The Mushroom Lair","floor":105.0,"turns":2.0},{"damage":0.0,"enemies":"Cultist","floor":106.0,"turns":2.0},{"damage":0.0,"enemies":"Gremlin Nob","floor":109.0,"turns":1.0},{"damage":0.0,"enemies":"3 Sentries","floor":112.0,"turns":2.0},{"damage":0.0,"enemies":"2 Louse","floor":116.0,"turns":1.0},{"damage":0.0,"enemies":"Fading Forest","floor":118.0,"turns":5.0},{"damage":0.0,"enemies":"Shell Parasite","floor":120.0,"turns":1.0},{"damage":0.0,"enemies":"3 Byrds","floor":121.0,"turns":2.0},{"damage":0.0,"enemies":"Snake Plant","floor":122.0,"turns":2.0},{"damage":0.0,"enemies":"Gremlin Leader","floor":125.0,"turns":2.0},{"damage":24.0,"enemies":"Slavers","floor":127.0,"turns":2.0},{"damage":0.0,"enemies":"Gremlin Leader","floor":129.0,"turns":2.0},{"damage":0.0,"enemies":"Slavers","floor":131.0,"turns":2.0},{"damage":45,"enemies":"infinitespire:LordOfFortification","floor":135,"turns":3}],"seed_played":"6245394443231037945","potions_obtained":[{"floor":1.0,"key":"DuplicationPotion"},{"floor":8.0,"key":"Toxic Potion"},{"floor":12.0,"key":"LiquidBronze"},{"floor":18.0,"key":"CunningPotion"},{"floor":25.0,"key":"Block Potion"},{"floor":35.0,"key":"Dexterity Potion"},{"floor":46.0,"key":"BlessingOfTheForge"},{"floor":50.0,"key":"Regen Potion"},{"floor":65.0,"key":"FairyPotion"},{"floor":80.0,"key":"PowerPotion"},{"floor":85.0,"key":"Dexterity Potion"},{"floor":86.0,"key":"Death Potion"},{"floor":97.0,"key":"Fruit Juice"},{"floor":99.0,"key":"Energy Potion"},{"floor":103.0,"key":"DistilledChaos"}],"is_trial":false,"path_per_floor":["M","M","$","?","?","E","R","M","T","M","R","E","R","M","R","B",null,"M","M","?","?","?","R","?","E","T","R","M","NM","?","M","R","B",null,"M","AVR","?","?","?","E","R","E","T","R","$","M","M","M","R","B",null,"M","?","?","M","?","R","?","?","T","$","E","R","M","E","R","B",null,"M","AVR","M","$","M","NM","R","E","T","R","?","E","R","$","R","B",null,"M","M","?","M","M","R","E","R","T","$","R","E","?","E","R","B",null,"M","T","?","M","?","R","E","$","T","E","R","$","T","M","R","B",null,"M","M","M","T","$","E","R","E","T","E","$","E","$","?","R","B"],"character_chosen":"THE_SILENT","items_purchased":["Infinite Blades","Membership Card","Replay:Bandana","Sundial","Adrenaline+1","ReplayTheSpireMod:Ninjato","HandDrill","Accuracy","Girya","Oddly Smooth Stone","Letter Opener","Divine Protection","TheAbacus","Regal Pillow","Pen Nib","BargainBundle","After Image","MerchantsRug","Torii","Onion Ring","Frozen Egg 2","Pear","Lee\u0027s Waffle","Replay:Rubber Ducky","Shuriken","OrangePellets"],"campfire_rested":4,"item_purchase_floors":[3,61,72,72,72,82,82,82,95,95,110,110,110,114,114,114,114,114,124,124,130,130,130,132,132,132],"current_hp_per_floor":[70,70,70,70,70,70,70,69,69,63,63,57,57,54,54,30,70,70,52,52,52,52,52,52,50,50,50,50,31,31,31,52,38,70,64,64,64,64,64,57,57,57,57,57,57,57,57,57,57,42,66,66,66,66,66,66,66,66,59,59,59,59,59,54,54,66,48,66,66,66,66,66,62,25,44,49,49,70,70,70,57,57,57,76,81,81,81,81,81,81,81,81,81,81,81,81,91,91,91,91,91,91,91,91,91,91,91,91,91,91,91,91,91,91,91,91,91,91,91,91,91,91,91,91,91,91,67,67,67,108,81,81,81,81,36,36],"gold":3153,"neow_bonus":"THREE_ENEMY_KILL","is_daily":false,"chose_seed":false,"campfire_upgraded":12,"win_rate":0.0,"timestamp":1608154120,"path_taken":["M","M","$","?","?","E","R","?","T","M","R","E","R","M","R","BOSS","M","M","?","?","?","R","?","E","T","R","M","NM","?","M","R","BOSS","M","AVR","?","?","?","E","R","E","T","R","$","M","M","M","R","BOSS","M","?","?","M","?","R","?","?","T","?","E","R","M","E","R","BOSS","M","AVR","M","$","M","NM","R","E","T","R","?","E","R","$","R","BOSS","M","M","?","M","M","R","E","R","T","$","R","E","?","E","R","BOSS","M","?","?","M","?","R","E","$","T","E","R","$","?","M","R","BOSS","M","M","M","?","$","E","R","E","T","E","$","E","?","?","R","BOSS"],"items_purchased_type":["Card","Relic","Relic","Relic","Card","Relic","Relic","Card","Relic","Relic","Relic","Relic","Relic","Relic","Relic","Relic","Card","Relic","Relic","Relic","Relic","Relic","Relic","Relic","Relic","Relic"],"build_version":"2020-12-13","purchased_purges":9,"victory":false,"max_hp_per_floor":[70,70,70,70,70,70,70,70,70,70,70,70,70,70,70,70,70,70,70,70,70,70,70,70,70,70,70,70,70,70,70,70,70,70,70,70,70,70,66,66,66,66,66,66,66,66,66,66,66,66,66,66,66,66,66,66,66,66,66,66,66,66,66,66,66,66,66,66,66,66,66,66,66,66,66,71,71,71,71,71,76,76,76,76,81,81,81,81,81,81,81,81,81,81,81,81,91,91,91,91,91,91,91,91,91,91,91,91,91,91,91,91,91,91,91,91,91,91,91,91,91,91,91,91,91,91,91,91,91,108,81,81,81,81,81,81],"card_choices":[{"not_picked":["PiercingWail","Terror"],"picked":"Blade Dance","floor":1.0},{"not_picked":["Replay:Poison Smokescreen","Dodge and Roll","Acrobatics"],"picked":"SKIP","floor":2.0},{"not_picked":["ReplayTheSpireMod:Tripwire","Bullet Time"],"picked":"Noxious Fumes","floor":6.0},{"not_picked":["Backflip","ReplayTheSpireMod:The Works","Well Laid Plans"],"picked":"SKIP","floor":8.0},{"not_picked":["Outmaneuver","Quick Slash"],"picked":"Accuracy","floor":10.0},{"not_picked":["Backflip","Deadly Poison"],"picked":"Cloak And Dagger","floor":12.0},{"not_picked":["Flechettes","Well Laid Plans","Deflect"],"picked":"SKIP","floor":14.0},{"not_picked":["Malaise","Glass Knife"],"picked":"Adrenaline","floor":16.0},{"not_picked":["Prepared","Backstab","Sucker Punch"],"picked":"SKIP","floor":18.0},{"not_picked":["Prepared+1","Crippling Poison","PiercingWail+1"],"picked":"SKIP","floor":19.0},{"not_picked":["Sucker Punch","Predator"],"picked":"Cloak And Dagger","floor":25.0},{"not_picked":["Sucker Punch","Deflect","Cloak And Dagger"],"picked":"SKIP","floor":28.0},{"not_picked":["Flying Knee","Draining Mist","Reflex"],"picked":"SKIP","floor":29.0},{"not_picked":["PiercingWail","Bane","Eviscerate"],"picked":"SKIP","floor":31.0},{"not_picked":["Choke","Slice+1","PiercingWail+1"],"picked":"SKIP","floor":35.0},{"not_picked":["ReplayTheSpireMod:Exploit Weakness","PiercingWail","Poisoned Stab"],"picked":"SKIP","floor":40.0},{"not_picked":["Dash","Backflip","Backstab"],"picked":"SKIP","floor":42.0},{"not_picked":["Acrobatics+1","Slice"],"picked":"Blade Dance+1","floor":46.0},{"not_picked":["Flying Knee","Catalyst+1","Prepared+1"],"picked":"SKIP","floor":47.0},{"not_picked":["ReplayTheSpireMod:Speed Training","All Out Attack+1"],"picked":"Infinite Blades","floor":48.0},{"not_picked":["Bane","Deadly Poison","Underhanded Strike"],"picked":"SKIP","floor":52.0},{"not_picked":["ReplayTheSpireMod:Shiv Toss","Flying Knee","Quick Slash"],"picked":"SKIP","floor":55.0},{"not_picked":["ReplayTheSpireMod:Shiv Toss","Flying Knee","Quick Slash"],"picked":"SKIP","floor":55.0},{"not_picked":["Crippling Poison","Quick Slash"],"picked":"Fluid Movement","floor":59.0},{"not_picked":["Slice","Heel Hook","Toxin Wave"],"picked":"SKIP","floor":62.0},{"not_picked":["Slice","Deadly Poison","Dash"],"picked":"SKIP","floor":64.0},{"not_picked":["Tactician+1","PiercingWail+1","Flying Knee"],"picked":"SKIP","floor":65.0},{"not_picked":["Unload","Storm of Steel+1"],"picked":"A Thousand Cuts","floor":67.0},{"not_picked":["Terror+1","Draining Mist+1","Poisoned Stab"],"picked":"SKIP","floor":69.0},{"not_picked":["Flying Knee+1","PiercingWail+1","Quick Slash"],"picked":"SKIP","floor":71.0},{"not_picked":["Prepared+1","Tactician+1","Deadly Poison+1"],"picked":"SKIP","floor":73.0},{"not_picked":["infinitespire:FutureSight","infinitespire:SevenWalls"],"picked":"Replay:Fractal Strike","floor":74.0},{"not_picked":["Dagger Throw","Predator","Reflex+1"],"picked":"SKIP","floor":74.0},{"not_picked":["Distraction+1","Tactician+1"],"picked":"Cloak And Dagger+1","floor":76.0},{"not_picked":["Leg Sweep+1","PiercingWail+1","Prepared+1"],"picked":"SKIP","floor":80.0},{"not_picked":["Poison Darts+1","Doppelganger+1"],"picked":"Envenom","floor":84.0},{"not_picked":["Deflect+1","Dagger Throw","Prepared+1"],"picked":"SKIP","floor":86.0},{"not_picked":["ReplayTheSpireMod:The Works+1","Hidden Blade+1","Distraction+1"],"picked":"SKIP","floor":87.0},{"not_picked":["Toxin Wave+1","ReplayTheSpireMod:Shiv Toss+1","Leg Sweep+1"],"picked":"SKIP","floor":89.0},{"not_picked":["Acrobatics+1","Bouncing Flask+1","Deflect+1"],"picked":"SKIP","floor":90.0},{"not_picked":["Blade Dance+1","Replay:Bag of Tricks+1"],"picked":"Accuracy","floor":92.0},{"not_picked":["Backflip+1","ReplayTheSpireMod:Tripwire+1","Terror+1"],"picked":"SKIP","floor":97.0},{"not_picked":["Dagger Throw+1","Backflip+1","Dagger Spray+1"],"picked":"SKIP","floor":99.0},{"not_picked":["Tools of the Trade","infinitespire:Neurotoxin+1"],"picked":"Envenom","floor":101.0},{"not_picked":["Underhanded Strike","Dagger Throw","Footwork"],"picked":"SKIP","floor":103.0},{"not_picked":["Backstab","Fluid Movement","Hidden Blade+1"],"picked":"SKIP","floor":106.0},{"not_picked":["Catalyst+1","ReplayTheSpireMod:Scrap Shanks","Finisher"],"picked":"SKIP","floor":109.0},{"not_picked":["Bane","Poisoned Stab","Catalyst+1"],"picked":"SKIP","floor":112.0},{"not_picked":["Cloak And Dagger+1","Catalyst+1","Infinite Blades"],"picked":"SKIP","floor":116.0},{"not_picked":["Phantasmal Killer+1","Storm of Steel+1"],"picked":"Envenom","floor":118.0},{"not_picked":["Well Laid Plans","Bane"],"picked":"Caltrops+1","floor":120.0},{"not_picked":["Dodge and Roll+1","Flechettes","Draining Mist+1"],"picked":"SKIP","floor":121.0},{"not_picked":["Leg Sweep+1","Finisher","Outmaneuver+1"],"picked":"SKIP","floor":122.0},{"not_picked":["Well Laid Plans","Flying Knee","Cloak And Dagger+1"],"picked":"SKIP","floor":125.0},{"not_picked":["Hidden Blade+1","Dagger Spray","Footwork+1"],"picked":"SKIP","floor":127.0},{"not_picked":["Toxin Wave+1","Well Laid Plans","ReplayTheSpireMod:Tripwire+1"],"picked":"SKIP","floor":129.0},{"not_picked":["Poison Darts+1","Corpse Explosion+1","Well Laid Plans+1"],"picked":"SKIP","floor":131.0}],"player_experience":171064,"relics_obtained":[{"floor":6.0,"key":"Bag of Preparation"},{"floor":9.0,"key":"Juzu Bracelet"},{"floor":12.0,"key":"Replay:Bottled Steam"},{"floor":25.0,"key":"Garlic"},{"floor":26.0,"key":"Mummified Hand"},{"floor":29.0,"key":"ReplayTheSpireMod:Lightbulb"},{"floor":40.0,"key":"infinitespire:CheckeredPen"},{"floor":42.0,"key":"Pantograph"},{"floor":43.0,"key":"infinitespire:Bottled Soul"},{"floor":60.0,"key":"Golden Egg"},{"floor":62.0,"key":"Matryoshka"},{"floor":62.0,"key":"Replay:Bottled Snecko"},{"floor":65.0,"key":"Toxic Egg 2"},{"floor":65.0,"key":"infinitespire:Broken Mirror"},{"floor":74.0,"key":"Mercury Hourglass"},{"floor":74.0,"key":"Tiny Chest"},{"floor":76.0,"key":"Durian"},{"floor":76.0,"key":"ReplayTheSpireMod:TigerMarble"},{"floor":77.0,"key":"Bronze Scales"},{"floor":77.0,"key":"Pet Ghost"},{"floor":80.0,"key":"Anchor"},{"floor":80.0,"key":"MawBank"},{"floor":83.0,"key":"Happy Flower"},{"floor":91.0,"key":"infinitespire:Eraser"},{"floor":92.0,"key":"Simple Rune"},{"floor":92.0,"key":"Grinning Jar"},{"floor":94.0,"key":"Whetstone"},{"floor":94.0,"key":"War Paint"},{"floor":96.0,"key":"CaptainsWheel"},{"floor":97.0,"key":"Iron Hammer"},{"floor":97.0,"key":"Omamori"},{"floor":99.0,"key":"Vajra"},{"floor":99.0,"key":"infinitespire:Beetle Shell"},{"floor":104.0,"key":"Boot"},{"floor":105.0,"key":"Odd Mushroom"},{"floor":109.0,"key":"Gremlin Food"},{"floor":109.0,"key":"Eternal Feather"},{"floor":111.0,"key":"Replay:Mystery Machine"},{"floor":112.0,"key":"infinitespire:Satchel"},{"floor":112.0,"key":"Orichalcum"},{"floor":115.0,"key":"Kunai"},{"floor":123.0,"key":"Lantern"},{"floor":125.0,"key":"Mirror"},{"floor":125.0,"key":"Blue Doll"},{"floor":127.0,"key":"Replay:Accelerometer"},{"floor":127.0,"key":"MealTicket"},{"floor":128.0,"key":"Meat on the Bone"},{"floor":129.0,"key":"Bottled Tornado"},{"floor":129.0,"key":"Replay:Bottled Eggs"},{"floor":131.0,"key":"Toy Ornithopter"},{"floor":131.0,"key":"infinitespire:Lychee Nut"}],"event_choices":[{"damage_healed":0.0,"max_hp_gain":0.0,"max_hp_loss":0.0,"gold_gain":0.0,"event_name":"Match and Keep!","player_choice":"0 cards matched","floor":5.0,"gold_loss":0.0,"damage_taken":0.0,"cards_obtained":[]},{"damage_healed":0.0,"max_hp_gain":0.0,"max_hp_loss":0.0,"gold_gain":0.0,"event_name":"Duplicator","player_choice":"Copied","floor":20.0,"gold_loss":0.0,"damage_taken":0.0,"cards_obtained":["Accuracy"]},{"damage_healed":0.0,"max_hp_gain":0.0,"max_hp_loss":0.0,"gold_gain":0.0,"event_name":"Cursed Tome","player_choice":"Ignored","floor":22.0,"gold_loss":0.0,"damage_taken":0.0},{"cards_removed":["Strike_G"],"damage_healed":0.0,"max_hp_gain":0.0,"max_hp_loss":0.0,"gold_gain":0.0,"event_name":"Back to Basics","player_choice":"Elegance","floor":24.0,"gold_loss":0.0,"damage_taken":0.0},{"damage_healed":0.0,"max_hp_gain":0.0,"max_hp_loss":0.0,"gold_gain":0.0,"event_name":"Tomb of Lord Red Mask","player_choice":"Ignored","floor":37.0,"gold_loss":0.0,"damage_taken":0.0},{"damage_healed":0.0,"max_hp_gain":0.0,"max_hp_loss":4.0,"gold_gain":0.0,"event_name":"Winding Halls","player_choice":"Max HP","floor":39.0,"gold_loss":0.0,"damage_taken":0.0},{"damage_healed":0.0,"max_hp_gain":0.0,"max_hp_loss":0.0,"gold_gain":0.0,"event_name":"Shining Light","player_choice":"Ignored","floor":53.0,"gold_loss":0.0,"damage_taken":0.0},{"damage_healed":0.0,"max_hp_gain":0.0,"max_hp_loss":0.0,"gold_gain":0.0,"event_name":"Accursed Blacksmith","player_choice":"Forge","floor":56.0,"gold_loss":0.0,"damage_taken":0.0,"cards_upgraded":["Defend_G"]},{"damage_healed":0.0,"max_hp_gain":0.0,"max_hp_loss":0.0,"gold_gain":0.0,"event_name":"Dead Adventurer","player_choice":"Searched \u00272\u0027 times","floor":59.0,"gold_loss":0.0,"damage_taken":0.0,"relics_obtained":["infinitespire:BottledMercury"]},{"damage_healed":0.0,"max_hp_gain":0.0,"max_hp_loss":0.0,"gold_gain":0.0,"event_name":"Drug Dealer","player_choice":"Inject Mutagens","floor":79.0,"gold_loss":0.0,"damage_taken":0.0,"relics_obtained":["MutagenicStrength"]},{"damage_healed":0.0,"max_hp_gain":5.0,"max_hp_loss":0.0,"gold_gain":0.0,"event_name":"Forgotten Altar","player_choice":"Shed Blood","floor":81.0,"gold_loss":0.0,"damage_taken":18.0},{"damage_healed":0.0,"max_hp_gain":0.0,"max_hp_loss":0.0,"gold_gain":0.0,"event_name":"The Woman in Blue","player_choice":"Bought 0 Potions","floor":88.0,"gold_loss":0.0,"damage_taken":0.0},{"damage_healed":0.0,"max_hp_gain":0.0,"max_hp_loss":0.0,"gold_gain":0.0,"event_name":"SensoryStone","player_choice":"Memory 1","floor":98.0,"gold_loss":0.0,"damage_taken":0.0},{"damage_healed":0.0,"max_hp_gain":0.0,"max_hp_loss":0.0,"gold_gain":0.0,"event_name":"Mushrooms","player_choice":"Fought Mushrooms","floor":105.0,"gold_loss":0.0,"damage_taken":0.0},{"damage_healed":0.0,"max_hp_gain":0.0,"max_hp_loss":0.0,"gold_gain":0.0,"event_name":"Shining Light","player_choice":"Ignored","floor":107.0,"gold_loss":0.0,"damage_taken":0.0},{"damage_healed":0.0,"max_hp_gain":0.0,"max_hp_loss":0.0,"gold_gain":99.0,"event_name":"Nest","player_choice":"Stole From Cult","floor":133.0,"gold_loss":0.0,"damage_taken":0.0}],"is_beta":false,"boss_relics":[{"not_picked":["Replay:Ancient Bell","Kintsugi"],"picked":"SacredBark"},{"not_picked":["Runic Dome","Ring of Chaos","Painkiller Herb"]},{"not_picked":["ReplayTheSpireMod:Onyx Gauntlets","Honey Jar"],"picked":"Black Star"},{"not_picked":["ChewingGum","Philosopher\u0027s Stone"],"picked":"Runic Pyramid"},{"not_picked":["infinitespire:Cupcake","Pandora\u0027s Box"],"picked":"Tiny House"},{"not_picked":["Ring of Chaos","Runic Dome","Replay:Ancient Bell"]},{"not_picked":["Replay:Drink Me","Calling Bell"],"picked":"Replay:Wanted Poster"}],"items_purged_floors":[3,36,45,61,70,72,82,114,124],"is_endless":true,"potions_floor_spawned":[1,8,12,18,25,35,46,50,52,59,65,69,71,80,86,87,97,99,103,105,116,121,127],"killed_by":"infinitespire:LordOfFortification","ascension_level":1}}