{"host":"69rply1jf2d1wbmp","time":1608098849,"event":{"mods":["BaseMod","Minty Spire (QoL Compilation)","Quick Restart"],"gold_per_floor":[149,74,74,74,117,176,176,141,141,141,186,227,227,240,240,363,363,401,462,478,478,478],"floor_reached":21,"playtime":599,"items_purged":["Defend_B"],"score":179,"play_id":"85b1cd9c-85a3-4fe2-a7fa-8ac0c0e4b169","local_time":"20201216010729","is_ascension_mode":false,"campfire_choices":[{"floor":7,"key":"REST"},{"floor":10,"key":"REST"},{"data":"HandOfGreed","floor":13,"key":"SMITH"},{"data":"Loop","floor":15,"key":"SMITH"}],"circlet_count":0,"master_deck":["Strike_B","Strike_B","Strike_B","Strike_B","Defend_B","Defend_B","Defend_B","Zap","Dualcast","HandOfGreed+1","Conserve Battery","Injury","Melter","Leap","Loop+1","Core Surge+1","Ball Lightning+1","Creative AI","CurseOfTheBell","Leap","Streamline+1","Chill"],"relics":["Cracked Core","Golden Idol","MealTicket","Question Card","Molten Egg 2","Calling Bell","Blood Vial","Darkstone Periapt","Lizard Tail","Red Mask"],"acts_visited":["Exordium","TheCity"],"potions_floor_usage":[19,19],"damage_taken":[{"damage":2,"enemies":"Small Slimes","floor":1,"turns":3},{"damage":1,"enemies":"Jaw Worm","floor":5,"turns":3},{"damage":32,"enemies":"3 Sentries","floor":6,"turns":7},{"damage":0,"enemies":"2 Louse","floor":11,"turns":4},{"damage":1,"enemies":"2 Fungi Beasts","floor":12,"turns":3},{"damage":10,"enemies":"Looter","floor":14,"turns":3},{"damage":32,"enemies":"Hexaghost","floor":16,"turns":9},{"damage":31,"enemies":"Shell Parasite","floor":18,"turns":5},{"damage":54,"enemies":"Masked Bandits","floor":19,"turns":6},{"damage":2,"enemies":"Chosen","floor":20,"turns":4},{"damage":26,"enemies":"Snake Plant","floor":21,"turns":3}],"seed_played":"8364053467722586107","potions_obtained":[{"floor":11,"key":"GamblersBrew"},{"floor":14,"key":"Swift Potion"},{"floor":18,"key":"BlessingOfTheForge"}],"is_trial":false,"path_per_floor":["M","$","?","?","M","E","R","?","T","R","M","M","R","M","R","B",null,"M","?","M","M"],"character_chosen":"DEFECT","items_purchased":[],"campfire_rested":2,"item_purchase_floors":[],"current_hp_per_floor":[66,66,66,48,47,15,35,52,52,68,68,67,67,57,57,25,68,37,21,21,0,0],"gold":478,"neow_bonus":"RANDOM_COLORLESS_2","is_daily":false,"chose_seed":false,"campfire_upgraded":2,"win_rate":0.0,"timestamp":1608098849,"path_taken":["M","$","?","?","M","E","R","?","T","R","M","M","R","M","R","BOSS","M","?","M","M"],"items_purchased_type":[],"build_version":"2020-12-13","purchased_purges":1,"victory":false,"max_hp_per_floor":[68,68,68,68,68,68,68,68,68,68,68,68,68,68,68,68,68,68,68,68,68,68],"card_choices":[{"not_picked":["Chrysalis","Transmutation"],"picked":"HandOfGreed","floor":0},{"not_picked":["Ball Lightning","BootSequence"],"picked":"Conserve Battery","floor":1},{"not_picked":["Rebound","Steam Power"],"picked":"Melter","floor":5},{"not_picked":["Undo","Rebound"],"picked":"Leap","floor":6},{"not_picked":["Capacitor","Reprogram","Consume"],"picked":"Loop","floor":11},{"not_picked":["Double Energy","Go for the Eyes+1","Hello World"],"picked":"Core Surge+1","floor":12},{"not_picked":["Redo","Tempest","Consume"],"picked":"Ball Lightning+1","floor":14},{"not_picked":["Thunder Strike+1","Reboot","Multi-Cast"],"picked":"Creative AI","floor":16},{"not_picked":["Lockon+1","Hologram+1","Scrape+1"],"picked":"Leap","floor":18},{"not_picked":["Turbo","Consume+1","Redo"],"picked":"Streamline+1","floor":19},{"not_picked":["Coolheaded","Rebound+1","Go for the Eyes+1"],"picked":"Chill","floor":20}],"player_experience":345647,"relics_obtained":[{"floor":6,"key":"Question Card"},{"floor":9,"key":"Molten Egg 2"},{"floor":17,"key":"Blood Vial"},{"floor":17,"key":"Darkstone Periapt"},{"floor":17,"key":"Lizard Tail"},{"floor":19,"key":"Red Mask"}],"event_choices":[{"damage_healed":0,"gold_gain":0,"player_choice":"Take Wound","damage_taken":0,"relics_obtained":["Golden Idol"],"max_hp_gain":0,"max_hp_loss":0,"event_name":"Golden Idol","floor":3,"gold_loss":0,"cards_obtained":["Injury"]},{"damage_healed":0,"gold_gain":0,"player_choice":"Success","damage_taken":18,"relics_obtained":["MealTicket"],"max_hp_gain":0,"max_hp_loss":0,"event_name":"Scrap Ooze","floor":4,"gold_loss":0},{"damage_healed":17,"gold_gain":0,"player_choice":"Healed","damage_taken":0,"max_hp_gain":0,"max_hp_loss":0,"event_name":"The Cleric","floor":8,"gold_loss":35},{"damage_healed":0,"gold_gain":0,"player_choice":"Fought Bandits","damage_taken":0,"max_hp_gain":0,"max_hp_loss":0,"event_name":"Masked Bandits","floor":19,"gold_loss":0}],"is_beta":false,"boss_relics":[{"not_picked":["Sozu","Nuclear Battery"],"picked":"Calling Bell"}],"items_purged_floors":[2],"is_endless":false,"potions_floor_spawned":[11,14,18],"killed_by":"Snake Plant","ascension_level":0}}