{"host":"sav7uxregyirlf69","time":1608124042,"event":{"mods":["AchievementEnabler","BaseMod","Colored Map","DeckTracker","Keyboard Shortcuts","Minty Spire (QoL Compilation)","READ ME - Guardian Mod","StSLib","SuperFastMode"],"gold_per_floor":[115,127,127,141,157,157,192,206,232,232,247,257,292,309,309,405,455,466,140,151,151,170,170,198,224,236,268,309,340,352,364,376,493,505,505],"floor_reached":34,"playtime":736,"items_purged":[],"score":408,"play_id":"8b7950ef-863a-4eea-b793-dd4179dc11ef","local_time":"20201216220722","is_ascension_mode":false,"campfire_choices":[{"data":"Pommel Strike","floor":6,"key":"SMITH"},{"data":"Dual Wield","floor":15,"key":"SMITH"},{"data":"Apotheosis","floor":23,"key":"SMITH"},{"data":"Bloodletting","floor":32,"key":"SMITH"}],"circlet_count":0,"master_deck":["Strike_R+1","Strike_R","Strike_R","Strike_R","Strike_R+1","Defend_R","Defend_R","Defend_R","Defend_R","Bash+1","Second Wind+1","Reckless Charge","Pommel Strike+1","Shrug It Off","Reaper+1","Infernal Blade","Clothesline+1","Perfected Strike+1","Dual Wield+1","Berserk","Sword Boomerang+1","Shockwave","Apotheosis+1","Wild Strike+1","Disarm","Shrug It Off+1","Bloodletting+1","True Grit+1","Shrug It Off","Wild Strike+1","Pommel Strike+1","Wild Strike+1","Offering"],"relics":["Burning Blood","Lantern","Molten Egg 2","MealTicket","Akabeko","Tiny House","Orrery","Enchiridion","MawBank","Incense Burner","Anchor","CultistMask"],"acts_visited":["Exordium","TheCity"],"potions_floor_usage":[8,24,33],"damage_taken":[{"damage":6,"enemies":"Jaw Worm","floor":1,"turns":3},{"damage":3,"enemies":"2 Louse","floor":2,"turns":3},{"damage":1,"enemies":"Cultist","floor":4,"turns":3},{"damage":9,"enemies":"Blue Slaver","floor":5,"turns":3},{"damage":14,"enemies":"Gremlin Nob","floor":7,"turns":3},{"damage":4,"enemies":"2 Fungi Beasts","floor":8,"turns":3},{"damage":10,"enemies":"Gremlin Gang","floor":11,"turns":4},{"damage":5,"enemies":"Looter","floor":12,"turns":2},{"damage":26,"enemies":"Lagavulin","floor":13,"turns":7},{"damage":0,"enemies":"3 Louse","floor":14,"turns":1},{"damage":60,"enemies":"The Guardian","floor":16,"turns":11},{"damage":18,"enemies":"2 Thieves","floor":18,"turns":3},{"damage":10,"enemies":"Chosen","floor":20,"turns":3},{"damage":33,"enemies":"Snake Plant","floor":22,"turns":6},{"damage":32,"enemies":"Slavers","floor":24,"turns":6},{"damage":8,"enemies":"Cultist and Chosen","floor":25,"turns":5},{"damage":0,"enemies":"Snecko","floor":27,"turns":3},{"damage":29,"enemies":"Book of Stabbing","floor":28,"turns":5},{"damage":21,"enemies":"Centurion and Healer","floor":29,"turns":6},{"damage":66,"enemies":"Champ","floor":33,"turns":13}],"seed_played":"-4338322484741126575","potions_obtained":[{"floor":2,"key":"SpeedPotion"},{"floor":4,"key":"GamblersBrew"},{"floor":7,"key":"BloodPotion"},{"floor":13,"key":"EssenceOfSteel"},{"floor":14,"key":"BlessingOfTheForge"},{"floor":16,"key":"DuplicationPotion"},{"floor":17,"key":"HeartOfIron"},{"floor":25,"key":"ElixirPotion"},{"floor":27,"key":"HeartOfIron"}],"is_trial":false,"path_per_floor":["M","M","?","M","M","R","E","M","T","?","M","M","E","M","R","B",null,"M","$","M","?","M","R","E","M","T","M","E","M","?","$","R","B",null],"character_chosen":"IRONCLAD","items_purchased":["Apotheosis","Orrery"],"campfire_rested":0,"item_purchase_floors":[19,19],"current_hp_per_floor":[80,80,64,69,66,66,58,76,76,76,76,77,60,66,66,25,85,78,85,85,69,49,49,44,47,47,53,37,48,48,63,63,10,10,10],"gold":505,"neow_bonus":"RANDOM_COMMON_RELIC","is_daily":false,"chose_seed":false,"campfire_upgraded":4,"win_rate":0.0,"timestamp":1608124042,"path_taken":["M","M","?","M","M","R","E","M","T","?","?","M","E","M","R","BOSS","M","$","M","?","M","R","E","M","T","M","E","M","?","$","R","BOSS"],"items_purchased_type":["Card","Relic"],"build_version":"2020-12-13","purchased_purges":0,"victory":false,"max_hp_per_floor":[80,80,80,80,80,80,80,80,80,80,80,80,80,80,80,80,85,85,85,85,85,85,85,85,85,85,85,85,85,85,85,85,85,85,85],"card_choices":[{"not_picked":["True Grit","Headbutt"],"picked":"Second Wind","floor":1},{"not_picked":["Sever Soul","Heavy Blade"],"picked":"Reckless Charge","floor":2},{"not_picked":["Sword Boomerang","Metallicize","Thunderclap"],"picked":"SKIP","floor":4},{"not_picked":["Uppercut","Twin Strike"],"picked":"Pommel Strike","floor":5},{"not_picked":["Havoc","Sword Boomerang+1"],"picked":"Shrug It Off","floor":7},{"not_picked":["Pommel Strike+1","Twin Strike+1"],"picked":"Reaper+1","floor":8},{"not_picked":["Heavy Blade+1","Shrug It Off"],"picked":"Infernal Blade","floor":11},{"not_picked":["Intimidate","Warcry"],"picked":"Clothesline+1","floor":12},{"not_picked":["Pommel Strike+1","Carnage+1"],"picked":"Perfected Strike+1","floor":13},{"not_picked":["Infernal Blade","Shrug It Off"],"picked":"Dual Wield","floor":14},{"not_picked":["Limit Break","Brutality"],"picked":"Berserk","floor":16},{"not_picked":["Flex","Iron Wave+1"],"picked":"Sword Boomerang+1","floor":17},{"not_picked":["True Grit","Seeing Red"],"picked":"Shockwave","floor":18},{"not_picked":["Infernal Blade","Dark Embrace"],"picked":"Wild Strike+1","floor":19},{"not_picked":["Heavy Blade+1","Burning Pact"],"picked":"Disarm","floor":19},{"not_picked":["Intimidate","Iron Wave+1"],"picked":"Shrug It Off+1","floor":19},{"not_picked":["Flex","Brutality"],"picked":"Bloodletting","floor":20},{"not_picked":["Rage","Headbutt+1"],"picked":"True Grit+1","floor":22},{"not_picked":["Bloodletting","Flame Barrier"],"picked":"Shrug It Off","floor":24},{"not_picked":["Heavy Blade+1","Shrug It Off"],"picked":"Wild Strike+1","floor":25},{"not_picked":["Armaments","Havoc","Heavy Blade+1"],"picked":"SKIP","floor":27},{"not_picked":["Combust+1","Exhume"],"picked":"Pommel Strike+1","floor":28},{"not_picked":["Inflame+1","Armaments+1"],"picked":"Wild Strike+1","floor":29},{"not_picked":["Double Tap","Reaper+1"],"picked":"Offering","floor":33}],"player_experience":921512,"relics_obtained":[{"floor":7,"key":"Molten Egg 2"},{"floor":9,"key":"MealTicket"},{"floor":13,"key":"Akabeko"},{"floor":21,"key":"Enchiridion"},{"floor":24,"key":"MawBank"},{"floor":26,"key":"Incense Burner"},{"floor":28,"key":"Anchor"}],"event_choices":[{"damage_healed":0,"gold_gain":0,"player_choice":"Entered Light","damage_taken":16,"max_hp_gain":0,"max_hp_loss":0,"event_name":"Shining Light","floor":3,"gold_loss":0,"cards_upgraded":["Strike_R","Bash"]},{"damage_healed":0,"gold_gain":0,"player_choice":"Forge","damage_taken":0,"max_hp_gain":0,"max_hp_loss":0,"event_name":"Accursed Blacksmith","floor":10,"gold_loss":0,"cards_upgraded":["Second Wind"]},{"damage_healed":0,"gold_gain":0,"player_choice":"Obtained Book","damage_taken":16,"max_hp_gain":0,"max_hp_loss":0,"event_name":"Cursed Tome","floor":21,"gold_loss":0},{"damage_healed":0,"gold_gain":0,"player_choice":"Trade","damage_taken":0,"relics_obtained":["CultistMask"],"max_hp_gain":0,"max_hp_loss":0,"event_name":"FaceTrader","floor":30,"gold_loss":0}],"is_beta":false,"boss_relics":[{"not_picked":["Coffee Dripper","Runic Dome"],"picked":"Tiny House"}],"items_purged_floors":[],"is_endless":false,"potions_floor_spawned":[2,4,7,8,13,14,16,22,25,27,29],"ascension_level":0}}