{"host":"7krnriczr1b2ou5r","time":1608082649,"event":{"mods":["BaseMod","Keyboard Shortcuts","Minty Spire (QoL Compilation)","Relic Stats","StSLib","The Dragon Tamer","The Poker Player"],"gold_per_floor":[112,187,187,206,216,246,257,257,257,257,277,277,288,301,301,301,301,301],"floor_reached":16,"playtime":765,"items_purged":[],"score":109,"play_id":"a538fc05-6d4e-4064-9ef0-3bdc557e981a","local_time":"20201216103729","is_ascension_mode":true,"metric_token":479,"campfire_choices":[{"data":"DTMod:SealedStrike","floor":8,"key":"SMITH"},{"data":"DTMod:SealedStrike+1","floor":12,"key":"SMITH"},{"data":"DTMod:SealedStrike+2","floor":15,"key":"SMITH"}],"dtmod_dragon_data":[33,50,-1,-1,0,0],"circlet_count":0,"master_deck":["DTMod:Strike","DTMod:Strike","DTMod:Strike","DTMod:Strike","DTMod:DoubleHit","DTMod:TargetDefense","DTMod:TargetDefense","DTMod:TargetDefense","DTMod:TargetDefense","DTMod:SwitchingTactic","DTMod:Punisher","DTMod:BurningEnergy","DTMod:Threaten","DTMod:ComboAttack","Panacea","DTMod:TagTeam","DTMod:LightShield","DTMod:HeatWave","DTMod:SealedStrike+5"],"relics":["DTMod:PactStone","Mummified Hand","StrikeDummy"],"acts_visited":["Exordium"],"potions_floor_usage":[6],"damage_taken":[{"damage":0,"enemies":"Small Slimes","floor":1,"turns":3},{"damage":1,"enemies":"Cultist","floor":4,"turns":3},{"damage":0,"enemies":"2 Louse","floor":5,"turns":2},{"damage":26,"enemies":"3 Sentries","floor":6,"turns":10},{"damage":0,"enemies":"Red Slaver","floor":7,"turns":3},{"damage":0,"enemies":"Large Slime","floor":11,"turns":6},{"damage":0,"enemies":"3 Louse","floor":13,"turns":3},{"damage":0,"enemies":"Looter","floor":14,"turns":2},{"damage":6,"enemies":"Hexaghost","floor":16,"turns":8}],"seed_played":"-3880907375600471876","potions_obtained":[{"floor":3,"key":"GamblersBrew"},{"floor":3,"key":"Regen Potion"},{"floor":3,"key":"FairyPotion"},{"floor":6,"key":"PowerPotion"},{"floor":13,"key":"LiquidMemories"}],"is_trial":false,"path_per_floor":["M","?","?","M","M","E","M","R","T","?","M","R","M","M","R","B"],"character_chosen":"THE_DT","items_purchased":[],"campfire_rested":0,"item_purchase_floors":[],"current_hp_per_floor":[41,30,30,29,29,18,18,18,18,18,18,18,18,18,18,12,12,12],"gold":301,"neow_bonus":"THREE_RARE_CARDS","is_daily":false,"chose_seed":false,"campfire_upgraded":3,"win_rate":0.0,"timestamp":1608082649,"path_taken":["M","?","?","M","M","E","?","R","T","?","M","R","?","M","R","BOSS"],"items_purchased_type":[],"build_version":"2020-12-13","purchased_purges":0,"victory":false,"max_hp_per_floor":[41,41,41,41,41,41,41,41,41,41,41,41,41,41,41,41,41,41],"relic_stats":{"counters":[9,40],"Mummified Hand":[0],"obtain_stats":[{"DTMod:PactStone":0,"Mummified Hand":6,"StrikeDummy":9},{"DTMod:PactStone":0,"Mummified Hand":4,"StrikeDummy":5},{"DTMod:PactStone":0,"Mummified Hand":18,"StrikeDummy":21}]},"card_choices":[{"not_picked":["DTMod:GearUp","DTMod:Multitask"],"picked":"DTMod:SealedStrike","floor":0},{"not_picked":["DTMod:BurningEnergy","DTMod:Shift"],"picked":"DTMod:Punisher","floor":1},{"not_picked":["DTMod:RunningTactic","DTMod:StunTrap"],"picked":"DTMod:BurningEnergy","floor":4},{"not_picked":["DTMod:Adaptation","DTMod:ComboAttack"],"picked":"DTMod:Threaten","floor":5},{"not_picked":["DTMod:Hide","DTMod:StarRain"],"picked":"DTMod:ComboAttack","floor":6},{"not_picked":["DTMod:BuildUp","DTMod:BalancedStrike","DTMod:Weaken"],"picked":"SKIP","floor":7},{"not_picked":["DTMod:BreakAttack","DTMod:MagicField","DTMod:CleansingStrike"],"picked":"SKIP","floor":11},{"not_picked":["DTMod:MasterPlan","DTMod:Cover"],"picked":"DTMod:LightShield","floor":13},{"not_picked":["DTMod:MasterPlan","DTMod:Cover"],"picked":"DTMod:HeatWave","floor":14}],"player_experience":1097098,"relics_obtained":[{"floor":6,"key":"Mummified Hand"},{"floor":9,"key":"StrikeDummy"}],"event_choices":[{"damage_healed":0,"gold_gain":75,"player_choice":"Gather Gold","damage_taken":11,"max_hp_gain":0,"max_hp_loss":0,"event_name":"World of Goop","floor":2,"gold_loss":0},{"damage_healed":0,"gold_gain":0,"player_choice":"Got Potions","damage_taken":0,"max_hp_gain":0,"max_hp_loss":0,"event_name":"Lab","floor":3,"gold_loss":0},{"damage_healed":0,"gold_gain":0,"player_choice":"2 cards matched","damage_taken":0,"max_hp_gain":0,"max_hp_loss":0,"event_name":"Match and Keep!","floor":10,"gold_loss":0,"cards_obtained":["Panacea","DTMod:TagTeam"]}],"is_beta":false,"boss_relics":[],"items_purged_floors":[],"is_endless":false,"potions_floor_spawned":[4,5,6,11,13],"killed_by":"Hexaghost","ascension_level":1}}