{"host":"n3cy3kvidykvt4jk","time":1608083639,"event":{"mods":["BaseMod","Colored Powertips","Marisa????????","Minty Spire (QoL Compilation)","Shop Mod","StSLib","SuperFastMode","The Disciple","The Jungle","The Servant 0.9.4"],"gold_per_floor":[112,112,112,75,87,116,135,135,135,148,178,178,194,205,205,306,306,323,323,23,23,40,72,72,104,104,121,121,138,138,138],"floor_reached":30,"playtime":1452,"items_purged":[],"score":336,"play_id":"162f79d7-a809-425c-9f1e-badb5d8a4e1b","local_time":"20201216045359","is_ascension_mode":true,"campfire_choices":[{"data":"Static Discharge","floor":8,"key":"SMITH"},{"floor":15,"key":"REST"},{"floor":24,"key":"REST"},{"floor":28,"key":"REST"}],"circlet_count":0,"master_deck":["Strike_B","Strike_B","Strike_B","Strike_B","Defend_B","Defend_B","Defend_B","Defend_B","Zap+1","Dualcast","Cold Snap","Static Discharge+1","Go for the Eyes","Capacitor","Conserve Battery","Creative AI","Gash","Force Field","Redo","All For One","Go for the Eyes+1","Streamline","Barrage","Loop+1","Sunder"],"relics":["Cracked Core","NeowsBlessing","Pen Nib","Blue Candle","Ice Cream","Philosopher\u0027s Stone","Bronze Scales","PreservedInsect","Nunchaku","Tiny Chest","Frozen Egg 2"],"acts_visited":["Exordium","TheCity"],"potions_floor_usage":[16,16,16,25,30],"damage_taken":[{"damage":0,"enemies":"Jaw Worm","floor":1,"turns":1},{"damage":0,"enemies":"Small Slimes","floor":5,"turns":1},{"damage":0,"enemies":"Lagavulin","floor":6,"turns":1},{"damage":1,"enemies":"Cultist","floor":7,"turns":4},{"damage":2,"enemies":"Looter","floor":10,"turns":3},{"damage":20,"enemies":"Gremlin Nob","floor":11,"turns":4},{"damage":16,"enemies":"Exordium Wildlife","floor":13,"turns":4},{"damage":19,"enemies":"Red Slaver","floor":14,"turns":4},{"damage":32,"enemies":"Slime Boss","floor":16,"turns":9},{"damage":16,"enemies":"Spheric Guardian","floor":18,"turns":4},{"damage":22,"enemies":"3 Byrds","floor":22,"turns":3},{"damage":24,"enemies":"Book of Stabbing","floor":23,"turns":4},{"damage":13,"enemies":"Gremlin Leader","floor":25,"turns":5},{"damage":27,"enemies":"Snake Plant","floor":27,"turns":3},{"damage":31,"enemies":"3 Cultists","floor":29,"turns":5},{"damage":7,"enemies":"Snecko","floor":30,"turns":2}],"seed_played":"5264305803471486941","potions_obtained":[{"floor":1,"key":"BlessingOfTheForge"},{"floor":5,"key":"Dexterity Potion"},{"floor":10,"key":"LiquidMemories"},{"floor":11,"key":"Weak Potion"},{"floor":22,"key":"Explosive Potion"},{"floor":29,"key":"Swift Potion"}],"is_trial":false,"path_per_floor":["M","$","?","$","M","E","M","R","T","M","E","?","M","M","R","B",null,"M","?","$","?","M","E","R","E","T","M","R","M","M"],"character_chosen":"DEFECT","items_purchased":["Static Discharge","Bronze Scales","PreservedInsect"],"campfire_rested":3,"item_purchase_floors":[4,20,20],"current_hp_per_floor":[75,75,75,75,75,75,74,74,74,72,52,52,36,17,39,7,75,59,59,59,75,53,29,51,38,38,11,33,2,0,0],"gold":138,"neow_bonus":"THREE_ENEMY_KILL","is_daily":false,"chose_seed":false,"campfire_upgraded":1,"win_rate":0.0,"timestamp":1608083639,"path_taken":["M","$","?","$","M","E","M","R","T","M","E","?","M","?","R","BOSS","M","?","$","?","M","E","R","E","T","?","R","M","M"],"items_purchased_type":["Card","Relic","Relic"],"build_version":"2020-12-13","purchased_purges":0,"victory":false,"max_hp_per_floor":[75,75,75,75,75,75,75,75,75,75,75,75,75,75,75,75,75,75,75,75,75,75,75,75,75,75,75,75,75,75,75],"card_choices":[{"not_picked":["Glacier","Compile Driver"],"picked":"Cold Snap","floor":1},{"not_picked":["Leap","Melter"],"picked":"Go for the Eyes","floor":5},{"not_picked":["BootSequence","Consume"],"picked":"Capacitor","floor":6},{"not_picked":["Go for the Eyes","Reinforced Body"],"picked":"Conserve Battery","floor":7},{"not_picked":["Steam Power","Chaos","Beam Cell"],"picked":"SKIP","floor":10},{"not_picked":["Melter","BootSequence"],"picked":"Creative AI","floor":11},{"not_picked":["Hologram","Sweeping Beam"],"picked":"Force Field","floor":13},{"not_picked":["Ball Lightning","Rebound"],"picked":"Redo","floor":14},{"not_picked":["Machine Learning","Hyperbeam"],"picked":"All For One","floor":16},{"not_picked":["Turbo","Rebound"],"picked":"Go for the Eyes+1","floor":18},{"not_picked":["Amplify","Sweeping Beam","Chill"],"picked":"SKIP","floor":22},{"not_picked":["Chill","Hologram+1"],"picked":"Streamline","floor":23},{"not_picked":["Compile Driver","Consume"],"picked":"Barrage","floor":25},{"not_picked":["Conserve Battery","Steam Power"],"picked":"Loop+1","floor":27},{"not_picked":["Compile Driver","Sweeping Beam"],"picked":"Sunder","floor":29}],"player_experience":485007,"relics_obtained":[{"floor":6,"key":"Pen Nib"},{"floor":9,"key":"Blue Candle"},{"floor":11,"key":"Ice Cream"},{"floor":23,"key":"Nunchaku"},{"floor":25,"key":"Tiny Chest"},{"floor":26,"key":"Frozen Egg 2"}],"event_choices":[{"damage_healed":0,"gold_gain":0,"player_choice":"Grow","damage_taken":0,"max_hp_gain":0,"max_hp_loss":0,"event_name":"Living Wall","floor":3,"gold_loss":0,"cards_upgraded":["Zap"]},{"damage_healed":0,"gold_gain":0,"player_choice":"1 cards matched","damage_taken":0,"max_hp_gain":0,"max_hp_loss":0,"event_name":"Match and Keep!","floor":12,"gold_loss":0,"cards_obtained":["Gash"]},{"damage_healed":0,"gold_gain":0,"player_choice":"1 cards matched","damage_taken":0,"max_hp_gain":0,"max_hp_loss":0,"event_name":"Match and Keep!","floor":12,"gold_loss":0,"cards_obtained":["Gash"]},{"damage_healed":0,"gold_gain":0,"player_choice":"Ignored","damage_taken":0,"max_hp_gain":0,"max_hp_loss":0,"event_name":"Vampires","floor":19,"gold_loss":0},{"damage_healed":16,"gold_gain":0,"player_choice":"Full Heal","damage_taken":0,"max_hp_gain":0,"max_hp_loss":0,"event_name":"Wheel of Change","floor":21,"gold_loss":0}],"is_beta":false,"boss_relics":[{"not_picked":["Runic Dome","Runic Pyramid"],"picked":"Philosopher\u0027s Stone"}],"items_purged_floors":[],"is_endless":false,"potions_floor_spawned":[1,5,10,11,14,22,29],"killed_by":"Snecko","ascension_level":2}}