{"host":"f0gpob8hq9vgebej","time":1608092220,"event":{"mods":["AchievementEnabler","BaseMod","Googly Eyes","Minty Spire (QoL Compilation)","Quick Restart","SuperFastMode"],"gold_per_floor":[114,125,142,154,164,164,164,182,208,219,219,251,262,279,279,378,378,395,411,426,426,426],"floor_reached":21,"playtime":604,"items_purged":[],"score":246,"play_id":"010a018e-ae1e-4bff-a4ba-06534a2f5f80","local_time":"20201216131700","is_ascension_mode":true,"campfire_choices":[{"data":"Calculated Gamble","floor":6,"key":"SMITH"},{"floor":11,"key":"REST"},{"floor":15,"key":"REST"}],"circlet_count":0,"master_deck":["Strike_G","Strike_G","Strike_G","Strike_G","Defend_G","Defend_G","Defend_G","Defend_G","Survivor","Neutralize","Bouncing Flask","Deadly Poison","Calculated Gamble+1","Deadly Poison","Reflex","Prepared","Acrobatics"],"relics":["Ring of the Snake","Lantern","Meat on the Bone","HoveringKite"],"acts_visited":["Exordium","TheCity"],"potions_floor_usage":[8,10,12,18,18,20],"damage_taken":[{"damage":1,"enemies":"2 Louse","floor":1,"turns":3},{"damage":1,"enemies":"Small Slimes","floor":2,"turns":3},{"damage":0,"enemies":"Cultist","floor":3,"turns":4},{"damage":2,"enemies":"3 Louse","floor":4,"turns":5},{"damage":6,"enemies":"Looter","floor":5,"turns":3},{"damage":24,"enemies":"Gremlin Gang","floor":8,"turns":7},{"damage":10,"enemies":"Lots of Slimes","floor":10,"turns":6},{"damage":14,"enemies":"3 Sentries","floor":12,"turns":7},{"damage":0,"enemies":"Red Slaver","floor":13,"turns":4},{"damage":12,"enemies":"Large Slime","floor":14,"turns":8},{"damage":13,"enemies":"The Guardian","floor":16,"turns":8},{"damage":23,"enemies":"3 Byrds","floor":18,"turns":4},{"damage":0,"enemies":"Spheric Guardian","floor":19,"turns":2},{"damage":19,"enemies":"Shelled Parasite and Fungi","floor":20,"turns":5},{"damage":38,"enemies":"3 Cultists","floor":21,"turns":4}],"seed_played":"1634949950516381374","potions_obtained":[{"floor":3,"key":"Poison Potion"},{"floor":4,"key":"BlessingOfTheForge"},{"floor":10,"key":"CunningPotion"},{"floor":12,"key":"Dexterity Potion"},{"floor":14,"key":"AttackPotion"},{"floor":16,"key":"LiquidMemories"},{"floor":18,"key":"SkillPotion"},{"floor":20,"key":"CultistPotion"}],"is_trial":false,"path_per_floor":["M","M","M","M","M","R","?","M","T","M","R","E","M","M","R","B",null,"M","M","M","M"],"character_chosen":"THE_SILENT","items_purchased":[],"campfire_rested":2,"item_purchase_floors":[],"current_hp_per_floor":[44,43,43,41,35,35,35,11,11,1,22,8,20,20,41,40,63,40,40,33,0,0],"gold":426,"neow_bonus":"REMOVE_TWO","is_daily":false,"chose_seed":false,"campfire_upgraded":1,"win_rate":0.0,"timestamp":1608092220,"path_taken":["M","M","M","M","M","R","?","M","T","M","R","E","M","M","R","BOSS","M","M","M","M"],"items_purchased_type":[],"build_version":"2020-12-13","purchased_purges":0,"victory":false,"max_hp_per_floor":[70,70,70,70,70,70,70,70,70,70,70,70,70,70,70,70,70,70,70,70,70,70],"card_choices":[{"not_picked":["Backflip","Infinite Blades"],"picked":"Bouncing Flask","floor":1},{"not_picked":["Backflip","Cloak And Dagger"],"picked":"Accuracy","floor":2},{"not_picked":["Poisoned Stab","Backstab"],"picked":"Deadly Poison","floor":3},{"not_picked":["Backstab","Riddle With Holes"],"picked":"Calculated Gamble","floor":4},{"not_picked":["Heel Hook","Die Die Die","Poisoned Stab"],"picked":"SKIP","floor":5},{"not_picked":["Poisoned Stab","Infinite Blades","Dagger Throw"],"picked":"SKIP","floor":8},{"not_picked":["Skewer","Outmaneuver","Terror"],"picked":"SKIP","floor":10},{"not_picked":["Backstab","Expertise"],"picked":"Deadly Poison","floor":12},{"not_picked":["Concentrate","Endless Agony","Slice"],"picked":"SKIP","floor":13},{"not_picked":["Caltrops","Deflect"],"picked":"Reflex","floor":14},{"not_picked":["Setup","PiercingWail"],"picked":"Prepared","floor":18},{"not_picked":["Backflip","Grand Finale"],"picked":"Acrobatics","floor":19},{"not_picked":["Flechettes","Dodge and Roll+1","Flying Knee"],"picked":"SKIP","floor":20}],"player_experience":145522,"relics_obtained":[{"floor":9,"key":"Lantern"},{"floor":12,"key":"Meat on the Bone"}],"event_choices":[{"cards_removed":["Accuracy"],"damage_healed":0,"gold_gain":0,"player_choice":"Forget","damage_taken":0,"max_hp_gain":0,"max_hp_loss":0,"event_name":"Living Wall","floor":7,"gold_loss":0}],"is_beta":false,"boss_relics":[{"not_picked":["Fusion Hammer","SlaversCollar"],"picked":"HoveringKite"}],"items_purged_floors":[],"is_endless":false,"potions_floor_spawned":[3,4,10,12,14,16,18,20],"killed_by":"3 Cultists","ascension_level":6}}