{"host":"zsm7bdfo51n66z45","time":1608083759,"event":{"mods":["AchievementEnabler","BaseMod","Colored Powertips","Minty Spire (QoL Compilation)","Relic Stats","Spicy Shops","StSLib","TheBandit","Waifu the Spire"],"gold_per_floor":[111,111,122,132,145,145,145,165,165,63,78,78,48,48,48,147,147,161,173,0,0,0,0],"floor_reached":21,"playtime":876,"items_purged":[],"score":194,"play_id":"a62effa0-c260-4d56-9158-eb407f2fb6cc","local_time":"20201215195559","is_ascension_mode":false,"campfire_choices":[{"floor":6,"key":"REST"},{"floor":12,"key":"REST"},{"floor":15,"key":"REST"}],"circlet_count":0,"master_deck":["wariomod:Strike","wariomod:Strike","wariomod:Strike","wariomod:Strike","wariomod:Defend","wariomod:Defend","wariomod:Defend","wariomod:Defend","wariomod:Step","wariomod:Leap","wariomod:Bombshield","wariomod:BoomBoom+1","wariomod:BoomBoom","wariomod:Smackflip","wariomod:SilenceBombs","wariomod:BoomBoom","wariomod:GoAgain","wariomod:BoomBoom","wariomod:Bombshield+1"],"relics":["SlaversCollar","GremlinMask","Odd Mushroom","StoneCalendar","Black Star"],"acts_visited":["Exordium","TheCity"],"potions_floor_usage":[5,16,21,21],"damage_taken":[{"damage":5,"enemies":"2 Louse","floor":1,"turns":3},{"damage":4,"enemies":"Cultist","floor":3,"turns":4},{"damage":2,"enemies":"Small Slimes","floor":4,"turns":4},{"damage":29,"enemies":"Exordium Thugs","floor":5,"turns":5},{"damage":25,"enemies":"The Mushroom Lair","floor":8,"turns":4},{"damage":25,"enemies":"Large Slime","floor":11,"turns":6},{"damage":7,"enemies":"Looter","floor":13,"turns":4},{"damage":61,"enemies":"The Guardian","floor":16,"turns":9},{"damage":32,"enemies":"Shell Parasite","floor":18,"turns":7},{"damage":31,"enemies":"3 Byrds","floor":19,"turns":5},{"damage":21,"enemies":"Snecko","floor":21,"turns":3}],"seed_played":"6466796118270485098","potions_obtained":[{"floor":1,"key":"CultistPotion"},{"floor":5,"key":"Dexterity Potion"},{"floor":11,"key":"Swift Potion"},{"floor":16,"key":"Weak Potion"}],"is_trial":false,"path_per_floor":["M","?","M","M","M","R","?","?","T","$","M","R","M","?","R","B",null,"M","M","?","M"],"character_chosen":"THE_BANDIT","items_purchased":["wariomod:SilenceBombs","wariomod:BoomBoom"],"campfire_rested":3,"item_purchase_floors":[10,10],"current_hp_per_floor":[75,75,71,69,40,64,64,39,39,39,14,38,31,57,80,19,80,48,17,17,0,0,0],"gold":0,"neow_bonus":"BOSS_RELIC","is_daily":false,"chose_seed":false,"campfire_upgraded":0,"win_rate":0.0,"timestamp":1608083759,"path_taken":["M","?","M","M","?","R","?","?","T","$","M","R","?","?","R","BOSS","M","M","?","M"],"items_purchased_type":["Card","Card"],"build_version":"2020-12-13","purchased_purges":0,"victory":false,"max_hp_per_floor":[80,80,80,80,80,80,80,80,80,80,80,80,80,80,80,80,80,80,80,80,80,80,80],"relic_stats":{"counters":[11,54],"StoneCalendar":[32],"Black Star":0,"obtain_stats":[{"SlaversCollar":0,"wariomod:TheHat":0,"GremlinMask":2,"StoneCalendar":9,"Black Star":17,"Odd Mushroom":8},{"SlaversCollar":0,"wariomod:TheHat":0,"GremlinMask":1,"StoneCalendar":5,"Black Star":8,"Odd Mushroom":5},{"SlaversCollar":0,"wariomod:TheHat":0,"GremlinMask":3,"StoneCalendar":20,"Black Star":39,"Odd Mushroom":20}]},"card_choices":[{"not_picked":["wariomod:HappyHop","wariomod:DanceDash"],"picked":"wariomod:Bombshield","floor":1},{"not_picked":["wariomod:Bombshield","wariomod:Smackflip"],"picked":"wariomod:BoomBoom","floor":3},{"not_picked":["wariomod:SmackSlam","wariomod:BigUpgrade"],"picked":"wariomod:BoomBoom","floor":4},{"not_picked":["wariomod:ChargeForth","wariomod:DoubleDip","wariomod:Hopshield"],"picked":"SKIP","floor":5},{"not_picked":["wariomod:ChargeForth","wariomod:DisarmingMoves"],"picked":"wariomod:Smackflip","floor":8},{"not_picked":["wariomod:AwfulLook","wariomod:BumRush","wariomod:ChargeForth"],"picked":"SKIP","floor":11},{"not_picked":["wariomod:BumRush","wariomod:HastyRush","wariomod:SmallSprint"],"picked":"SKIP","floor":13},{"not_picked":["wariomod:Enshrine","wariomod:FabulousPrizes"],"picked":"wariomod:GoAgain","floor":16},{"not_picked":["wariomod:SpikeSlash+1","wariomod:Leapslam"],"picked":"wariomod:BoomBoom","floor":18},{"not_picked":["wariomod:Game","wariomod:Immortalize"],"picked":"wariomod:Bombshield+1","floor":19}],"player_experience":152005,"relics_obtained":[{"floor":8,"key":"Odd Mushroom"},{"floor":9,"key":"StoneCalendar"}],"event_choices":[{"damage_healed":0,"gold_gain":0,"player_choice":"Trade","damage_taken":0,"relics_obtained":["GremlinMask"],"max_hp_gain":0,"max_hp_loss":0,"event_name":"FaceTrader","floor":2,"gold_loss":0},{"damage_healed":0,"gold_gain":0,"player_choice":"Grow","damage_taken":0,"max_hp_gain":0,"max_hp_loss":0,"event_name":"Living Wall","floor":7,"gold_loss":0,"cards_upgraded":["wariomod:BoomBoom"]},{"damage_healed":0,"gold_gain":0,"player_choice":"Fought Mushrooms","damage_taken":0,"max_hp_gain":0,"max_hp_loss":0,"event_name":"Mushrooms","floor":8,"gold_loss":0},{"damage_healed":26,"gold_gain":0,"player_choice":"Banana","damage_taken":0,"max_hp_gain":0,"max_hp_loss":0,"event_name":"Big Fish","floor":14,"gold_loss":0},{"damage_healed":0,"gold_gain":0,"player_choice":"Paid Fearfully","damage_taken":0,"max_hp_gain":0,"max_hp_loss":0,"event_name":"Masked Bandits","floor":20,"gold_loss":173}],"is_beta":false,"boss_relics":[{"not_picked":["Sozu","Philosopher\u0027s Stone"],"picked":"Black Star"}],"items_purged_floors":[],"is_endless":false,"potions_floor_spawned":[1,5,11,16],"killed_by":"Snecko","ascension_level":0}}