{"host":"Rich","time":1608142354,"event":{"mods":["AchievementEnabler","BaseMod","Highlight Path","Minty Spire (QoL Compilation)","Relic Stats"],"gold_per_floor":[12,24,24,40,40,68,68,88,88,13,13,13,32,52,52,127,127,139,153,153,163,181,181,195,230,230,230,259,259,287,287,287,287,287],"floor_reached":33,"playtime":1712,"items_purged":["Pain"],"score":614,"play_id":"993b99d8-0f90-47ba-81be-5b0c4f4574d3","local_time":"20201216131234","is_ascension_mode":true,"campfire_choices":[{"floor":7,"key":"REST"},{"floor":12,"key":"REST"},{"data":"Chill","floor":15,"key":"SMITH"},{"floor":23,"key":"REST"},{"floor":27,"key":"REST"},{"floor":29,"key":"DIG"},{"floor":32,"key":"REST"}],"circlet_count":0,"master_deck":["AscendersBane","Strike_B","Strike_B","Strike_B","Defend_B","Defend_B","Defend_B","Zap","Dualcast","Doom and Gloom","Redo","Glacier","Undo","Reboot","Turbo","Chill+1","Biased Cognition","Chill","Doom and Gloom","Genetic Algorithm"],"relics":["Cracked Core","WarpedTongs","Art of War","InkBottle","Fusion Hammer","Potion Belt","Bottled Lightning","Shovel","Incense Burner","Molten Egg 2"],"acts_visited":["Exordium","TheCity"],"potions_floor_usage":[6,16,21,25,33],"damage_taken":[{"damage":0,"enemies":"Small Slimes","floor":1,"turns":2},{"damage":0,"enemies":"Cultist","floor":2,"turns":3},{"damage":4,"enemies":"2 Louse","floor":4,"turns":2},{"damage":26,"enemies":"3 Sentries","floor":6,"turns":7},{"damage":18,"enemies":"Exordium Thugs","floor":8,"turns":7},{"damage":4,"enemies":"2 Fungi Beasts","floor":13,"turns":3},{"damage":6,"enemies":"Red Slaver","floor":14,"turns":4},{"damage":5,"enemies":"The Guardian","floor":16,"turns":10},{"damage":0,"enemies":"Spheric Guardian","floor":18,"turns":6},{"damage":0,"enemies":"3 Byrds","floor":19,"turns":5},{"damage":3,"enemies":"Centurion and Healer","floor":21,"turns":9},{"damage":12,"enemies":"Shelled Parasite and Fungi","floor":22,"turns":7},{"damage":14,"enemies":"Snake Plant","floor":24,"turns":4},{"damage":22,"enemies":"Gremlin Leader","floor":25,"turns":7},{"damage":10,"enemies":"Slavers","floor":28,"turns":6},{"damage":12,"enemies":"Book of Stabbing","floor":30,"turns":6},{"damage":82,"enemies":"Champ","floor":33,"turns":13}],"seed_played":"-7939384480425482177","potions_obtained":[{"floor":1,"key":"Explosive Potion"},{"floor":4,"key":"Weak Potion"},{"floor":14,"key":"PowerPotion"},{"floor":18,"key":"Fire Potion"},{"floor":22,"key":"EssenceOfSteel"},{"floor":25,"key":"Regen Potion"}],"is_trial":false,"path_per_floor":["M","M","?","M","?","E","R","M","T","$","$","R","M","M","R","B",null,"M","M","?","M","M","R","M","E","T","R","E","R","E","?","R","B"],"character_chosen":"DEFECT","items_purchased":[],"campfire_rested":5,"item_purchase_floors":[],"current_hp_per_floor":[64,64,64,60,60,34,55,37,37,37,37,58,54,48,48,43,64,64,64,54,51,39,60,46,24,24,45,35,35,23,23,44,0,0],"gold":287,"neow_bonus":"TRANSFORM_TWO_CARDS","is_daily":false,"chose_seed":false,"campfire_upgraded":1,"win_rate":0.0,"timestamp":1608142354,"path_taken":["M","M","?","?","?","E","R","M","T","?","$","R","M","M","R","BOSS","M","M","?","M","?","R","M","E","T","R","E","R","E","?","R","BOSS"],"items_purchased_type":[],"build_version":"2020-12-07","purchased_purges":1,"victory":false,"max_hp_per_floor":[71,71,71,71,71,71,71,71,71,71,71,71,71,71,71,71,71,71,71,71,71,71,71,71,71,71,71,71,71,71,71,71,71,71],"relic_stats":{"Shovel":1,"counters":[17,101],"Art of War":[30],"obtain_stats":[{"Potion Belt":25,"Shovel":28,"Molten Egg 2":30,"Fusion Hammer":17,"Art of War":5,"Incense Burner":29,"Bottled Lightning":26,"Cracked Core":0,"InkBottle":6,"WarpedTongs":3},{"Potion Belt":14,"Shovel":15,"Molten Egg 2":16,"Fusion Hammer":8,"Art of War":3,"Incense Burner":15,"Bottled Lightning":14,"Cracked Core":0,"InkBottle":4,"WarpedTongs":2},{"Potion Belt":76,"Shovel":82,"Molten Egg 2":88,"Fusion Hammer":38,"Art of War":7,"Incense Burner":82,"Bottled Lightning":76,"Cracked Core":0,"InkBottle":14,"WarpedTongs":5}],"InkBottle":[27],"WarpedTongs":[95]},"card_choices":[{"not_picked":["Compile Driver","Skim"],"picked":"Glacier","floor":1},{"not_picked":["Beam Cell","Rebound","Tempest"],"picked":"SKIP","floor":2},{"not_picked":["Gash","Aggregate"],"picked":"Undo","floor":4},{"not_picked":["Melter","Gash"],"picked":"Reboot","floor":6},{"not_picked":["Blizzard","Recycle"],"picked":"Turbo","floor":8},{"not_picked":["Hologram","White Noise"],"picked":"Chill","floor":13},{"not_picked":["Steam","Consume","Ball Lightning"],"picked":"SKIP","floor":14},{"not_picked":["Thunder Strike","Fission"],"picked":"Biased Cognition","floor":16},{"not_picked":["Go for the Eyes","Tempest"],"picked":"Chill","floor":18},{"not_picked":["FTL","Rip and Tear+1","Sunder"],"picked":"SKIP","floor":19},{"not_picked":["Hello World","Cold Snap","Redo"],"picked":"SKIP","floor":21},{"not_picked":["White Noise","Reprogram"],"picked":"Doom and Gloom","floor":22},{"not_picked":["Leap+1","Skim","Aggregate"],"picked":"SKIP","floor":24},{"not_picked":["Redo","Storm","Barrage"],"picked":"SKIP","floor":25},{"not_picked":["Consume","FTL","Streamline"],"picked":"SKIP","floor":28},{"not_picked":["Rebound+1","Capacitor"],"picked":"Genetic Algorithm","floor":30}],"player_experience":1906975,"relics_obtained":[{"floor":6,"key":"InkBottle"},{"floor":25,"key":"Potion Belt"},{"floor":26,"key":"Bottled Lightning"},{"floor":28,"key":"Shovel"},{"floor":29,"key":"Incense Burner"},{"floor":30,"key":"Molten Egg 2"}],"event_choices":[{"damage_healed":0,"gold_gain":0,"player_choice":"Rummage","damage_taken":0,"relics_obtained":["WarpedTongs"],"max_hp_gain":0,"max_hp_loss":0,"event_name":"Accursed Blacksmith","floor":3,"gold_loss":0,"cards_obtained":["Pain"]},{"damage_healed":0,"gold_gain":0,"player_choice":"Gave Potion","damage_taken":0,"relics_obtained":["Art of War"],"max_hp_gain":0,"max_hp_loss":0,"event_name":"WeMeetAgain","floor":5,"gold_loss":0},{"damage_healed":0,"gold_gain":0,"player_choice":"Damaged","damage_taken":10,"max_hp_gain":0,"max_hp_loss":0,"event_name":"Wheel of Change","floor":20,"gold_loss":0},{"damage_healed":0,"gold_gain":0,"player_choice":"Ignored","damage_taken":0,"max_hp_gain":0,"max_hp_loss":0,"event_name":"Ghosts","floor":31,"gold_loss":0}],"is_beta":true,"boss_relics":[{"not_picked":["FrozenCore","Ectoplasm"],"picked":"Fusion Hammer"}],"items_purged_floors":[10],"is_endless":false,"potions_floor_spawned":[1,4,14,18,22,25],"killed_by":"Champ","ascension_level":20}}