{"host":"agela5aetnmltfvm","time":1608121025,"event":{"mods":["BaseMod","Colored Map","Jorbs\u0027s Wanderer Trilogy","Lobotomy","Minty Spire (QoL Compilation)","Replay The Spire","StSLib","The Hierophant","The Jungle","The Runesmith"],"gold_per_floor":[20,32,32,32,307,307,318,337,337,337,356,130,130,130,130,228,228,246,16,27,27,9,27,47,60,60,60,60,60],"floor_reached":28,"playtime":1186,"items_purged":["Regret"],"score":210,"play_id":"5551677a-eb62-46f2-b4d4-812e295306aa","local_time":"20201216201705","is_ascension_mode":false,"campfire_choices":[{"data":"Runesmith:Fortify","floor":6,"key":"SMITH"},{"data":"Runesmith:BackupBattery","floor":10,"key":"SMITH"},{"data":"Runesmith:FieryHammer","floor":27,"key":"SMITH"}],"circlet_count":0,"master_deck":["Runesmith:Strike_RS","Runesmith:Strike_RS","Runesmith:Strike_RS+1","Runesmith:Defend_RS","Runesmith:Defend_RS","Runesmith:Defend_RS","Runesmith:CraftFirestone","Runesmith:Fortify+1","Runesmith:CraftObretio","Runesmith:PerfectChisel","Runesmith:BackupBattery+1","Runesmith:FissionHammer","Runesmith:CraftReservo","Runesmith:UnlimitedPower","Runesmith:Permafrost","Runesmith:FieryHammer+1","Runesmith:OneForEveryone+1","Runesmith:HammerAndChisel"],"relics":["Runesmith:BrokenRuby","Ring of Peace","Pen Nib","Matryoshka","Snecko Eye","Membership Card","Whetstone","Runesmith:MiniCore"],"acts_visited":["Exordium","Exordium"],"potions_floor_usage":[23,28],"damage_taken":[{"damage":4,"enemies":"2 Louse","floor":1,"turns":2},{"damage":0,"enemies":"Cultist","floor":2,"turns":3},{"damage":0,"enemies":"Jaw Worm","floor":7,"turns":4},{"damage":3,"enemies":"2 Fungi Beasts","floor":8,"turns":5},{"damage":2,"enemies":"Red Slaver","floor":11,"turns":4},{"damage":36,"enemies":"Fading Forest","floor":16,"turns":11},{"damage":0,"enemies":"theJungle:GiantWrat","floor":18,"turns":7},{"damage":16,"enemies":"theJungle:MUSHROOMGANG","floor":20,"turns":5},{"damage":6,"enemies":"theJungle:JungleHuntersEncounter","floor":23,"turns":7},{"damage":16,"enemies":"theJungle:2_Snecko_Cultists","floor":24,"turns":5},{"damage":4,"enemies":"Snake Plant","floor":25,"turns":7},{"damage":30,"enemies":"theJungle:2_Phrogs","floor":28,"turns":4}],"seed_played":"-5026831342922232615","potions_obtained":[{"floor":7,"key":"Swift Potion"},{"floor":11,"key":"Adrenaline Potion"},{"floor":16,"key":"Death Potion"},{"floor":25,"key":"Explosive Potion"}],"is_trial":false,"path_per_floor":["M","M","?","$","?","R","M","M","T","R","M","$","?","?","R_BF","B",null,"M","$","M","?","$","M","M","M","T","R","E"],"character_chosen":"RUNESMITH_CLASS","items_purchased":["Runesmith:FissionHammer","Membership Card","Runesmith:Permafrost","Runesmith:FieryHammer","Runesmith:OneForEveryone"],"campfire_rested":0,"item_purchase_floors":[12,19,19,19,22],"current_hp_per_floor":[66,66,66,66,66,66,66,63,63,63,61,61,61,61,61,35,70,70,70,54,56,56,50,34,30,30,30,0,0],"gold":60,"neow_bonus":"REMOVE_TWO","is_daily":false,"chose_seed":false,"campfire_upgraded":3,"win_rate":0.0,"timestamp":1608121025,"path_taken":["M","M","?","$","?","R","?","M","T","R","M","$","?","?","R_BF","BOSS","M","?","M","?","$","M","M","M","T","R","E"],"items_purchased_type":["Card","Relic","Card","Card","Card"],"build_version":"2020-12-13","purchased_purges":1,"victory":false,"max_hp_per_floor":[70,70,70,70,70,70,70,70,70,70,70,70,70,70,70,70,70,70,70,70,70,70,70,70,70,70,70,70,70],"card_choices":[{"not_picked":["Runesmith:RuneHurl","Runesmith:HeatExchange"],"picked":"Runesmith:CraftObretio","floor":1},{"not_picked":["Runesmith:CraftProtectio","Runesmith:ShiftingStrike"],"picked":"Runesmith:PerfectChisel","floor":2},{"not_picked":["Runesmith:ChiselStab","Runesmith:Superposition"],"picked":"Runesmith:BackupBattery","floor":7},{"not_picked":["Runesmith:ElementalConversion","Runesmith:StaticCage"],"picked":"Runesmith:UnstableHammer","floor":8},{"not_picked":["Runesmith:StaticCage","Runesmith:CraftReservo","Runesmith:ShiftingStrike"],"picked":"SKIP","floor":11},{"not_picked":["Runesmith:Duplicate","Runesmith:MetallurgicalResearch"],"picked":"Runesmith:UnlimitedPower","floor":16},{"not_picked":["Runesmith:UnstableHammer","Runesmith:HammerThrow","Runesmith:CraftReservo+1"],"picked":"SKIP","floor":18},{"not_picked":["Runesmith:CraftProtectio","Runesmith:ElementalConversion","Runesmith:ChiselStab"],"picked":"SKIP","floor":20},{"not_picked":["Runesmith:HeatExchange","Runesmith:Accelerate","Runesmith:RuneHurl+1"],"picked":"SKIP","floor":23},{"not_picked":["Runesmith:ChiselStab","Runesmith:BackupBattery","Runesmith:EnergizedChisel"],"picked":"SKIP","floor":24},{"not_picked":["Runesmith:NanitesCloud","Runesmith:NegativeSpace"],"picked":"Runesmith:HammerAndChisel","floor":25}],"player_experience":514792,"relics_obtained":[{"floor":3,"key":"Ring of Peace"},{"floor":9,"key":"Pen Nib"},{"floor":26,"key":"Whetstone"},{"floor":26,"key":"Runesmith:MiniCore"}],"event_choices":[{"damage_healed":0,"gold_gain":275,"player_choice":"Desecrate","damage_taken":0,"max_hp_gain":0,"max_hp_loss":0,"event_name":"Golden Shrine","floor":5,"gold_loss":0,"cards_obtained":["Regret"]},{"damage_healed":0,"gold_gain":0,"player_choice":"Box","damage_taken":0,"relics_obtained":["Matryoshka"],"max_hp_gain":0,"max_hp_loss":0,"event_name":"Big Fish","floor":13,"gold_loss":0,"cards_obtained":["Regret"]},{"damage_healed":0,"gold_gain":0,"cards_transformed":["Runesmith:UnstableHammer"],"player_choice":"Transformed","damage_taken":0,"max_hp_gain":0,"max_hp_loss":0,"event_name":"Transmorgrifier","floor":14,"gold_loss":0,"cards_obtained":["Runesmith:CraftReservo"]},{"cards_removed":["Regret"],"damage_healed":0,"gold_gain":0,"player_choice":"Purged","damage_taken":0,"max_hp_gain":0,"max_hp_loss":0,"event_name":"Purifier","floor":15,"gold_loss":0}],"is_beta":false,"boss_relics":[{"not_picked":["Painkiller Herb","Coffee Dripper"],"picked":"Snecko Eye"}],"items_purged_floors":[12],"is_endless":false,"potions_floor_spawned":[7,11,16,25],"killed_by":"theJungle:2_Phrogs","ascension_level":0}}