{"host":"g53g9qlo34vrqi92","time":1608099014,"event":{"mods":["Aspiration","Bard","BaseMod","Beaked The Cultist","BetterRewards","Colored Map","Conspire","Energized Spire","Fiend Mod","GifTheSpireLib","Googly Eyes","Gremlin Skip","Halation","Hermit","Hubris","Infinite Spire","Jedi Mod","Minty Spire (QoL Compilation)","Permanent Neow","Quick Restart","Relic Filter","Replay The Spire","Spikes Relics","StSLib","Stuff the Spire","Synergy Search","The Bladedancer","The Bug Knight","The Construct","The Cursed","The Factory","The Forsaken","The Jungle","The Necromancer","The Spell Scribe","The Trickster","Trackpad","slay the spire mod where everything is the same but ironclad has a cowboy hat","vexMod"],"gold_per_floor":[116,133,144,144,144,144,144,170,11,11,11,11,23,57,70,70,70,170,170,183,183,183,183,183,198,52,79,79,79,102,118,118,118,147,164,164,260,260,275,291,81,93,107,107,132,132,132,142,142,142,173,4,4,4,4,4,4,31,31],"floor_reached":60,"playtime":3529,"items_purged":["Strike_G","Strike_G"],"score":1523,"play_id":"1b11ef88-b58b-4220-9bbe-ad1f4ca26044","local_time":"20201215221014","is_ascension_mode":false,"campfire_choices":[{"floor":17.0,"key":"RECALL"},{"data":"Cloak And Dagger","floor":28.0,"key":"SMITH"},{"data":"Accuracy","floor":32.0,"key":"SMITH"},{"floor":36.0,"key":"REST"},{"data":"Adrenaline","floor":44.0,"key":"SMITH"},{"data":"Calculated Gamble","floor":46,"key":"SMITH"},{"data":"Neutralize","floor":53,"key":"SMITH"}],"circlet_count":0,"master_deck":["Strike_G","Strike_G","Strike_G","Defend_G","Defend_G","Defend_G","Defend_G","Defend_G","Survivor","Neutralize+1","ReplayTheSpireMod:Scrap Shanks+1","Footwork","Deflect","Accuracy+1","Backstab+1","Cloak And Dagger+1","StuffTheSpire:Injection","Backflip","ReplayTheSpireMod:Shiv Toss+1","PiercingWail","Blade Dance","Hidden Blade","ReplayTheSpireMod:From All Sides+1","Calculated Gamble+1","StuffTheSpire:Python+1","Cloak And Dagger+1","Adrenaline+1","StuffTheSpire:Repulse","infinitespire:Gouge","Outmaneuver+1","Dodge and Roll+1","PiercingWail","StuffTheSpire:Shiver","Corpse Explosion","ReplayTheSpireMod:Tripwire+1","Cloak And Dagger+1","Footwork"],"relics":["m_ByrdBlood","Membership Card","Bronze Scales","BicycleWheel","trackpad:WeightlessShivs","infinitespire:Cubic Diamond","Paper Crane","Chameleon Ring","GremlinMask","infinitespire:CursedDice","WristBlade","vexMod:HeadHunter","Whetstone","theForsaken:ScaryMask","HornCleat","hubris:SlimyHat","trackpad:WondrousWand","trackpad:CultistFigurine","StuffTheSpire:RubySignet","infinitespire:PuzzleCube","infinitespire:Lucky Rock","trackpad:PetRock"],"acts_visited":["Exordium","TheCity","TheBeyond","TheEnding"],"potions_floor_usage":[54,54,59,59,59],"damage_taken":[{"damage":0.0,"enemies":"Small Slimes","floor":1.0,"turns":4.0},{"damage":0.0,"enemies":"Cultist","floor":2.0,"turns":3.0},{"damage":0.0,"enemies":"Jaw Worm","floor":3.0,"turns":3.0},{"damage":4.0,"enemies":"Replay:BlueRogue","floor":8.0,"turns":5.0},{"damage":0.0,"enemies":"Large Slime","floor":13.0,"turns":6.0},{"damage":14.0,"enemies":"Gremlin Nob","floor":14.0,"turns":4.0},{"damage":0.0,"enemies":"conspire:2 RoseBushes","floor":15.0,"turns":4.0},{"damage":28.0,"enemies":"Hexaghost","floor":18.0,"turns":6.0},{"damage":6.0,"enemies":"Spheric Guardian","floor":20.0,"turns":3.0},{"damage":1.0,"enemies":"Shell Parasite","floor":25.0,"turns":3.0},{"damage":13.0,"enemies":"conspire:SneckoGhost","floor":27.0,"turns":4.0},{"damage":14.0,"enemies":"3 Cultists","floor":31.0,"turns":5.0},{"damage":77.0,"enemies":"Nightmare","floor":34.0,"turns":12.0},{"damage":11.0,"enemies":"Cultist and Chosen","floor":35.0,"turns":5.0},{"damage":30.0,"enemies":"Automaton","floor":37.0,"turns":8.0},{"damage":0.0,"enemies":"Orb Walker","floor":39.0,"turns":3.0},{"damage":14.0,"enemies":"3 Darklings","floor":40.0,"turns":3.0},{"damage":0.0,"enemies":"Transient","floor":42.0,"turns":5.0},{"damage":0.0,"enemies":"Writhing Mass","floor":43.0,"turns":5.0},{"damage":5,"enemies":"Giant Head","floor":45,"turns":7},{"damage":8,"enemies":"Maw","floor":48,"turns":6},{"damage":15,"enemies":"Reptomancer","floor":51,"turns":6},{"damage":20,"enemies":"Awakened One","floor":54,"turns":12},{"damage":11,"enemies":"Shield and Spear","floor":58,"turns":3},{"damage":95,"enemies":"The Heart","floor":59,"turns":10}],"seed_played":"1845039827623665609","potions_obtained":[{"floor":2.0,"key":"Strength Potion"},{"floor":10.0,"key":"jedi:StrikingPotion"},{"floor":10.0,"key":"Elixir"},{"floor":14.0,"key":"LiquidBronze"},{"floor":15.0,"key":"jedi:hoardpotion"},{"floor":18.0,"key":"jedi:holywater"},{"floor":25.0,"key":"Regen Potion"},{"floor":37.0,"key":"Energy Potion"},{"floor":56,"key":"Milkshake"},{"floor":56,"key":"FearPotion"}],"is_trial":false,"path_per_floor":["M","M","M","?","PTL","PTL","?","E","$","R","T","?","M","E","M","?","R","B",null,"M","?","$","PTL","PTL","M","$","E","R","AVR","T","M","R","T","NM","M","R","B",null,"M","M","$","M","M","R","E","R","T","M","AVR","?","E","$","R","B",null,"R","$","E","B",null],"character_chosen":"THE_SILENT","items_purchased":["Membership Card","Bronze Scales","BicycleWheel","ReplayTheSpireMod:Scrap Shanks","Footwork","Deflect","Accuracy","trackpad:WeightlessShivs","Chameleon Ring","ReplayTheSpireMod:Shiv Toss","vexMod:HeadHunter","Toxic Potion","trackpad:WondrousWand","PiercingWail","infinitespire:Lucky Rock","Footwork"],"campfire_rested":1,"item_purchase_floors":[0,0,0,0,0,0,0,0,9,9,26,41,41,41,52,52],"current_hp_per_floor":[42,42,42,42,42,42,42,48,48,48,48,48,58,54,62,62,62,46,70,70,70,70,70,70,70,70,67,67,67,67,63,63,63,46,45,66,49,70,70,64,64,70,70,70,70,70,70,70,70,70,69,69,69,70,70,70,70,69,50],"gold":31,"neow_bonus":"","is_daily":false,"chose_seed":false,"campfire_upgraded":5,"win_rate":0.0,"timestamp":1608099014,"path_taken":["M","M","M","?","PTL","PTL","?","E","$","R","T","?","M","E","?","?","R","BOSS","M","?","$","PTL","PTL","?","?","E","R","AVR","T","M","R","?","NM","M","R","BOSS","M","M","$","M","M","R","E","R","T","M","AVR","?","E","$","R","BOSS","R","$","E","BOSS"],"items_purchased_type":["Relic","Relic","Relic","Card","Card","Card","Card","Relic","Relic","Card","Relic","Potion","Relic","Card","Relic","Card"],"build_version":"2020-12-13","purchased_purges":2,"victory":true,"max_hp_per_floor":[70,70,70,70,70,70,70,70,70,70,70,70,70,70,70,70,70,70,70,70,70,70,70,70,70,70,70,70,70,70,70,70,70,70,70,70,70,70,70,70,70,70,70,70,70,70,70,70,70,70,70,70,70,70,70,70,70,70,70],"card_choices":[{"not_picked":["Flechettes","Endless Agony"],"picked":"Backstab","floor":1.0},{"not_picked":["PiercingWail","ShadowRift"],"picked":"Cloak And Dagger","floor":2.0},{"not_picked":["ReplayTheSpireMod:Exploit Weakness","Deflect"],"picked":"StuffTheSpire:Injection","floor":3.0},{"not_picked":["Blur","Quick Slash"],"picked":"Backflip","floor":8.0},{"not_picked":["InfectiousVector","Flying Knee"],"picked":"PiercingWail","floor":13.0},{"not_picked":["StuffTheSpire:Incantation","Dagger Spray"],"picked":"Blade Dance","floor":14.0},{"not_picked":["Backstab","Flying Knee"],"picked":"Hidden Blade","floor":15.0},{"not_picked":["Hemogenesis","Burst"],"picked":"ReplayTheSpireMod:From All Sides","floor":18.0},{"not_picked":["StuffTheSpire:BumpUp","Prepared"],"picked":"Calculated Gamble","floor":20.0},{"not_picked":["Slice","Escape Plan"],"picked":"StuffTheSpire:Python+1","floor":25.0},{"not_picked":["Grand Finale","Die Die Die","A Thousand Cuts"],"picked":"SKIP","floor":27.0},{"not_picked":["StuffTheSpire:Injection","Draining Mist","Acrobatics"],"picked":"SKIP","floor":27.0},{"not_picked":["StuffTheSpire:ClusterCrunch","Backflip"],"picked":"Cloak And Dagger+1","floor":31.0},{"not_picked":["Venomology","Malaise"],"picked":"Adrenaline","floor":34.0},{"not_picked":["Hidden Blade","Expertise"],"picked":"StuffTheSpire:Repulse","floor":34.0},{"not_picked":["hubris:Fate","infinitespire:FinalStrike"],"picked":"infinitespire:Gouge","floor":34.0},{"not_picked":["Flying Knee","Riddle With Holes"],"picked":"Outmaneuver+1","floor":35.0},{"not_picked":["Prepared","jedi:poisonivy+1","jedi:collectorvenom+1"],"picked":"SKIP","floor":39.0},{"not_picked":["Deflect","Leg Sweep"],"picked":"Dodge and Roll+1","floor":40.0},{"not_picked":["Leg Sweep+1","hubris:SlightOfHand+1"],"picked":"StuffTheSpire:Shiver","floor":42.0},{"not_picked":["Slice+1","StuffTheSpire:Sprint","Dagger Spray"],"picked":"SKIP","floor":43.0},{"not_picked":["Envenom","jedi:rejectivetoxin"],"picked":"Corpse Explosion","floor":45},{"not_picked":["Slice","Quick Slash"],"picked":"ReplayTheSpireMod:Tripwire+1","floor":45},{"not_picked":["Dagger Spray+1","beaked:Resilience+1"],"picked":"Cloak And Dagger+1","floor":48},{"not_picked":["Bullet Time","Poison Darts","Night Terror"],"picked":"SKIP","floor":51},{"not_picked":["Backstab","Prepared+1","StuffTheSpire:BumpUp"],"picked":"SKIP","floor":51},{"not_picked":["Tools of the Trade","Glass Knife","Die Die Die"],"picked":"SKIP","floor":58},{"not_picked":["PiercingWail+1","StuffTheSpire:Fury+1","StuffTheSpire:BumpUp"],"picked":"SKIP","floor":58}],"player_experience":984722,"relics_obtained":[{"floor":8.0,"key":"Paper Crane"},{"floor":14.0,"key":"infinitespire:CursedDice"},{"floor":27.0,"key":"Whetstone"},{"floor":33.0,"key":"HornCleat"},{"floor":34.0,"key":"hubris:SlimyHat"},{"floor":45,"key":"trackpad:CultistFigurine"},{"floor":47,"key":"StuffTheSpire:RubySignet"},{"floor":51,"key":"infinitespire:PuzzleCube"},{"floor":58,"key":"trackpad:PetRock"}],"event_choices":[{"damage_healed":0.0,"max_hp_gain":0.0,"max_hp_loss":0.0,"gold_gain":0.0,"event_name":"conspire:LoneGhost","player_choice":"Disagree","floor":4.0,"gold_loss":0.0,"damage_taken":0.0},{"damage_healed":0.0,"max_hp_gain":0.0,"max_hp_loss":0.0,"gold_gain":0.0,"event_name":"FaceTrader","player_choice":"Trade","floor":12.0,"gold_loss":0.0,"damage_taken":0.0,"relics_obtained":["GremlinMask"]},{"damage_healed":0.0,"max_hp_gain":0.0,"max_hp_loss":0.0,"gold_gain":0.0,"event_name":"Accursed Blacksmith","player_choice":"Forge","floor":21.0,"gold_loss":0.0,"damage_taken":0.0,"cards_upgraded":["ReplayTheSpireMod:Scrap Shanks"]}],"is_beta":false,"boss_relics":[{"not_picked":["vexMod:DeviousBotling","halation:PlatinumPhoenix"],"picked":"WristBlade"},{"not_picked":["aspiration:RandomNobGenerator","aspiration:BeakedSkillbook","Honey Jar"]}],"items_purged_floors":[41,52],"is_endless":false,"potions_floor_spawned":[2,14,15,18,25,37,39,42,43,45],"ascension_level":0}}