{"host":"i1h39d0gfh5c6uxl","time":1608093709,"event":{"mods":["AchievementEnabler","BaseMod","Colored Map","Colored Powertips","Highlight Path","Minty Spire (QoL Compilation)"],"gold_per_floor":[109,109,121,141,161,189,189,203,248,267,267,294,294,294,294],"floor_reached":14,"playtime":585,"items_purged":[],"score":204,"play_id":"a5e52a46-cb06-4300-adbe-07f67e911f72","local_time":"20201216124149","is_ascension_mode":true,"campfire_choices":[{"floor":7,"key":"REST"},{"floor":11,"key":"REST"}],"circlet_count":0,"master_deck":["AscendersBane","Strike_R","Strike_R","Strike_R","Defend_R","Defend_R","Defend_R","Defend_R","Bash","Flame Barrier","Pommel Strike","Armaments","Cleave","Shrug It Off","Twin Strike","True Grit","Corruption","True Grit+1","Sentinel+1","Power Through+1","Second Wind+1"],"relics":["Burning Blood","Prayer Wheel","Toxic Egg 2","Dream Catcher","Meat on the Bone"],"acts_visited":["Exordium"],"potions_floor_usage":[6,6,8,12],"damage_taken":[{"damage":13,"enemies":"Jaw Worm","floor":1,"turns":5},{"damage":1,"enemies":"Cultist","floor":3,"turns":3},{"damage":4,"enemies":"Small Slimes","floor":4,"turns":3},{"damage":11,"enemies":"Blue Slaver","floor":5,"turns":4},{"damage":23,"enemies":"Lagavulin","floor":6,"turns":6},{"damage":36,"enemies":"Gremlin Gang","floor":8,"turns":5},{"damage":5,"enemies":"2 Fungi Beasts","floor":10,"turns":4},{"damage":10,"enemies":"3 Sentries","floor":12,"turns":8},{"damage":76,"enemies":"Gremlin Nob","floor":14,"turns":6}],"seed_played":"2210252693586458770","potions_obtained":[{"floor":1,"key":"DuplicationPotion"},{"floor":3,"key":"Weak Potion"},{"floor":6,"key":"Energy Potion"},{"floor":10,"key":"SneckoOil"}],"is_trial":false,"path_per_floor":["M","?","M","M","M","E","R","M","T","M","R","E","?","E"],"character_chosen":"IRONCLAD","items_purchased":[],"campfire_rested":2,"item_purchase_floors":[],"current_hp_per_floor":[43,43,48,50,45,28,50,20,20,21,43,39,39,0,0],"gold":294,"neow_bonus":"ONE_RARE_RELIC","is_daily":false,"chose_seed":false,"campfire_upgraded":0,"win_rate":0.0,"timestamp":1608093709,"path_taken":["M","?","?","M","M","E","R","M","T","M","R","E","?","E"],"items_purchased_type":[],"build_version":"2020-12-13","purchased_purges":0,"victory":false,"max_hp_per_floor":[75,75,75,75,75,75,75,75,75,75,75,75,75,75,75],"card_choices":[{"not_picked":["Heavy Blade","Shrug It Off"],"picked":"Flame Barrier","floor":1},{"not_picked":["Rage","Reckless Charge"],"picked":"Pommel Strike","floor":1},{"not_picked":["Thunderclap","Perfected Strike"],"picked":"Armaments","floor":3},{"not_picked":["Heavy Blade","Body Slam"],"picked":"Cleave","floor":3},{"not_picked":["Clash","Cleave"],"picked":"Shrug It Off","floor":4},{"not_picked":["Warcry","Hemokinesis"],"picked":"Twin Strike","floor":4},{"not_picked":["Thunderclap","Headbutt"],"picked":"True Grit","floor":5},{"not_picked":["Twin Strike","Power Through"],"picked":"Corruption","floor":5},{"not_picked":["Anger","Combust"],"picked":"True Grit+1","floor":6},{"not_picked":["Cleave","Anger"],"picked":"Sentinel+1","floor":8},{"not_picked":["Rage+1","Iron Wave"],"picked":"Power Through+1","floor":8},{"not_picked":["Headbutt","Heavy Blade"],"picked":"Second Wind+1","floor":10},{"not_picked":["Spot Weakness+1","Sword Boomerang","Body Slam"],"picked":"SKIP","floor":10},{"not_picked":["Twin Strike","Cleave","Sword Boomerang"],"picked":"SKIP","floor":12}],"player_experience":1273887,"relics_obtained":[{"floor":6,"key":"Toxic Egg 2"},{"floor":9,"key":"Dream Catcher"},{"floor":12,"key":"Meat on the Bone"}],"event_choices":[{"cards_removed":["Strike_R"],"damage_healed":0,"gold_gain":0,"player_choice":"Offered Basic","damage_taken":0,"max_hp_gain":0,"max_hp_loss":0,"event_name":"Bonfire Elementals","floor":2,"gold_loss":0},{"cards_removed":["Strike_R"],"damage_healed":0,"gold_gain":0,"player_choice":"Purged","damage_taken":0,"max_hp_gain":0,"max_hp_loss":0,"event_name":"Purifier","floor":13,"gold_loss":0}],"is_beta":false,"boss_relics":[],"items_purged_floors":[],"is_endless":false,"potions_floor_spawned":[1,3,6,10],"killed_by":"Gremlin Nob","ascension_level":20}}