{"host":"otf1z5955ddlv5pq","time":1608108968,"event":{"mods":["BaseMod","Beaked The Cultist","Better Altar","Better Match","Better Note","Better Sensory Stone","Better Skull","Better Third Choice","Colored Map","Colored Powertips","Downfall","Minty Spire (QoL Compilation)","Rare Cards Sparkle","Replay The Spire","StSLib"],"gold_per_floor":[110,130,51,64,64,99,111,111,137,137,151,184,214,139,139,243,243,262,15,27,27,27,27,58,74,74,90,90,106,106,125,125,229,229,246,246,258,270,270,270,297,297,297,297,103,121,156,206,206,206],"floor_reached":51,"playtime":3590,"items_purged":["Acrobatics","Flying Knee","Cloak And Dagger"],"score":911,"play_id":"d34eeec4-6eb1-46a1-9d14-4dbcc7c42d54","local_time":"20201216005608","daily_mods":["Draft","Heirloom","DeadlyEvents"],"is_ascension_mode":true,"campfire_choices":[{"data":"Backflip","floor":8.0,"key":"SMITH"},{"data":"Infinite Blades","floor":10.0,"key":"SMITH"},{"data":"Dodge and Roll","floor":15.0,"key":"SMITH"},{"data":"Replay:Bag of Tricks","floor":23.0,"key":"SMITH"},{"data":"Footwork","floor":30.0,"key":"SMITH"},{"data":"ReplayTheSpireMod:Shiv Toss","floor":32.0,"key":"SMITH"},{"data":"ReplayTheSpireMod:Necrogeddon","floor":40,"key":"SMITH"},{"data":"Backflip","floor":42,"key":"SMITH"},{"data":"Cloak And Dagger","floor":44,"key":"SMITH"},{"floor":49,"key":"REST"}],"circlet_count":0,"master_deck":["Cloak And Dagger+1","Accuracy","Cloak And Dagger","ReplayTheSpireMod:Shiv Toss+1","Footwork","Sucker Punch+1","Backflip+1","Backflip+1","Infinite Blades+1","Slice+1","Cloak And Dagger","Hidden Blade","Cloak And Dagger","Accuracy","Footwork+1","Dodge and Roll+1","Sneak Up","Replay:Bag of Tricks+1","Blade Dance","Cloak And Dagger+1","Dodge and Roll","Terror+1","After Image","Writhe","ReplayTheSpireMod:Scrap Shanks","ReplayTheSpireMod:Necrogeddon+1","Prepared+1","Escape Plan+1","Cloak And Dagger+1","Cloak And Dagger+1"],"relics":["Ring of the Snake","Pondfish Scales","Whetstone","Art of War","Bag of Marbles","Regal Pillow","SlaversCollar","Omamori","NlothsMask","Bottled Tornado","beaked:ShinyBauble","Replay:Ancient Bell","Replay:Baseball","Mirror","FossilizedHelix","Bottled Lightning","Toxic Egg 2","Lizard Tail","Gambling Chip"],"acts_visited":["Exordium","TheCity","TheBeyond"],"potions_floor_usage":[37,38,46,48,50,50],"damage_taken":[{"damage":0.0,"enemies":"Cultist","floor":1.0,"turns":3.0},{"damage":0.0,"enemies":"Jaw Worm","floor":2.0,"turns":4.0},{"damage":0.0,"enemies":"2 Louse","floor":4.0,"turns":3.0},{"damage":0.0,"enemies":"Lagavulin","floor":6.0,"turns":4.0},{"damage":0.0,"enemies":"Blue Slaver","floor":7.0,"turns":3.0},{"damage":0.0,"enemies":"Large Slime","floor":11.0,"turns":3.0},{"damage":10.0,"enemies":"Gremlin Nob","floor":12.0,"turns":4.0},{"damage":3.0,"enemies":"3 Sentries","floor":13.0,"turns":7.0},{"damage":0.0,"enemies":"Slime Boss","floor":16.0,"turns":5.0},{"damage":0.0,"enemies":"Spheric Guardian","floor":18.0,"turns":4.0},{"damage":0.0,"enemies":"Chosen","floor":20.0,"turns":4.0},{"damage":0.0,"enemies":"Gremlin Leader","floor":24.0,"turns":5.0},{"damage":1.0,"enemies":"Centurion and Healer","floor":25.0,"turns":4.0},{"damage":0.0,"enemies":"Snecko","floor":27.0,"turns":3.0},{"damage":3.0,"enemies":"Snake Plant","floor":29.0,"turns":4.0},{"damage":0.0,"enemies":"Cultist and Chosen","floor":31.0,"turns":6.0},{"damage":3.0,"enemies":"Champ","floor":33.0,"turns":6.0},{"damage":0,"enemies":"3 Shapes","floor":35,"turns":5},{"damage":0,"enemies":"Orb Walker","floor":37,"turns":3},{"damage":0,"enemies":"Sphere and 2 Shapes","floor":38,"turns":4},{"damage":0,"enemies":"Reptomancer","floor":41,"turns":5},{"damage":3,"enemies":"4 Shapes","floor":46,"turns":4},{"damage":14,"enemies":"Nemesis","floor":47,"turns":5},{"damage":0,"enemies":"2 Orb Walkers","floor":48,"turns":5},{"damage":36,"enemies":"Awakened One","floor":50,"turns":7}],"seed_played":"-4000245154410943850","potions_obtained":[{"floor":2.0,"key":"LifebloodPotion"},{"floor":6.0,"key":"Guardian:BlockOnCardUsePotion"},{"floor":12.0,"key":"Dexterity Potion"},{"floor":16.0,"key":"SpeedPotion"},{"floor":20.0,"key":"Fire Potion"},{"floor":24.0,"key":"AttackPotion"},{"floor":33.0,"key":"Fruit Juice"},{"floor":35,"key":"DuplicationPotion"},{"floor":37,"key":"ColorlessPotion"},{"floor":41,"key":"Explosive Potion"},{"floor":48,"key":"SkillPotion"}],"is_trial":true,"path_per_floor":["M","M","$","M","$","E","M","R","T","R","M","E","E","$","R","B",null,"M","$","M","?","T","R","E","M","T","M","$","M","R","M","R","B",null,"M","?","M","M","?","R","E","R","T","R","$","M","E","?","R","B",null],"character_chosen":"THE_SILENT","items_purchased":["Accuracy","Omamori","Escape Plan+1"],"campfire_rested":1,"item_purchase_floors":[3,19,45],"current_hp_per_floor":[70,70,70,70,70,70,70,70,70,70,70,60,57,57,57,57,70,70,70,70,70,70,70,70,69,69,69,69,66,66,66,66,63,70,70,70,75,75,75,75,75,75,75,75,75,72,58,58,75,39],"gold":206,"neow_bonus":"","is_daily":false,"chose_seed":false,"campfire_upgraded":9,"win_rate":0.0,"timestamp":1608108968,"path_taken":["M","?","$","M","$","E","?","R","T","R","M","E","?","$","R","BOSS","M","$","M","?","?","R","E","?","T","M","$","M","R","M","R","BOSS","M","?","M","M","?","R","E","R","T","R","$","?","?","?","R","BOSS"],"items_purchased_type":["Card","Relic","Card"],"build_version":"2020-12-13","purchased_purges":3,"victory":true,"max_hp_per_floor":[70,70,70,70,70,70,70,70,70,70,70,70,70,70,70,70,70,70,70,70,70,70,70,70,70,70,70,70,70,70,70,70,70,70,70,70,75,75,75,75,75,75,75,75,75,75,75,75,75,75],"card_choices":[{"not_picked":["Leg Sweep","Deadly Poison"],"picked":"Cloak And Dagger","floor":0.0},{"not_picked":["Distraction","Deadly Poison"],"picked":"Accuracy","floor":0.0},{"not_picked":["Outmaneuver","Reflex"],"picked":"Cloak And Dagger","floor":0.0},{"not_picked":["Dodge and Roll","Blade Dance"],"picked":"Cloak And Dagger","floor":0.0},{"not_picked":["PiercingWail","Poisoned Stab"],"picked":"Flying Knee","floor":0.0},{"not_picked":["Sucker Punch","Cloak And Dagger"],"picked":"ReplayTheSpireMod:Shiv Toss","floor":0.0},{"not_picked":["Sucker Punch","Underhanded Strike"],"picked":"Footwork","floor":0.0},{"not_picked":["Underhanded Strike","Replay:Poison Smokescreen"],"picked":"Sucker Punch","floor":0.0},{"not_picked":["Hidden Blade","Deadly Poison"],"picked":"Backflip","floor":0.0},{"not_picked":["Prepared","Choke"],"picked":"Backflip","floor":0.0},{"not_picked":["Eviscerate","Dagger Spray"],"picked":"Infinite Blades","floor":0.0},{"not_picked":["Poisoned Stab","Deadly Poison"],"picked":"Slice","floor":0.0},{"not_picked":["Dagger Spray","Deadly Poison"],"picked":"Cloak And Dagger","floor":0.0},{"not_picked":["ReplayTheSpireMod:Speed Training","Bane"],"picked":"Hidden Blade","floor":0.0},{"not_picked":["Choke","Tactician"],"picked":"Cloak And Dagger","floor":0.0},{"not_picked":["Bouncing Flask","Choke","Backflip"],"picked":"SKIP","floor":1.0},{"not_picked":["Bane","Flying Knee"],"picked":"Infinite Blades","floor":2.0},{"not_picked":["Noxious Fumes","Crippling Poison"],"picked":"Acrobatics","floor":4.0},{"not_picked":["Calculated Gamble","Sucker Punch","ReplayTheSpireMod:Exploit Weakness"],"picked":"SKIP","floor":6.0},{"not_picked":["Dagger Spray","Dagger Throw"],"picked":"Footwork","floor":7.0},{"not_picked":["Quick Slash","Flying Knee"],"picked":"Dodge and Roll","floor":11.0},{"not_picked":["Setup","Leg Sweep","Accuracy"],"picked":"SKIP","floor":12.0},{"not_picked":["Draining Mist","Corpse Explosion"],"picked":"Sneak Up","floor":13.0},{"not_picked":["Burst","Corpse Explosion"],"picked":"Replay:Bag of Tricks","floor":16.0},{"not_picked":["Well Laid Plans+1","Terror"],"picked":"Blade Dance","floor":18.0},{"not_picked":["Underhanded Strike+1","Backflip+1","Skewer"],"picked":"SKIP","floor":20.0},{"not_picked":["Bane","Riddle With Holes"],"picked":"Cloak And Dagger+1","floor":24.0},{"not_picked":["Prepared","Deadly Poison+1","Accuracy"],"picked":"SKIP","floor":25.0},{"not_picked":["Dagger Throw","Blade Dance"],"picked":"Dodge and Roll","floor":27.0},{"not_picked":["Dagger Throw","All Out Attack","Accuracy"],"picked":"SKIP","floor":29.0},{"not_picked":["Quick Slash","Blur"],"picked":"Terror+1","floor":31.0},{"not_picked":["Glass Knife","Malaise"],"picked":"After Image","floor":33.0},{"not_picked":["Guardian:Aged","hexamod:Haunted"],"picked":"Pain","floor":34.0},{"not_picked":["Spreading Infection","ReplayTheSpireMod:Compounding Headache"],"picked":"sneckomod:Bewildered","floor":34.0},{"not_picked":["Sickly","Amnesia"],"picked":"Writhe","floor":34.0},{"not_picked":["Acrobatics+1","Outmaneuver"],"picked":"ReplayTheSpireMod:Scrap Shanks","floor":35},{"not_picked":["Acrobatics","Draining Mist+1","Hidden Blade+1"],"picked":"SKIP","floor":37},{"not_picked":["Bane","Grand Finale","Backflip"],"picked":"SKIP","floor":38},{"not_picked":["expansioncontent:Corrupt","Replay:SS_forest_6"],"picked":"ReplayTheSpireMod:Necrogeddon","floor":39},{"not_picked":["Outmaneuver+1","ReplayTheSpireMod:The Works"],"picked":"Prepared+1","floor":41},{"not_picked":["Infinite Blades","Dagger Throw"],"picked":"Cloak And Dagger+1","floor":46},{"not_picked":["Bane+1","Masterful Stab+1"],"picked":"Cloak And Dagger+1","floor":47}],"player_experience":916910,"relics_obtained":[{"floor":6.0,"key":"Whetstone"},{"floor":9.0,"key":"Art of War"},{"floor":12.0,"key":"Bag of Marbles"},{"floor":13.0,"key":"Regal Pillow"},{"floor":24.0,"key":"Bottled Tornado"},{"floor":26.0,"key":"beaked:ShinyBauble"},{"floor":41,"key":"Bottled Lightning"},{"floor":43,"key":"Toxic Egg 2"},{"floor":47,"key":"Lizard Tail"},{"floor":48,"key":"Gambling Chip"}],"event_choices":[{"damage_healed":0.0,"max_hp_gain":0.0,"max_hp_loss":0.0,"gold_gain":0.0,"event_name":"FaceTrader","player_choice":"Trade","floor":21.0,"gold_loss":0.0,"damage_taken":0.0,"relics_obtained":["NlothsMask"]},{"cards_removed":["Infinite Blades"],"damage_healed":0,"gold_gain":0,"player_choice":"Removed Power","damage_taken":0,"max_hp_gain":0,"max_hp_loss":0,"event_name":"Falling","floor":36,"gold_loss":0},{"damage_healed":0,"gold_gain":3,"player_choice":"1","damage_taken":0,"max_hp_gain":0,"max_hp_loss":0,"event_name":"betterStone:BetterStone","floor":39,"gold_loss":0},{"damage_healed":0,"gold_gain":0,"player_choice":"Fight","damage_taken":0,"max_hp_gain":0,"max_hp_loss":0,"event_name":"Mysterious Sphere","floor":48,"gold_loss":0}],"is_beta":false,"boss_relics":[{"not_picked":["Ring of Chaos","beaked:MawFillet"],"picked":"SlaversCollar"},{"not_picked":["Honey Jar","Snecko Heart"],"picked":"Replay:Ancient Bell"},{"not_picked":["Akabeko","Centennial Puzzle"],"picked":"Replay:Baseball"},{"not_picked":["Golden Egg","Paper Crane"],"picked":"Mirror"},{"not_picked":["Dead Branch","Girya"],"picked":"FossilizedHelix"}],"items_purged_floors":[14,19,45],"is_endless":false,"potions_floor_spawned":[2,6,12,13,16,20,24,33,35,37,41,48],"ascension_level":1}}