{"host":"ko0mgl3op33mqgxv","time":1608093148,"event":{"mods":["BaseMod","Filter the Spire","Minty Spire (QoL Compilation)"],"gold_per_floor":[111,111,122,22,37,70,70,96,96,108,208,208,225,225,225,320,320,340,340,353,22,121,121,149,149,149,160,177,189,106,0,0,98,98,115,115,115,132,132,132,165,165,165,184,7,7,17,33,33,33],"floor_reached":51,"playtime":3137,"items_purged":["Writhe"],"score":902,"play_id":"7565052c-b97e-4485-9706-da0793279b44","local_time":"20201215203227","is_ascension_mode":true,"campfire_choices":[{"floor":7.0,"key":"REST"},{"floor":12.0,"key":"REST"},{"data":"Defragment","floor":15.0,"key":"SMITH"},{"data":"Defragment","floor":23.0,"key":"SMITH"},{"floor":32,"key":"REST"},{"data":"Creative AI","floor":40,"key":"SMITH"},{"data":"Blizzard","floor":42,"key":"SMITH"},{"data":"Chill","floor":49,"key":"SMITH"}],"circlet_count":0,"master_deck":["Strike_B","Strike_B","Strike_B","Strike_B","Defend_B","Defend_B","Defend_B","Defend_B","Zap","Dualcast","Hologram","Chaos","Defragment+1","Defragment+1","Cold Snap","Chill+1","Seek","Hologram+1","Ball Lightning+1","Static Discharge+1","White Noise","Barrage","Recycle","Cold Snap","Blizzard+1","Creative AI+1","Melter+1","Auto Shields+1","Barrage+1","Chill","Double Energy+1"],"relics":["Inserter","Blood Vial","The Courier","PreservedInsect","White Beast Statue","Runic Pyramid","Bag of Marbles","Bronze Scales","Sling","Letter Opener","Anchor","Ancient Tea Set"],"acts_visited":["Exordium","TheCity","TheBeyond"],"potions_floor_usage":[29,44,44,44,50],"damage_taken":[{"damage":1.0,"enemies":"Small Slimes","floor":1.0,"turns":3.0},{"damage":1.0,"enemies":"Cultist","floor":3.0,"turns":3.0},{"damage":7.0,"enemies":"2 Louse","floor":5.0,"turns":4.0},{"damage":38.0,"enemies":"Lagavulin","floor":6.0,"turns":7.0},{"damage":47.0,"enemies":"3 Sentries","floor":8.0,"turns":8.0},{"damage":14.0,"enemies":"Red Slaver","floor":10.0,"turns":3.0},{"damage":6.0,"enemies":"Exordium Wildlife","floor":13.0,"turns":7.0},{"damage":13.0,"enemies":"Slime Boss","floor":16.0,"turns":10.0},{"damage":10.0,"enemies":"Shell Parasite","floor":18.0,"turns":9.0},{"damage":9.0,"enemies":"Spheric Guardian","floor":20.0,"turns":8.0},{"damage":12.0,"enemies":"Book of Stabbing","floor":24.0,"turns":7.0},{"damage":13.0,"enemies":"Snake Plant","floor":27.0,"turns":3.0},{"damage":14.0,"enemies":"Centurion and Healer","floor":28.0,"turns":5.0},{"damage":13,"enemies":"Snecko","floor":29,"turns":4},{"damage":15,"enemies":"Champ","floor":33,"turns":12},{"damage":15,"enemies":"Orb Walker","floor":35,"turns":5},{"damage":8,"enemies":"3 Shapes","floor":38,"turns":5},{"damage":27,"enemies":"Reptomancer","floor":41,"turns":6},{"damage":15,"enemies":"Transient","floor":44,"turns":5},{"damage":0,"enemies":"4 Shapes","floor":47,"turns":3},{"damage":2,"enemies":"3 Darklings","floor":48,"turns":4},{"damage":41,"enemies":"Awakened One","floor":50,"turns":12}],"seed_played":"-5557575308079245807","potions_obtained":[{"floor":5.0,"key":"FearPotion"},{"floor":6.0,"key":"DuplicationPotion"},{"floor":13.0,"key":"Block Potion"},{"floor":16.0,"key":"Explosive Potion"},{"floor":18.0,"key":"Weak Potion"},{"floor":20.0,"key":"FearPotion"},{"floor":24.0,"key":"Fire Potion"},{"floor":28.0,"key":"EssenceOfDarkness"},{"floor":29,"key":"Fire Potion"},{"floor":35,"key":"DistilledChaos"},{"floor":44,"key":"EssenceOfSteel"},{"floor":48,"key":"AttackPotion"}],"is_trial":false,"path_per_floor":["M","?","M","$","M","E","R","E","T","M","?","R","M","?","R","B",null,"M","?","M","$","?","R","E","?","T","M","M","M","$","?","R","B",null,"M","?","?","M","?","R","E","R","T","M","$","?","M","M","R","B",null],"character_chosen":"DEFECT","items_purchased":["FairyPotion","Doom and Gloom","Bronze Scales","Sling","Cold Snap","Blizzard","EssenceOfDarkness","FocusPotion","Chill"],"campfire_rested":3,"item_purchase_floors":[4,21,21,21,30,30,45,45,45],"current_hp_per_floor":[67,60,59,59,52,14,36,22,22,10,10,32,28,28,28,17,61,53,53,46,46,46,46,36,36,36,25,13,2,2,2,24,11,59,46,46,46,40,40,40,15,15,15,2,2,81,81,79,79,40],"gold":33,"neow_bonus":"BOSS_RELIC","is_daily":false,"chose_seed":false,"campfire_upgraded":5,"win_rate":0.0,"timestamp":1608093147,"path_taken":["M","?","?","$","M","E","R","E","T","M","?","R","?","?","R","BOSS","M","?","M","$","?","R","E","?","T","?","M","M","?","?","R","BOSS","M","?","?","M","?","R","E","R","T","?","$","?","?","M","R","BOSS"],"items_purchased_type":["Potion","Card","Relic","Relic","Card","Card","Potion","Potion","Card"],"build_version":"2020-12-13","purchased_purges":1,"victory":true,"max_hp_per_floor":[75,75,75,75,75,75,75,75,75,75,75,75,75,75,75,75,75,75,75,75,75,75,75,75,75,75,75,75,75,75,75,75,75,75,75,71,71,71,71,71,71,71,71,71,71,81,81,81,81,81],"card_choices":[{"not_picked":["Compile Driver","Redo"],"picked":"Hologram","floor":1.0},{"not_picked":["Coolheaded","Turbo"],"picked":"Chaos","floor":3.0},{"not_picked":["Scrape","Coolheaded"],"picked":"Defragment","floor":5.0},{"not_picked":["Go for the Eyes","Lockon"],"picked":"Defragment","floor":6.0},{"not_picked":["Hello World","Capacitor"],"picked":"Multi-Cast","floor":8.0},{"not_picked":["Rebound","Aggregate"],"picked":"Cold Snap","floor":10.0},{"not_picked":["FTL","Compile Driver"],"picked":"Chill","floor":13.0},{"not_picked":["Hyperbeam","Rainbow"],"picked":"Seek","floor":16.0},{"not_picked":["Stack","Compile Driver"],"picked":"Hologram+1","floor":18.0},{"not_picked":["Sweeping Beam","Rip and Tear"],"picked":"Ball Lightning+1","floor":20.0},{"not_picked":["Leap","Rebound+1"],"picked":"Static Discharge+1","floor":24.0},{"not_picked":["Genetic Algorithm+1","Compile Driver"],"picked":"White Noise","floor":27.0},{"not_picked":["Genetic Algorithm+1","Gash+1"],"picked":"Barrage","floor":28.0},{"not_picked":["Streamline","Tempest"],"picked":"Recycle","floor":29},{"not_picked":["All For One","Machine Learning"],"picked":"Creative AI","floor":33},{"not_picked":["Skim+1","Reinforced Body"],"picked":"Melter+1","floor":35},{"not_picked":["Leap+1","Rebound+1"],"picked":"Auto Shields+1","floor":38},{"not_picked":["Stack+1","Compile Driver","Reprogram+1"],"picked":"SKIP","floor":41},{"not_picked":["Sweeping Beam+1","Recycle"],"picked":"Barrage+1","floor":44},{"not_picked":["Tempest","Compile Driver+1"],"picked":"Double Energy+1","floor":47},{"not_picked":["Streamline","Rainbow","Fusion+1"],"picked":"SKIP","floor":48}],"player_experience":567429,"relics_obtained":[{"floor":6.0,"key":"Blood Vial"},{"floor":8.0,"key":"The Courier"},{"floor":9.0,"key":"PreservedInsect"},{"floor":24.0,"key":"Letter Opener"},{"floor":41,"key":"Anchor"},{"floor":43,"key":"Ancient Tea Set"}],"event_choices":[{"damage_healed":0.0,"max_hp_gain":0.0,"max_hp_loss":0.0,"gold_gain":0.0,"event_name":"Wheel of Change","player_choice":"Damaged","floor":2.0,"gold_loss":0.0,"damage_taken":7.0},{"damage_healed":0.0,"max_hp_gain":0.0,"max_hp_loss":0.0,"gold_gain":100.0,"event_name":"Golden Shrine","player_choice":"Pray","floor":11.0,"gold_loss":0.0,"damage_taken":0.0},{"damage_healed":0.0,"max_hp_gain":0.0,"max_hp_loss":0.0,"gold_gain":0.0,"event_name":"Dead Adventurer","player_choice":"Searched \u00271\u0027 times","floor":14.0,"gold_loss":0.0,"damage_taken":0.0,"relics_obtained":["White Beast Statue"]},{"damage_healed":0.0,"max_hp_gain":0.0,"max_hp_loss":0.0,"gold_gain":0.0,"event_name":"The Mausoleum","player_choice":"Opened","floor":19.0,"gold_loss":0.0,"damage_taken":0.0,"relics_obtained":["Bag of Marbles"],"cards_obtained":["Writhe"]},{"damage_healed":0.0,"max_hp_gain":0.0,"max_hp_loss":0.0,"gold_gain":99.0,"event_name":"Nest","player_choice":"Stole From Cult","floor":22.0,"gold_loss":0.0,"damage_taken":0.0},{"damage_healed":0.0,"max_hp_gain":0.0,"max_hp_loss":0.0,"gold_gain":0.0,"event_name":"The Woman in Blue","player_choice":"Bought 0 Potions","floor":25.0,"gold_loss":0.0,"damage_taken":0.0},{"damage_healed":0,"gold_gain":0,"player_choice":"Paid Fearfully","damage_taken":0,"max_hp_gain":0,"max_hp_loss":0,"event_name":"Masked Bandits","floor":31,"gold_loss":106},{"damage_healed":0,"gold_gain":0,"player_choice":"Max HP","damage_taken":0,"max_hp_gain":0,"max_hp_loss":4,"event_name":"Winding Halls","floor":36,"gold_loss":0},{"damage_healed":0,"gold_gain":0,"player_choice":"Ignored","damage_taken":0,"max_hp_gain":0,"max_hp_loss":0,"event_name":"Tomb of Lord Red Mask","floor":37,"gold_loss":0},{"cards_removed":["Doom and Gloom"],"damage_healed":0,"gold_gain":0,"player_choice":"Removed Attack","damage_taken":0,"max_hp_gain":0,"max_hp_loss":0,"event_name":"Falling","floor":39,"gold_loss":0},{"cards_removed":["Multi-Cast"],"damage_healed":69,"gold_gain":0,"player_choice":"Offered Rare","damage_taken":0,"max_hp_gain":10,"max_hp_loss":0,"event_name":"Bonfire Elementals","floor":46,"gold_loss":0}],"is_beta":false,"boss_relics":[{"not_picked":["Cursed Key","Coffee Dripper"],"picked":"Runic Pyramid"},{"not_picked":["Busted Crown","Runic Dome","Velvet Choker"]}],"items_purged_floors":[21],"is_endless":false,"potions_floor_spawned":[5,6,13,16,18,20,24,27,28,29,33,35,38,41,44,47,48],"ascension_level":6}}