{"host":"migkglet3gdlgm9g","time":1608149444,"event":{"mods":["BaseMod","Colored Map","Highlight Path","Minty Spire (QoL Compilation)","Quick Restart","StSLib","SuperFastMode"],"gold_per_floor":[113,127,0,0,17,17,52,63,63,63,96,116,116,144,144,218,218,229,15,15,33,33,33,68,85,85,85,110,10,10,27,27,105,105,123,123,139,139,139,139],"floor_reached":39,"playtime":1344,"items_purged":["Strike_G","Strike_G"],"score":974,"play_id":"f3d52c25-c98a-4b7c-87b3-49a401b639fe","local_time":"20201216211044","is_ascension_mode":true,"campfire_choices":[{"data":"Poisoned Stab","floor":6.0,"key":"SMITH"},{"data":"Dagger Spray","floor":10.0,"key":"SMITH"},{"data":"Bouncing Flask","floor":13.0,"key":"SMITH"},{"data":"Noxious Fumes","floor":15.0,"key":"SMITH"},{"data":"Wraith Form v2","floor":23,"key":"SMITH"},{"data":"Catalyst","floor":27,"key":"SMITH"},{"data":"Doppelganger","floor":32,"key":"SMITH"}],"circlet_count":0,"master_deck":["AscendersBane","Strike_G","Strike_G","Defend_G","Defend_G","Defend_G","Defend_G","Survivor","Neutralize","Doppelganger+1","Sucker Punch","Cloak And Dagger","Dagger Spray+1","Poisoned Stab+1","Predator","Bouncing Flask+1","Noxious Fumes+1","PiercingWail","Catalyst+1","Leg Sweep","Wraith Form v2+1","Corpse Explosion","Backflip","Burst","Catalyst"],"relics":["Ring of the Snake","Gremlin Horn","HornCleat","Meat on the Bone","Regal Pillow","Sozu","PreservedInsect","Snake Skull","Blood Vial","Runic Pyramid"],"acts_visited":["TheCity","TheBeyond"],"potions_floor_usage":[],"damage_taken":[{"damage":0.0,"enemies":"Jaw Worm","floor":1.0,"turns":7.0},{"damage":0.0,"enemies":"Cultist","floor":2.0,"turns":4.0},{"damage":1.0,"enemies":"2 Louse","floor":5.0,"turns":3.0},{"damage":17.0,"enemies":"Lagavulin","floor":7.0,"turns":6.0},{"damage":15.0,"enemies":"Exordium Wildlife","floor":8.0,"turns":5.0},{"damage":3.0,"enemies":"3 Sentries","floor":11.0,"turns":6.0},{"damage":3.0,"enemies":"Looter","floor":12.0,"turns":3.0},{"damage":22.0,"enemies":"Lagavulin","floor":14.0,"turns":6.0},{"damage":14.0,"enemies":"Hexaghost","floor":16.0,"turns":7.0},{"damage":3,"enemies":"3 Byrds","floor":18,"turns":4},{"damage":10,"enemies":"Shell Parasite","floor":21,"turns":4},{"damage":14,"enemies":"Gremlin Leader","floor":24,"turns":5},{"damage":1,"enemies":"Centurion and Healer","floor":25,"turns":3},{"damage":14,"enemies":"Slavers","floor":28,"turns":4},{"damage":1,"enemies":"Snecko","floor":31,"turns":4},{"damage":0,"enemies":"Collector","floor":33,"turns":6},{"damage":4,"enemies":"3 Shapes","floor":35,"turns":3},{"damage":21,"enemies":"3 Darklings","floor":37,"turns":4},{"damage":44,"enemies":"Time Eater","floor":39,"turns":3}],"seed_played":"-4262698703849785047","potions_obtained":[{"floor":5.0,"key":"AttackPotion"},{"floor":14.0,"key":"Regen Potion"}],"is_trial":false,"path_per_floor":["M","M","$","?","M","R","E","M","T","R","E","M","R","E","R","B",null,"M","$","?","M","?","R","E","M","T","R","E","$","?","M","R","B",null,"M","?","M","?","B"],"character_chosen":"THE_SILENT","items_purchased":["Dagger Spray","PreservedInsect","Catalyst"],"campfire_rested":0,"item_purchase_floors":[3,19,19],"current_hp_per_floor":[59,59,59,59,58,58,41,26,26,26,23,32,32,22,22,35,58,55,55,55,45,45,45,43,42,42,42,40,40,40,41,41,43,60,58,58,39,39,0,0],"gold":139,"neow_bonus":"TRANSFORM_CARD","is_daily":false,"chose_seed":false,"campfire_upgraded":7,"win_rate":0.0,"timestamp":1608149444,"path_taken":["M","M","$","?","?","R","E","M","T","R","E","?","R","E","R","BOSS","M","$","?","?","?","R","E","M","T","R","E","$","?","M","R","BOSS","M","?","M","?","BOSS"],"items_purchased_type":["Card","Relic","Card"],"build_version":"2020-12-13","purchased_purges":2,"victory":false,"max_hp_per_floor":[66,66,66,66,66,66,66,66,66,66,66,66,66,66,66,66,66,66,66,66,66,66,66,66,66,66,66,66,66,66,66,66,66,66,66,66,66,66,66,66],"card_choices":[{"not_picked":["PiercingWail","Slice"],"picked":"Sucker Punch","floor":1.0},{"not_picked":["Slice","Dagger Spray"],"picked":"Cloak And Dagger","floor":2.0},{"not_picked":["Distraction","Finisher"],"picked":"Poisoned Stab","floor":5.0},{"not_picked":["Prepared","Blade Dance"],"picked":"Predator","floor":7.0},{"not_picked":["Accuracy","Burst"],"picked":"Bouncing Flask","floor":8.0},{"not_picked":["Dagger Spray","Reflex"],"picked":"Noxious Fumes","floor":11.0},{"not_picked":["Dagger Throw","Quick Slash"],"picked":"PiercingWail","floor":12.0},{"not_picked":["Underhanded Strike","Heel Hook","Bouncing Flask"],"picked":"SKIP","floor":14.0},{"not_picked":["Noxious Fumes","Infinite Blades","Flying Knee"],"picked":"SKIP","floor":18},{"not_picked":["Acrobatics","PiercingWail"],"picked":"Leg Sweep","floor":21},{"not_picked":["Catalyst","Blade Dance"],"picked":"Corpse Explosion","floor":24},{"not_picked":["Backstab","Underhanded Strike","Blade Dance"],"picked":"SKIP","floor":25},{"not_picked":["Blade Dance","Expertise","Accuracy"],"picked":"SKIP","floor":28},{"not_picked":["Cloak And Dagger","Deadly Poison"],"picked":"Backflip","floor":31},{"not_picked":["After Image","Night Terror"],"picked":"Burst","floor":33},{"not_picked":["Acrobatics","Choke"],"picked":"Catalyst","floor":35},{"not_picked":["Crippling Poison","Backflip","Predator+1"],"picked":"SKIP","floor":37}],"player_experience":2057419,"relics_obtained":[{"floor":7.0,"key":"Gremlin Horn"},{"floor":9.0,"key":"HornCleat"},{"floor":11.0,"key":"Meat on the Bone"},{"floor":14.0,"key":"Regal Pillow"},{"floor":24,"key":"Snake Skull"},{"floor":28,"key":"Blood Vial"}],"event_choices":[{"cards_removed":["Defend_G"],"damage_healed":0.0,"max_hp_gain":0.0,"max_hp_loss":0.0,"gold_gain":0.0,"event_name":"Bonfire Elementals","player_choice":"Offered Basic","floor":4.0,"gold_loss":0.0,"damage_taken":0.0},{"damage_healed":0,"gold_gain":0,"player_choice":"Got Potions","damage_taken":0,"max_hp_gain":0,"max_hp_loss":0,"event_name":"Lab","floor":20,"gold_loss":0},{"damage_healed":0,"gold_gain":0,"player_choice":"Read","damage_taken":0,"max_hp_gain":0,"max_hp_loss":0,"event_name":"The Library","floor":22,"gold_loss":0,"cards_obtained":["Wraith Form v2"]},{"damage_healed":0,"gold_gain":0,"player_choice":"Ignored","damage_taken":0,"max_hp_gain":0,"max_hp_loss":0,"event_name":"Vampires","floor":30,"gold_loss":0},{"damage_healed":0,"gold_gain":0,"player_choice":"Ignored","damage_taken":0,"max_hp_gain":0,"max_hp_loss":0,"event_name":"Tomb of Lord Red Mask","floor":36,"gold_loss":0},{"damage_healed":0,"gold_gain":0,"player_choice":"Took Portal","damage_taken":0,"max_hp_gain":0,"max_hp_loss":0,"event_name":"SecretPortal","floor":38,"gold_loss":0}],"is_beta":false,"boss_relics":[{"not_picked":["Black Star","Coffee Dripper"],"picked":"Sozu"},{"not_picked":["Philosopher\u0027s Stone","Fusion Hammer"],"picked":"Runic Pyramid"}],"items_purged_floors":[3,29],"is_endless":false,"potions_floor_spawned":[5,14,24,25,28,33,35],"killed_by":"Time Eater","ascension_level":20}}