{"host":"5gc11emcm5chfr5t","time":1608083827,"event":{"mods":["2.2 Compatiblity","AchievementEnabler","BaseMod","Bestiary","Better Note","Colored Map","Colored Powertips","Downfall","Googly Eyes","Minty Spire (QoL Compilation)","Rare Cards Sparkle","StSLib"],"gold_per_floor":[0,12,12,12,26,26,26,59,59,92,110,124,137,139,158,173,173],"floor_reached":16,"playtime":697,"items_purged":[],"score":146,"play_id":"79132e4c-1383-48a8-8616-08cdecde735e","local_time":"20201215205707","is_ascension_mode":true,"campfire_choices":[{"floor":1,"key":"RECALL"},{"data":"sneckomod:DiceBoulder","floor":6,"key":"SMITH"},{"floor":9,"key":"REST"}],"circlet_count":0,"master_deck":["sneckomod:Defend","sneckomod:Defend","sneckomod:Defend","sneckomod:TailWhip","sneckomod:SnekBite","sneckomod:Unknown","sneckomod:Unknown","sneckomod:UnknownClassGREEN","sneckomod:TrashToTreasure","sneckomod:UnknownClassSLIMEBOUND","sneckomod:UnknownDexterity","sneckomod:DiceBoulder+1","sneckomod:IronFang","sneckomod:GlitteringGambit","sneckomod:UnknownUncommonPower","sneckomod:SnakeSap","sneckomod:UnknownStrike","sneckomod:UnknownX","sneckomod:ImprovisedAttack"],"relics":["sneckomod:SneckoSoul","Question Card","Girya","Gambling Chip","sneckomod:LoadedDie"],"acts_visited":["Exordium"],"potions_floor_usage":[10,12,15,16],"damage_taken":[{"damage":7,"enemies":"Small Slimes","floor":2,"turns":4},{"damage":7,"enemies":"Jaw Worm","floor":5,"turns":5},{"damage":29,"enemies":"Lagavulin","floor":8,"turns":5},{"damage":13,"enemies":"Gremlin Nob","floor":10,"turns":4},{"damage":0,"enemies":"Cultist","floor":11,"turns":1},{"damage":18,"enemies":"Exordium Thugs","floor":12,"turns":3},{"damage":0,"enemies":"downfall:FleeingMerchant","floor":13,"turns":4},{"damage":0,"enemies":"2 Fungi Beasts","floor":14,"turns":2},{"damage":0,"enemies":"Gremlin Gang","floor":15,"turns":1},{"damage":36,"enemies":"downfall:Silent","floor":16,"turns":6}],"seed_played":"-7230525841363126560","potions_obtained":[{"floor":8,"key":"LiquidMemories"},{"floor":11,"key":"Slimebound:ThreeZeroPotion"},{"floor":12,"key":"Strength Potion"},{"floor":14,"key":"PowerPotion"}],"is_trial":false,"path_per_floor":["R","M","?","?","M","R","T","E","R","E","M","M","$","M","M","B"],"character_chosen":"THE_SNECKO","items_purchased":[],"campfire_rested":1,"item_purchase_floors":[],"current_hp_per_floor":[82,76,69,70,63,63,63,34,61,48,49,31,34,35,35,0,0],"gold":173,"neow_bonus":"TRANSFORM_TWO_CARDS","is_daily":false,"chose_seed":false,"campfire_upgraded":1,"win_rate":0.0,"timestamp":1608083827,"path_taken":["R","M","?","?","M","R","T","E","R","E","?","M","$","M","M","BOSS"],"items_purchased_type":[],"build_version":"2020-12-13","purchased_purges":0,"victory":false,"max_hp_per_floor":[91,92,92,93,93,93,93,93,93,93,94,94,95,96,96,96,96],"card_choices":[{"not_picked":["sneckomod:UnknownStrike","sneckomod:IronFang"],"picked":"sneckomod:UnknownClassSLIMEBOUND","floor":2},{"not_picked":["sneckomod:UnknownClassGREEN","sneckomod:RainOfDice","sneckomod:Rotation"],"picked":"sneckomod:DiceBoulder","floor":5},{"not_picked":["sneckomod:WideSting","sneckomod:SoulExchange","sneckomod:UnknownCommonSkill"],"picked":"sneckomod:IronFang","floor":8},{"not_picked":["sneckomod:SoulDraw","sneckomod:PureSnecko","sneckomod:UnknownStrike"],"picked":"sneckomod:GlitteringGambit","floor":10},{"not_picked":["sneckomod:DiceCrush","sneckomod:UnknownWeak","sneckomod:IronFang"],"picked":"sneckomod:UnknownUncommonPower","floor":11},{"not_picked":["sneckomod:QuickMove","sneckomod:CheapStock","sneckomod:UnknownStrength"],"picked":"sneckomod:SnakeSap","floor":12},{"not_picked":["sneckomod:ImprovisedAttack","sneckomod:SoulRoll","sneckomod:UnknownCommonSkill"],"picked":"sneckomod:UnknownStrike","floor":13},{"not_picked":["sneckomod:DiceCrush","sneckomod:RainOfDice","sneckomod:QuickBite"],"picked":"sneckomod:UnknownX","floor":14},{"not_picked":["sneckomod:UnknownUncommonPower","sneckomod:UnknownDexterity","sneckomod:SerpentMind"],"picked":"sneckomod:ImprovisedAttack","floor":15}],"player_experience":387004,"relics_obtained":[{"floor":7,"key":"Girya"},{"floor":8,"key":"Gambling Chip"},{"floor":10,"key":"sneckomod:LoadedDie"}],"event_choices":[{"damage_healed":0,"gold_gain":0,"player_choice":"Success","damage_taken":7,"relics_obtained":["Question Card"],"max_hp_gain":0,"max_hp_loss":0,"event_name":"Scrap Ooze","floor":3,"gold_loss":0},{"damage_healed":0,"gold_gain":0,"cards_transformed":["sneckomod:Strike"],"player_choice":"Transformed","damage_taken":0,"max_hp_gain":0,"max_hp_loss":0,"event_name":"Transmorgrifier","floor":4,"gold_loss":0,"cards_obtained":["sneckomod:UnknownDexterity"]}],"is_beta":false,"boss_relics":[],"items_purged_floors":[],"is_endless":false,"potions_floor_spawned":[8,11,12,14],"killed_by":"downfall:Silent","ascension_level":6}}