{"host":"2ixd8xwebcm7gar8","time":1608093703,"event":{"mods":["AchievementEnabler","Act Like it!","BaseMod","Beaked The Cultist","Conspire","Defuse TimeMaze Blight","Downfall","Googly Eyes","Hallownest","Hermit","Hubris","Infinite Spire","Mad Scientist","Minty Spire (QoL Compilation)","Replay The Spire","Robot Space Explorer","Shop Mod","StSLib","The Blackbeard","The Bug Knight","The Cursed","The Disciple","The Necromancer","Waifu the Spire"],"gold_per_floor":[110,110,168,180,191,191,191,42,66,20,47,59,71,10,10,108,108,120,120,120,75,86,86,86,86,86,86,96,115,115,45,45,140,140,158,4,4,4,4,4,21,35,95,95,95,95,95,20,20,20,20],"floor_reached":50,"playtime":2136,"items_purged":["ReplayTheSpireMod:Doomed","hubris:Disease"],"score":530,"play_id":"0691d57d-fc91-4dc0-883a-22a584d816c3","local_time":"20201215204143","daily_mods":["Draft","Heirloom","Time Dilation","Flight"],"is_ascension_mode":false,"campfire_choices":[{"data":"hexamod:BurningTouch","floor":6.0,"key":"SMITH"},{"data":"hexamod:Toasty","floor":12.0,"key":"SMITH"},{"data":"hexamod:BurningTouch","floor":13.0,"key":"SMITH"},{"data":"hexamod:Toasty","floor":15.0,"key":"SMITH"},{"data":"hexamod:GhostOfSpirePresent","floor":23.0,"key":"SMITH"},{"floor":24.0,"key":"REST"},{"data":"hexamod:SuperheatedStrike","floor":25.0,"key":"SMITH"},{"floor":32.0,"key":"REST"},{"data":"DevaForm","floor":40,"key":"SMITH"},{"floor":44,"key":"REST"},{"floor":45,"key":"REST"},{"data":"hexamod:SuperheatedStrike","floor":46,"key":"SMITH"},{"data":"hexamod:BurningTouch","floor":49,"key":"SMITH"}],"circlet_count":0,"master_deck":["hexamod:ShieldOfDarkness","hexamod:Again","hexamod:Firestarter+1","hexamod:FlamesFromBeyond","hexamod:PhantomCloak","hexamod:Firestarter+1","hexamod:SwordOfDarkness","hexamod:BacktrackSmack","hexamod:Firestarter+1","hexamod:GhostflameBarrier","hexamod:Hexaguard","hexamod:Firestarter+1","hexamod:EmpoweredFlame","hexamod:SoulSteal+1","hexamod:HauntingEcho","hexamod:BacktrackSmack","hexamod:ThermalTransfer","hexamod:BurningTouch+1","hexamod:BurningTouch+1","hexamod:RadiantFlame","hexamod:SpectersWail+1","hexamod:Toasty+1","hexamod:Toasty+1","hexamod:Firestarter+1","hexamod:GhostOfSpirePresent+1","hexamod:SuperheatedStrike+1","hexamod:Rewind","hexamod:Rewind+1","hexamod:BurningTouch+1","hexamod:SuperheatedStrike+1","DevaForm+1"],"relics":["hexamod:SpiritBrand","Prayer Wheel","Chameleon Ring","Hallownest:DreamNailRelic","Orrery","Pen Nib","MawBank","Cursed Key","Red Mask","Replay:Bottled Eggs","hubris:Icosahedron","Toolbox","hubris:HollowSoul","Replay:Rubber Ducky","beaked:SacredDeck","CeramicFish","Guardian:PocketSentry","Hallownest:BeastSealRelic"],"acts_visited":["Hallownest:Greenpath","Hallownest:CityofTears","Hallownest:KingdomsEdge"],"potions_floor_usage":[42],"damage_taken":[{"damage":0.0,"enemies":"Hallownest:monsterHuskGuard","floor":1.0,"turns":3.0},{"damage":1.0,"enemies":"Hallownest:2_Baldur","floor":4.0,"turns":3.0},{"damage":0.0,"enemies":"2_ Uuma","floor":5.0,"turns":3.0},{"damage":0.0,"enemies":"Hallownest:eliteMossKnight","floor":11.0,"turns":3.0},{"damage":46.0,"enemies":"Hallownest:BossHornet","floor":16.0,"turns":6.0},{"damage":17.0,"enemies":"Hallownest:2_Mistakes","floor":18.0,"turns":4.0},{"damage":7.0,"enemies":"Hallownest:3_Youths","floor":22.0,"turns":3.0},{"damage":2.0,"enemies":"Hallownest:Master_and_Novice","floor":28.0,"turns":3.0},{"damage":10.0,"enemies":"Hallownest:2_Flukemon","floor":29.0,"turns":5.0},{"damage":57.0,"enemies":"Hallownest:BossGrimm","floor":33.0,"turns":6.0},{"damage":19,"enemies":"Hallownest:Shield_Heavy","floor":35,"turns":4},{"damage":9,"enemies":"Hallownest:3_Siblings","floor":41,"turns":3},{"damage":12,"enemies":"Hallownest:2_Wandering_and_1_Horned","floor":42,"turns":5},{"damage":16,"enemies":"Hallownest:BossHollowKnight","floor":50,"turns":8}],"seed_played":"-6004495693169494585","potions_obtained":[{"floor":3.0,"key":"Strength Potion"},{"floor":5.0,"key":"ColorlessPotion"},{"floor":18.0,"key":"Elixir"},{"floor":22.0,"key":"Adrenaline Potion"},{"floor":28.0,"key":"SteroidPotion"},{"floor":41,"key":"Explosive Potion"}],"is_trial":true,"path_per_floor":["M","?","?","M","M","R","?","$","T","$","E","R","R","$","R","B",null,"M","?","?","?","M","R","R","R","T","?","M","M","AVR","$","R","B",null,"M","$","?","AVR","?","R","M","M","T","R","R","R","?","$","R","B"],"character_chosen":"THE_SPIRIT","items_purchased":["Orrery","hexamod:SpectersWail","hexamod:Toasty","hexamod:SuperheatedStrike","Replay:Rubber Ducky"],"campfire_rested":4,"item_purchase_floors":[8,10,14,31,36],"current_hp_per_floor":[70,70,70,69,69,69,69,69,69,69,69,69,69,69,69,23,70,53,53,53,53,46,46,67,67,67,67,65,55,55,55,70,13,70,51,51,51,51,51,51,42,38,38,59,70,70,70,70,70,0,0],"gold":20,"neow_bonus":"","is_daily":false,"chose_seed":false,"campfire_upgraded":9,"win_rate":0.0,"timestamp":1608093703,"path_taken":["M","?","?","M","?","R","?","?","T","$","E","R","R","$","R","BOSS","M","?","?","?","?","R","R","R","T","?","?","M","AVR","$","R","BOSS","M","$","?","AVR","?","R","M","M","T","R","R","R","?","?","R","BOSS"],"items_purchased_type":["Relic","Card","Card","Card","Relic"],"build_version":"2020-12-13","purchased_purges":2,"victory":false,"max_hp_per_floor":[70,70,70,70,70,70,70,70,70,70,70,70,70,70,70,70,70,70,70,70,70,70,70,70,70,70,70,70,70,70,70,70,70,70,70,70,70,70,70,70,70,70,70,70,70,70,70,70,70,70,70],"card_choices":[{"not_picked":["hexamod:GhostShield","hexamod:AdvancingGuard"],"picked":"hexamod:ShieldOfDarkness","floor":0.0},{"not_picked":["hexamod:HeatCrush","hexamod:RetreatToShadows"],"picked":"hexamod:Again","floor":0.0},{"not_picked":["hexamod:GhostOfSpireFuture","hexamod:SkipABeat"],"picked":"hexamod:Firestarter","floor":0.0},{"not_picked":["hexamod:HauntingEcho","hexamod:FastForward"],"picked":"hexamod:FlamesFromBeyond","floor":0.0},{"not_picked":["hexamod:SkipABeat","hexamod:StepThrough"],"picked":"hexamod:PhantomCloak","floor":0.0},{"not_picked":["hexamod:EtherealExpedition","hexamod:BacktrackSmack"],"picked":"hexamod:Firestarter","floor":0.0},{"not_picked":["hexamod:NightmareGuise","hexamod:AdvancingGuard"],"picked":"hexamod:SwordOfDarkness","floor":0.0},{"not_picked":["hexamod:NecessarySacrifice","hexamod:NightmareStrike"],"picked":"hexamod:BacktrackSmack","floor":0.0},{"not_picked":["hexamod:RadiantFlame","hexamod:InspiringFlames"],"picked":"hexamod:Firestarter","floor":0.0},{"not_picked":["hexamod:PhantomCloak","hexamod:Hexaguard"],"picked":"hexamod:GhostflameBarrier","floor":0.0},{"not_picked":["hexamod:GhostOfSpirePast","hexamod:ShieldOfDarkness"],"picked":"hexamod:Hexaguard","floor":0.0},{"not_picked":["hexamod:GhostLash","hexamod:SwordOfDarkness"],"picked":"hexamod:Firestarter","floor":0.0},{"not_picked":["hexamod:RecurringNightmare","hexamod:NightmareGuise"],"picked":"hexamod:EmpoweredFlame","floor":0.0},{"not_picked":["hexamod:SuperheatedStrike","hexamod:ShieldOfDarkness"],"picked":"hexamod:SoulSteal","floor":0.0},{"not_picked":["hexamod:SpectralAdrenaline","hexamod:FourthSeal"],"picked":"hexamod:HauntingEcho","floor":0.0},{"not_picked":["hexamod:HauntingEcho","hexamod:Hexaguard","hexamod:EtherealExpedition"],"picked":"SKIP","floor":1.0},{"not_picked":["hexamod:Hexaguard","hexamod:NightmareGuise","hexamod:GhostLash"],"picked":"SKIP","floor":1.0},{"not_picked":["hexamod:Hexaguard","hexamod:TimeOfNeed"],"picked":"hexamod:BacktrackSmack","floor":3.0},{"not_picked":["hexamod:GhostOfSpirePast","hexamod:FastForward"],"picked":"hexamod:ThermalTransfer","floor":4.0},{"not_picked":["hexamod:HauntingEcho","hexamod:BacktrackSmack","hexamod:EtherealExpedition"],"picked":"SKIP","floor":4.0},{"not_picked":["hexamod:ShieldOfDarkness","hexamod:HauntingEcho"],"picked":"hexamod:BurningTouch","floor":5.0},{"not_picked":["hexamod:SwordOfDarkness","hexamod:FourthSeal","hexamod:Hexaguard"],"picked":"SKIP","floor":5.0},{"not_picked":["hexamod:SwordOfDarkness","hexamod:ApocalypseNow"],"picked":"hexamod:BurningTouch","floor":8.0},{"not_picked":["hexamod:RainOfEmbers","hexamod:Hexaguard"],"picked":"hexamod:RadiantFlame","floor":8.0},{"not_picked":["hexamod:FourthSeal","hexamod:BacktrackSmack"],"picked":"hexamod:Toasty","floor":11.0},{"not_picked":["hexamod:DynamicBlow+1","hexamod:PhantomCloak"],"picked":"hexamod:Firestarter","floor":18.0},{"not_picked":["hexamod:FourthSeal","hexamod:GhostLash","hexamod:ThirdSeal"],"picked":"SKIP","floor":18.0},{"not_picked":["hexamod:GhostOfSpirePast","hexamod:RecurringNightmare+1"],"picked":"hexamod:GhostOfSpirePresent","floor":22.0},{"not_picked":["hexamod:InspiringFlames+1","hexamod:SpectralSpark"],"picked":"hexamod:SuperheatedStrike","floor":22.0},{"not_picked":["hexamod:SpectersWail","hexamod:Firestarter+1"],"picked":"hexamod:Rewind","floor":28.0},{"not_picked":["hexamod:NightmareStrike","hexamod:HeatCrush"],"picked":"hexamod:Rewind+1","floor":28.0},{"not_picked":["hexamod:NightmareGuise","hexamod:HexaLevel"],"picked":"hexamod:BurningTouch","floor":29.0},{"not_picked":["hexamod:ThermalTransfer+1","hexamod:Firestarter","hexamod:AdvancingGuard+1"],"picked":"SKIP","floor":29.0},{"not_picked":["hexamod:InspiringFlames","hexamod:DynamicBlow","hexamod:ShieldOfDarkness"],"picked":"SKIP","floor":35},{"not_picked":["hexamod:ThermalTransfer","hexamod:FastForward+1","hexamod:Rewind"],"picked":"SKIP","floor":35},{"not_picked":["hexamod:GhostflameBarrier+1","hexamod:GhostShield+1","hexamod:HauntingEcho"],"picked":"SKIP","floor":41},{"not_picked":["hexamod:AdvancingGuard","hexamod:CatchUp+1","hexamod:FourthSeal"],"picked":"SKIP","floor":41},{"not_picked":["hexamod:Firestarter","hexamod:ThermalTransfer+1","hexamod:GhostOfSpirePresent+1"],"picked":"SKIP","floor":42},{"not_picked":["hexamod:BurningTouch","hexamod:AdvancingGuard+1","hexamod:HeatShield"],"picked":"SKIP","floor":42}],"player_experience":639952,"relics_obtained":[{"floor":3.0,"key":"Chameleon Ring"},{"floor":9.0,"key":"Pen Nib"},{"floor":11.0,"key":"MawBank"},{"floor":26.0,"key":"Replay:Bottled Eggs"},{"floor":43,"key":"Guardian:PocketSentry"}],"event_choices":[],"is_beta":false,"boss_relics":[{"not_picked":["Empty Cage","Snecko Eye"],"picked":"Cursed Key"},{"not_picked":["infinitespire:Cupcake","Replay:Grab Bag"],"picked":"hubris:HollowSoul"}],"items_purged_floors":[30,48],"is_endless":false,"potions_floor_spawned":[5,18,22,28,41],"killed_by":"Hallownest:BossHollowKnight","ascension_level":0}}