{"host":"21h5e52imz35vo8g","time":1608135596,"event":{"mods":["AchievementEnabler","BaseMod","Colored Map","Colored Powertips","Googly Eyes","Infinite Spire","Minty Spire (QoL Compilation)","Quick Restart","Rare Cards Sparkle","Replay The Spire","StSLib"],"gold_per_floor":[119,224,224,224,243,276,276,302,302,302,302],"floor_reached":10,"playtime":309,"items_purged":[],"score":114,"play_id":"f902f0b9-b685-41ac-a9df-7b3e7fd6ace9","local_time":"20201217001956","is_ascension_mode":true,"campfire_choices":[{"data":"Accuracy","floor":7,"key":"SMITH"}],"circlet_count":0,"master_deck":["Strike_G","Strike_G","Strike_G","Strike_G","Defend_G","Defend_G","Defend_G","Defend_G","Survivor","Neutralize","Accuracy","Accuracy+1","Footwork","Hidden Blade"],"relics":["Ring of the Snake","NeowsBlessing","Replay:Accelerometer","Bird Faced Urn","Toy Ornithopter"],"acts_visited":["Exordium"],"potions_floor_usage":[8],"damage_taken":[{"damage":0,"enemies":"Small Slimes","floor":1,"turns":1},{"damage":0,"enemies":"Jaw Worm","floor":5,"turns":1},{"damage":0,"enemies":"Lagavulin","floor":6,"turns":1},{"damage":48,"enemies":"Gremlin Nob","floor":8,"turns":6},{"damage":10,"enemies":"3 Sentries","floor":10,"turns":4}],"seed_played":"-4642625776766534173","potions_obtained":[{"floor":6,"key":"Swift Potion"}],"is_trial":false,"path_per_floor":["M","?","?","?","M","E","R","E","T","E"],"character_chosen":"THE_SILENT","items_purchased":[],"campfire_rested":0,"item_purchase_floors":[],"current_hp_per_floor":[70,70,70,70,70,70,70,22,22,18,18],"gold":302,"neow_bonus":"THREE_ENEMY_KILL","is_daily":false,"chose_seed":false,"campfire_upgraded":1,"win_rate":0.0,"timestamp":1608135596,"path_taken":["M","?","?","?","M","E","R","E","T","E"],"items_purchased_type":[],"build_version":"2020-12-13","purchased_purges":0,"victory":false,"max_hp_per_floor":[70,70,70,70,70,70,70,70,70,70,70],"card_choices":[{"not_picked":["Flying Knee","Skewer"],"picked":"Accuracy","floor":1},{"not_picked":["Sucker Punch","Poisoned Stab"],"picked":"Accuracy","floor":2},{"not_picked":["Poisoned Stab","Prepared"],"picked":"Footwork","floor":2},{"not_picked":["Heel Hook","Slice"],"picked":"Hidden Blade","floor":5},{"not_picked":["Hidden Blade","Outmaneuver","Underhanded Strike"],"picked":"SKIP","floor":6},{"not_picked":["Bane","Blur","Flechettes"],"picked":"SKIP","floor":8}],"player_experience":268500,"relics_obtained":[{"floor":6,"key":"Replay:Accelerometer"},{"floor":8,"key":"Bird Faced Urn"},{"floor":9,"key":"Toy Ornithopter"}],"event_choices":[],"is_beta":false,"boss_relics":[],"items_purged_floors":[],"is_endless":false,"potions_floor_spawned":[6],"killed_by":"3 Sentries","ascension_level":3}}