{"host":"iptgt7xajlx4idp5","time":1608086337,"event":{"mods":["BaseMod","Bestiary","Colored Map","Minty Spire (QoL Compilation)","Rare Cards Sparkle","Slay-I"],"gold_per_floor":[119,130,140,156,171,171,171,171,171,171,17,17,34,52,52,149,149,160,60,77,89,102,102,102],"floor_reached":23,"playtime":1155,"items_purged":["Strike_R","Dark Embrace+1"],"score":187,"play_id":"d466f628-c44e-4f4a-89cd-fb62b5b7d70d","local_time":"20201215193857","is_ascension_mode":false,"campfire_choices":[{"data":"Wild Strike","floor":6,"key":"SMITH"},{"data":"Dark Embrace","floor":8,"key":"SMITH"},{"data":"Perfected Strike","floor":15,"key":"SMITH"}],"circlet_count":0,"master_deck":["Strike_R","Strike_R","Strike_R","Defend_R","Defend_R","Defend_R","Defend_R","Wild Strike+1","Disarm","Reckless Charge","Pommel Strike","Feel No Pain","Perfected Strike+1","Bludgeon","Perfected Strike+1","Pommel Strike","Wild Strike+1"],"relics":["Black Blood","Paper Frog","HornCleat"],"acts_visited":["Exordium","TheCity"],"potions_floor_usage":[16,18,21,21,22],"damage_taken":[{"damage":6,"enemies":"Jaw Worm","floor":1,"turns":5},{"damage":5,"enemies":"Small Slimes","floor":2,"turns":4},{"damage":0,"enemies":"2 Louse","floor":3,"turns":4},{"damage":27,"enemies":"Large Slime","floor":4,"turns":10},{"damage":9,"enemies":"Lots of Slimes","floor":5,"turns":6},{"damage":4,"enemies":"3 Louse","floor":13,"turns":4},{"damage":13,"enemies":"Exordium Wildlife","floor":14,"turns":4},{"damage":61,"enemies":"Slime Boss","floor":16,"turns":12},{"damage":1,"enemies":"Chosen","floor":18,"turns":4},{"damage":37,"enemies":"3 Byrds","floor":20,"turns":7},{"damage":26,"enemies":"3 Cultists","floor":21,"turns":6},{"damage":40,"enemies":"Centurion and Healer","floor":22,"turns":5},{"damage":14,"enemies":"Slavers","floor":23,"turns":1}],"seed_played":"-4188178937457975793","potions_obtained":[{"floor":3,"key":"LiquidMemories"},{"floor":5,"key":"SkillPotion"},{"floor":14,"key":"Dexterity Potion"},{"floor":16,"key":"Fire Potion"},{"floor":20,"key":"BlessingOfTheForge"},{"floor":21,"key":"EssenceOfSteel"}],"is_trial":false,"path_per_floor":["M","M","M","M","M","R","?","R","T","?","$","?","M","M","R","B",null,"M","$","M","M","M","E"],"character_chosen":"IRONCLAD","items_purchased":["Feel No Pain"],"campfire_rested":0,"item_purchase_floors":[11],"current_hp_per_floor":[80,80,80,59,56,56,80,80,80,80,80,68,70,63,63,8,80,80,80,55,41,13,0,0],"gold":102,"neow_bonus":"REMOVE_CARD","is_daily":false,"chose_seed":false,"campfire_upgraded":3,"win_rate":0.0,"timestamp":1608086337,"path_taken":["M","M","M","M","M","R","?","R","T","?","$","?","M","M","R","BOSS","M","$","M","M","M","E"],"items_purchased_type":["Card"],"build_version":"2020-12-13","purchased_purges":2,"victory":false,"max_hp_per_floor":[80,80,80,80,80,80,80,80,80,80,80,80,80,80,80,80,80,80,80,80,80,80,80,80],"card_choices":[{"not_picked":["Armaments","Dual Wield"],"picked":"Wild Strike","floor":1},{"not_picked":["Body Slam","Clothesline"],"picked":"Disarm","floor":2},{"not_picked":["Clash","Sentinel"],"picked":"Dark Embrace","floor":3},{"not_picked":["Dual Wield","Warcry"],"picked":"Reckless Charge","floor":4},{"not_picked":["Rupture","Armaments"],"picked":"Pommel Strike","floor":5},{"not_picked":["Sentinel","Blood for Blood","Clothesline"],"picked":"SKIP","floor":13},{"not_picked":["Body Slam","Flex"],"picked":"Perfected Strike","floor":14},{"not_picked":["Limit Break","Impervious"],"picked":"Bludgeon","floor":16},{"not_picked":["Pommel Strike","Flex+1"],"picked":"Perfected Strike+1","floor":18},{"not_picked":["Disarm","Sentinel"],"picked":"Pommel Strike","floor":20},{"not_picked":["Clash","Burning Pact"],"picked":"Wild Strike+1","floor":21},{"not_picked":["Metallicize","Anger+1","Body Slam+1"],"picked":"SKIP","floor":22}],"player_experience":475082,"relics_obtained":[{"floor":9,"key":"Paper Frog"}],"event_choices":[{"damage_healed":26,"gold_gain":0,"player_choice":"Banana","damage_taken":0,"max_hp_gain":0,"max_hp_loss":0,"event_name":"Big Fish","floor":7,"gold_loss":0},{"cards_removed":["Strike_R"],"damage_healed":0,"gold_gain":0,"player_choice":"Forget","damage_taken":0,"max_hp_gain":0,"max_hp_loss":0,"event_name":"Living Wall","floor":10,"gold_loss":0},{"damage_healed":0,"gold_gain":0,"player_choice":"Success","damage_taken":12,"relics_obtained":["HornCleat"],"max_hp_gain":0,"max_hp_loss":0,"event_name":"Scrap Ooze","floor":12,"gold_loss":0}],"is_beta":false,"boss_relics":[{"not_picked":["Mark of Pain","Astrolabe"],"picked":"Black Blood"}],"items_purged_floors":[11,19],"is_endless":false,"potions_floor_spawned":[3,5,14,16,20,21],"killed_by":"Slavers","ascension_level":0}}