{"host":"rih3m63woujmecfd","time":1608134035,"event":{"mods":["BaseMod","Lobotomy","LobotomyExtend","Minty Spire (QoL Compilation)","Remilia£®¿Ÿ√◊¿Ú—«£©","Replay The Spire","Shop Mod","StSLib"],"gold_per_floor":[117,132,147,160,172,172,172],"floor_reached":6,"playtime":512,"items_purged":[],"score":40,"play_id":"9d9e2522-9d26-43cd-b725-f8ed110212bd","local_time":"20201216235355","is_ascension_mode":false,"campfire_choices":[],"circlet_count":0,"master_deck":["Strike_RM","Strike_RM","Strike_RM","Strike_RM","Defend_RM","Defend_RM","Defend_RM","Defend_RM","RedMoon","ScarletShoot","OSAHOGD","CharismaGuard","HunterOfTheNight","LeisurelyOfLord","MeatLantern","RedRainbow","FairyFestival","MastersStateliness"],"relics":["ScarletHat","CogitoBucket","LetterFromLob"],"acts_visited":["Exordium"],"potions_floor_usage":[5,5],"damage_taken":[{"damage":0,"enemies":"Small Slimes","floor":1,"turns":4},{"damage":0,"enemies":"Cultist","floor":2,"turns":6},{"damage":0,"enemies":"Jaw Worm","floor":3,"turns":4},{"damage":3,"enemies":"Blue Slaver","floor":4,"turns":8},{"damage":0,"enemies":"Looter","floor":5,"turns":1},{"damage":40,"enemies":"Gremlin Nob","floor":6,"turns":3}],"seed_played":"5878416641689232470","potions_obtained":[{"floor":3,"key":"SteroidPotion"},{"floor":4,"key":"Adrenaline Potion"},{"floor":5,"key":"Elixir"}],"is_trial":false,"path_per_floor":["M","M","M","M","M","E"],"character_chosen":"REMILIA","items_purchased":[],"campfire_rested":0,"item_purchase_floors":[],"current_hp_per_floor":[75,75,75,4,4,0,0],"gold":172,"neow_bonus":"","is_daily":false,"chose_seed":false,"campfire_upgraded":0,"win_rate":0.0,"timestamp":1608134035,"path_taken":["M","M","M","M","M","E"],"items_purchased_type":[],"build_version":"2020-12-13","purchased_purges":0,"victory":false,"max_hp_per_floor":[75,75,75,75,75,75,75],"card_choices":[{"not_picked":["Yin","Bloodbath"],"picked":"OSAHOGD","floor":1},{"not_picked":["Maim","ScarletNetherworld"],"picked":"CharismaGuard","floor":1},{"not_picked":["LaLuna","Porccubus"],"picked":"Yin","floor":2},{"not_picked":["MastersStateliness","MiserableFate"],"picked":"HunterOfTheNight","floor":2},{"not_picked":["RedRainbow","FavorOfDestiny"],"picked":"LeisurelyOfLord","floor":3},{"not_picked":["ShyLook","SnowQueen"],"picked":"MeatLantern","floor":4},{"not_picked":["CharismaGuard","EndlessAdversity"],"picked":"RedRainbow","floor":4},{"not_picked":["Woodsman","PunishingBird"],"picked":"FairyFestival","floor":5},{"not_picked":["StarOfDavid","ForbiddenFruit"],"picked":"MastersStateliness","floor":5}],"player_experience":109570,"relics_obtained":[{"floor":1,"key":"LetterFromLob"}],"event_choices":[],"is_beta":false,"boss_relics":[],"items_purged_floors":[],"is_endless":false,"potions_floor_spawned":[3,4,5],"killed_by":"Gremlin Nob","ascension_level":0}}