{"host":"5gc11emcm5chfr5t","time":1608154083,"event":{"mods":["2.2 Compatiblity","AchievementEnabler","BaseMod","Bestiary","Better Note","Colored Map","Colored Powertips","Downfall","Googly Eyes","Minty Spire (QoL Compilation)","Rare Cards Sparkle","StSLib"],"gold_per_floor":[99,99,132,232,232,232,256,266,291,141,2,12,30,41,59,59,59],"floor_reached":16,"playtime":576,"items_purged":["Regret"],"score":214,"play_id":"2908aa0a-d557-4cb3-88a6-946815cfcb03","local_time":"20201216162803","is_ascension_mode":true,"campfire_choices":[{"floor":1,"key":"RECALL"},{"data":"sneckomod:UnknownRareAttack","floor":10,"key":"SMITH"}],"circlet_count":0,"master_deck":["sneckomod:Strike","sneckomod:Strike+1","sneckomod:Strike","sneckomod:Defend","sneckomod:Defend","sneckomod:Defend+1","sneckomod:TailWhip+1","sneckomod:SnekBite","sneckomod:Unknown","sneckomod:Unknown","sneckomod:UnknownClassGREEN","sneckomod:UnknownRareAttack+1","sneckomod:UnknownClassPURPLE","sneckomod:UnknownUncommonSkill","sneckomod:IronFang","sneckomod:UnknownClassGREEN","sneckomod:QuickMove","sneckomod:DiceCrush","sneckomod:UnknownUncommonPower","sneckomod:UnknownStrength"],"relics":["sneckomod:SneckoSoul","downfall:HeartsMalice","Gremlin Horn","Pen Nib","Mango","downfall:HeartBlessingRed","downfall:HeartBlessingGreen"],"acts_visited":["Exordium"],"potions_floor_usage":[9,12,14,15,16,16],"damage_taken":[{"damage":0,"enemies":"Cultist","floor":2,"turns":1},{"damage":0,"enemies":"Gremlin Nob","floor":3,"turns":1},{"damage":0,"enemies":"Small Slimes","floor":6,"turns":1},{"damage":8,"enemies":"Jaw Worm","floor":8,"turns":5},{"damage":24,"enemies":"Lagavulin","floor":9,"turns":6},{"damage":6,"enemies":"downfall:FleeingMerchant","floor":11,"turns":4},{"damage":11,"enemies":"Exordium Thugs","floor":12,"turns":2},{"damage":0,"enemies":"3 Louse","floor":13,"turns":1},{"damage":17,"enemies":"Exordium Thugs","floor":14,"turns":4},{"damage":0,"enemies":"2 Fungi Beasts","floor":15,"turns":1},{"damage":40,"enemies":"downfall:Defect","floor":16,"turns":4}],"seed_played":"4604951376974105679","potions_obtained":[{"floor":3,"key":"Energy Potion"},{"floor":12,"key":"Dexterity Potion"},{"floor":13,"key":"Strength Potion"},{"floor":14,"key":"AttackPotion"},{"floor":15,"key":"Strength Potion"}],"is_trial":false,"path_per_floor":["R","M","E","?","?","M","T","M","E","R","$","M","M","M","M","B"],"character_chosen":"THE_SNECKO","items_purchased":["Strength Potion"],"campfire_rested":0,"item_purchase_floors":[11],"current_hp_per_floor":[81,82,83,83,83,84,84,77,67,67,62,51,51,39,40,0,0],"gold":59,"neow_bonus":"THREE_ENEMY_KILL","is_daily":false,"chose_seed":false,"campfire_upgraded":1,"win_rate":0.0,"timestamp":1608154083,"path_taken":["R","?","E","?","?","M","T","?","E","R","$","M","M","M","M","BOSS"],"items_purchased_type":["Potion"],"build_version":"2020-12-13","purchased_purges":1,"victory":false,"max_hp_per_floor":[90,91,92,92,92,93,93,94,108,108,109,109,109,114,115,115,115],"card_choices":[{"not_picked":["sneckomod:TrashToTreasure","sneckomod:UnknownCommonSkill"],"picked":"sneckomod:UnknownClassGREEN","floor":2},{"not_picked":["sneckomod:QuickBite","sneckomod:SoulCleanse"],"picked":"sneckomod:UnknownRareAttack","floor":3},{"not_picked":["sneckomod:DiceBlock","sneckomod:DefensiveFlair"],"picked":"sneckomod:UnknownClassPURPLE","floor":6},{"not_picked":["sneckomod:DiceBlock","sneckomod:DiceCrush"],"picked":"sneckomod:UnknownUncommonSkill","floor":8},{"not_picked":["sneckomod:UnknownClassHEXA_GHOST_PURPLE","sneckomod:UnknownEthereal"],"picked":"sneckomod:IronFang","floor":9},{"not_picked":["sneckomod:RainOfDice","sneckomod:WideSting"],"picked":"sneckomod:UnknownClassGREEN","floor":11},{"not_picked":["sneckomod:TrashToTreasure","sneckomod:UnknownBlock"],"picked":"sneckomod:QuickMove","floor":12},{"not_picked":["sneckomod:DiceBlock","sneckomod:IronFang"],"picked":"sneckomod:DiceCrush","floor":13},{"not_picked":["sneckomod:DiceCrush","sneckomod:Unknown1Cost"],"picked":"sneckomod:UnknownUncommonPower","floor":14},{"not_picked":["sneckomod:RainOfDice","sneckomod:UnknownUncommonPower"],"picked":"sneckomod:UnknownStrength","floor":15}],"player_experience":396354,"relics_obtained":[{"floor":3,"key":"Gremlin Horn"},{"floor":7,"key":"Pen Nib"},{"floor":9,"key":"Mango"}],"event_choices":[],"is_beta":false,"boss_relics":[],"items_purged_floors":[11],"is_endless":false,"potions_floor_spawned":[3,12,13,14,15],"killed_by":"downfall:Defect","ascension_level":8}}