{"host":"f0gpob8hq9vgebej","time":1608088089,"event":{"mods":["AchievementEnabler","BaseMod","Googly Eyes","Minty Spire (QoL Compilation)","Quick Restart","SuperFastMode"],"gold_per_floor":[116,128,141,156,166,166,180,199,199,219,219,237,68,78,78,78,78],"floor_reached":16,"playtime":494,"items_purged":["Strike_G"],"score":195,"play_id":"149258e6-3447-4806-bd11-e07717a2a866","local_time":"20201216120809","is_ascension_mode":true,"campfire_choices":[{"data":"Poisoned Stab","floor":6,"key":"SMITH"},{"data":"Prepared","floor":11,"key":"SMITH"},{"data":"Bandage Up","floor":15,"key":"SMITH"}],"circlet_count":0,"master_deck":["Strike_G","Strike_G","Strike_G","Strike_G","Defend_G","Defend_G","Defend_G","Defend_G","Defend_G","Survivor","Neutralize","Bullet Time","Blade Dance","Cloak And Dagger","Poisoned Stab+1","Backflip","Prepared+1","Escape Plan","Bandage Up+1"],"relics":["Ring of the Snake","Matryoshka"],"acts_visited":["Exordium"],"potions_floor_usage":[12,16,16,16],"damage_taken":[{"damage":4,"enemies":"Cultist","floor":1,"turns":6},{"damage":2,"enemies":"Jaw Worm","floor":2,"turns":5},{"damage":0,"enemies":"2 Louse","floor":3,"turns":2},{"damage":11,"enemies":"Exordium Wildlife","floor":4,"turns":4},{"damage":7,"enemies":"Large Slime","floor":5,"turns":8},{"damage":6,"enemies":"Looter","floor":7,"turns":3},{"damage":4,"enemies":"Blue Slaver","floor":8,"turns":5},{"damage":7,"enemies":"Large Slime","floor":10,"turns":6},{"damage":0,"enemies":"Exordium Wildlife","floor":12,"turns":3},{"damage":0,"enemies":"Blue Slaver","floor":14,"turns":3},{"damage":23,"enemies":"Slime Boss","floor":16,"turns":8}],"seed_played":"673159194027798994","potions_obtained":[{"floor":1,"key":"DistilledChaos"},{"floor":5,"key":"Weak Potion"},{"floor":7,"key":"Ancient Potion"},{"floor":14,"key":"Weak Potion"}],"is_trial":false,"path_per_floor":["M","M","M","M","M","R","M","M","T","M","R","M","$","M","R","B"],"character_chosen":"THE_SILENT","items_purchased":["Bandage Up"],"campfire_rested":0,"item_purchase_floors":[13],"current_hp_per_floor":[59,57,57,46,39,39,33,29,29,22,22,22,22,26,26,9,9],"gold":78,"neow_bonus":"ONE_RANDOM_RARE_CARD","is_daily":false,"chose_seed":false,"campfire_upgraded":3,"win_rate":0.0,"timestamp":1608088089,"path_taken":["M","M","M","M","M","R","M","M","T","M","R","M","?","M","R","BOSS"],"items_purchased_type":["Card"],"build_version":"2020-12-13","purchased_purges":1,"victory":false,"max_hp_per_floor":[70,70,70,70,70,70,70,70,70,70,70,70,70,70,70,70,70],"card_choices":[{"not_picked":["Catalyst","Bane"],"picked":"Blade Dance","floor":1},{"not_picked":["Deflect","Flying Knee"],"picked":"Cloak And Dagger","floor":2},{"not_picked":["Leg Sweep","Flying Knee"],"picked":"Poisoned Stab","floor":3},{"not_picked":["All Out Attack","Flechettes","Bullet Time"],"picked":"SKIP","floor":4},{"not_picked":["Underhanded Strike","Sucker Punch"],"picked":"Backflip","floor":5},{"not_picked":["Cloak And Dagger","Endless Agony"],"picked":"Prepared","floor":7},{"not_picked":["Flying Knee","Concentrate","Dash"],"picked":"SKIP","floor":8},{"not_picked":["Distraction","Predator"],"picked":"Escape Plan","floor":10},{"not_picked":["Deflect","Poisoned Stab","Underhanded Strike"],"picked":"SKIP","floor":12},{"not_picked":["Bane","Caltrops","Dagger Spray"],"picked":"SKIP","floor":14}],"player_experience":145522,"relics_obtained":[{"floor":9,"key":"Matryoshka"}],"event_choices":[],"is_beta":false,"boss_relics":[],"items_purged_floors":[13],"is_endless":false,"potions_floor_spawned":[1,5,7,14],"killed_by":"Slime Boss","ascension_level":6}}