{"host":"gbop6m4qugddaz18","time":1608132329,"event":{"mods":["2.2 Compatiblity","BaseMod","Better Third Choice","Block Reminder","Downfall","GifTheSpireLib","Highlight Path","Minty Spire (QoL Compilation)","Replay The Spire","StSLib"],"gold_per_floor":[119,136,153,153,153,153,180,180,180,207,225,254,266,266,266,366,366,386,326,340,351,361,393,393,422,422,422,438,438,499,499,499,598,598,618,633,211,226,226,226],"floor_reached":39,"playtime":1536,"items_purged":["Parasite"],"score":563,"play_id":"160fc287-623f-4589-967c-aae4ca072c10","local_time":"20201216102529","is_ascension_mode":true,"campfire_choices":[{"floor":6,"key":"REST"},{"floor":8,"key":"REST"},{"floor":15,"key":"REST"},{"floor":27,"key":"REST"},{"floor":29,"key":"REST"},{"data":"Zap","floor":32,"key":"SMITH"}],"circlet_count":0,"master_deck":["Strike_B+1","Strike_B+1","Strike_B+1","Defend_B+1","Defend_B","Defend_B","Defend_B","Zap+1","Dualcast","Static Discharge","Ball Lightning+1","ReplayTheSpireMod:Repulse","Genetic Algorithm+1","Redo","Cold Snap","Beam Cell","Self Repair","Ball Lightning","Rainbow","Go for the Eyes+1","Sweeping Beam+1","Doom and Gloom+1","Leap","Genetic Algorithm","Beam Cell","Rip and Tear+1","Conserve Battery","Echo Form","Ball Lightning","Ball Lightning","Sweeping Beam","Beam Cell+1"],"relics":["Cracked Core","Chameleon Ring","Orichalcum","Cables","Whetstone","Ancient Tea Set","Painkiller Herb","Blue Doll","MutagenicStrength","Replay:Accelerometer","Replay:Bottled Eggs","Bag of Marbles","Du-Vu Doll","Replay:Grab Bag","Cursed Key","Replay:Bronze Core","Black Star","Inserter","Membership Card","Snack Pack","MealTicket"],"acts_visited":["Exordium","TheCity","TheBeyond"],"potions_floor_usage":[10,16,21,23,23,28,33],"damage_taken":[{"damage":6,"enemies":"Jaw Worm","floor":1,"turns":5},{"damage":2,"enemies":"Small Slimes","floor":2,"turns":4},{"damage":3,"enemies":"2 Louse","floor":3,"turns":3},{"damage":35,"enemies":"Lagavulin","floor":7,"turns":6},{"damage":0,"enemies":"Gremlin Nob","floor":10,"turns":4},{"damage":11,"enemies":"Blue Slaver","floor":11,"turns":3},{"damage":19,"enemies":"3 Sentries","floor":12,"turns":4},{"damage":5,"enemies":"Looter","floor":13,"turns":3},{"damage":37,"enemies":"The Guardian","floor":16,"turns":7},{"damage":4,"enemies":"2 Thieves","floor":18,"turns":4},{"damage":0,"enemies":"Chosen","floor":20,"turns":4},{"damage":28,"enemies":"Sentry and Sphere","floor":21,"turns":4},{"damage":6,"enemies":"Cultist and Chosen","floor":22,"turns":4},{"damage":19,"enemies":"Book of Stabbing","floor":23,"turns":4},{"damage":50,"enemies":"Gremlin Leader","floor":25,"turns":6},{"damage":2,"enemies":"Snake Plant","floor":28,"turns":2},{"damage":51,"enemies":"Pondfish","floor":33,"turns":9},{"damage":25,"enemies":"3 Shapes","floor":35,"turns":3},{"damage":27,"enemies":"3 Darklings","floor":36,"turns":3},{"damage":49,"enemies":"Writhing Mass","floor":38,"turns":5},{"damage":23,"enemies":"Spire Growth","floor":39,"turns":2}],"seed_played":"-6303811987192026159","potions_obtained":[{"floor":2,"key":"ColorlessPotion"},{"floor":10,"key":"Swift Potion"},{"floor":11,"key":"LiquidMemories"},{"floor":12,"key":"sneckomod:MuddlingPotion"},{"floor":21,"key":"Fruit Juice"},{"floor":22,"key":"sneckomod:MuddlingPotion"},{"floor":30,"key":"Death Potion"},{"floor":30,"key":"DuplicationPotion"},{"floor":33,"key":"Milkshake"},{"floor":35,"key":"CultistPotion"}],"is_trial":false,"path_per_floor":["M","M","M","?","?","R","E","R","T","E","M","E","M","?","R","B",null,"?","?","?","?","?","E","?","E","T","T","?","T","?","T","T","B",null,"?","?","T","?","?"],"character_chosen":"DEFECT","items_purchased":["Membership Card","Snack Pack","MealTicket","Sweeping Beam"],"campfire_rested":5,"item_purchase_floors":[37,37,37,37],"current_hp_per_floor":[83,81,78,45,45,71,36,62,62,62,51,32,34,34,60,30,89,89,89,89,75,76,64,64,21,21,49,47,75,75,75,75,31,96,71,58,58,20,0,0],"gold":226,"neow_bonus":"TWENTY_PERCENT_HP_BONUS","is_daily":false,"chose_seed":false,"campfire_upgraded":1,"win_rate":0.0,"timestamp":1608132329,"path_taken":["M","M","M","?","?","R","E","R","T","E","M","E","M","?","R","BOSS","?","?","?","?","?","E","?","E","T","T","?","T","?","?","T","BOSS","?","?","T","?","?"],"items_purchased_type":["Relic","Relic","Relic","Card"],"build_version":"2020-12-13","purchased_purges":1,"victory":false,"max_hp_per_floor":[89,89,89,89,89,89,89,89,89,89,89,89,89,89,89,89,89,89,89,89,96,96,96,96,96,96,96,96,96,96,96,96,96,96,96,96,93,93,93,93],"card_choices":[{"not_picked":["Force Field","Turbo"],"picked":"Static Discharge","floor":1},{"not_picked":["Lockon","Beam Cell"],"picked":"Ball Lightning","floor":2},{"not_picked":["BasicCrystalCard","Turbo"],"picked":"ReplayTheSpireMod:Repulse","floor":3},{"not_picked":["Reinforced Body","ReplayTheSpireMod:Calculation Training"],"picked":"Redo","floor":7},{"not_picked":["Hyperbeam","ReplayGash"],"picked":"Cold Snap","floor":10},{"not_picked":["ReplayTheSpireMod:Reroute Power","Barrage"],"picked":"Beam Cell","floor":11},{"not_picked":["ReplaySort","Compile Driver"],"picked":"Self Repair","floor":12},{"not_picked":["Barrage","Recycle"],"picked":"Ball Lightning","floor":13},{"not_picked":["ReplayTheSpireMod:Fabricate Wheel","Thunder Strike"],"picked":"Rainbow","floor":16},{"not_picked":["Crystallizer","Tempest+1"],"picked":"Go for the Eyes+1","floor":18},{"not_picked":["Redo","Turbo"],"picked":"Sweeping Beam+1","floor":20},{"not_picked":["Sweeping Beam+1","Beam Cell"],"picked":"Doom and Gloom+1","floor":21},{"not_picked":["Tempest+1","Sweeping Beam+1"],"picked":"Leap","floor":22},{"not_picked":["Tempest+1","Streamline"],"picked":"Genetic Algorithm","floor":23},{"not_picked":["ReplayTheSpireMod:Reroute Power+1","Barrage"],"picked":"Beam Cell","floor":25},{"not_picked":["Scrape","Gash"],"picked":"Rip and Tear+1","floor":28},{"not_picked":["Redo","ReplayTheSpireMod:Omega Cannon"],"picked":"Conserve Battery","floor":30},{"not_picked":["Meteor Strike","ReplayRNGCard"],"picked":"Echo Form","floor":33},{"not_picked":["ReplayTheSpireMod:Reroute Power+1","Fusion"],"picked":"Ball Lightning","floor":35},{"not_picked":["ReplayGash","Go for the Eyes"],"picked":"Ball Lightning","floor":36},{"not_picked":["Turbo+1","FTL"],"picked":"Beam Cell+1","floor":38}],"player_experience":437670,"relics_obtained":[{"floor":7,"key":"Orichalcum"},{"floor":9,"key":"Cables"},{"floor":10,"key":"Whetstone"},{"floor":12,"key":"Ancient Tea Set"},{"floor":23,"key":"Blue Doll"},{"floor":25,"key":"Replay:Accelerometer"},{"floor":26,"key":"Replay:Bottled Eggs"},{"floor":30,"key":"Bag of Marbles"},{"floor":31,"key":"Du-Vu Doll"}],"event_choices":[{"damage_healed":0,"gold_gain":0,"player_choice":"Relic ","damage_taken":33,"max_hp_gain":0,"max_hp_loss":0,"event_name":"betterThird:BetterScrap","floor":4,"gold_loss":0,"cards_obtained":["ReplayTheSpireMod:Exploit Weakness"]},{"damage_healed":0,"gold_gain":0,"player_choice":"Inject Mutagens","damage_taken":0,"relics_obtained":["MutagenicStrength"],"max_hp_gain":0,"max_hp_loss":0,"event_name":"Drug Dealer","floor":24,"gold_loss":0}],"is_beta":false,"boss_relics":[{"not_picked":["Honey Jar","Replay:Wanted Poster"],"picked":"Painkiller Herb"},{"not_picked":["Ring of Chaos","Snecko Eye"],"picked":"Replay:Grab Bag"},{"not_picked":["ChewingGum","Velvet Choker"],"picked":"Cursed Key"},{"not_picked":["Sozu","Runic Dome"],"picked":"Replay:Bronze Core"},{"not_picked":["SacredBark","Kintsugi"],"picked":"Black Star"},{"not_picked":["Pandora\u0027s Box","Astrolabe"],"picked":"Inserter"}],"items_purged_floors":[37],"is_endless":false,"potions_floor_spawned":[2,10,11,12,21,22,33,35],"killed_by":"Spire Growth","ascension_level":2}}