{"host":"7krnriczr1b2ou5r","time":1608088146,"event":{"mods":["BaseMod","Keyboard Shortcuts","Minty Spire (QoL Compilation)","Relic Stats","StSLib","The Dragon Tamer","The Poker Player"],"gold_per_floor":[17,33,49,65,65,94,94,94,139,174,174,174,193,220,220,316,316,335,335,260,276,286,320,320,346,371,406,424,17,35,48,48,151,151,162,212,212,222,222,222,235,264,301,327,364,394,435,458,470,482,494,506,62,87,87],"floor_reached":56,"playtime":2432,"items_purged":["DTMod:Strike","DTMod:Strike"],"score":1811,"play_id":"dcd502ee-8c78-4637-8f74-ea3c47045c19","local_time":"20201216120906","is_ascension_mode":true,"metric_token":479,"campfire_choices":[{"data":"DTMod:BurningEnergy","floor":7.0,"key":"SMITH"},{"data":"DTMod:Training","floor":12.0,"key":"SMITH"},{"data":"DTMod:SwitchingTactic","floor":15.0,"key":"SMITH"},{"data":"DTMod:Coolant","floor":24,"key":"SMITH"},{"data":"DTMod:BuildUp","floor":32,"key":"SMITH"},{"floor":40,"key":"RECALL"},{"floor":49,"key":"REST"},{"floor":52,"key":"REST"}],"dtmod_dragon_data":[31,50,1,1,12,8],"circlet_count":0,"master_deck":["DTMod:Strike","DTMod:Strike","DTMod:DoubleHit+1","DTMod:TargetDefense+1","DTMod:TargetDefense+1","DTMod:TargetDefense","DTMod:TargetDefense+1","DTMod:SwitchingTactic+1","DTMod:ForkedFire+1","DTMod:BurningEnergy+1","DTMod:Training+1","DTMod:Coolant+1","DTMod:Astonish+1","DTMod:InvisibleFlame+1","DTMod:BurningForce+1","DTMod:DarkBreath+1","DTMod:DragonDance+1","DTMod:BuildUp+1","DTMod:Inferno+1","DTMod:Dissolve+1","DTMod:Haste+1","DTMod:RunningTactic+1"],"relics":["DTMod:PactStone","Chemical X","Black Star","Dead Branch","Singing Bowl","Potion Belt","Happy Flower","Dream Catcher","DTMod:DragonFood","Nunchaku","Ornamental Fan","Pantograph","SacredBark","DTMod:AncientBone","War Paint","Bird Faced Urn","MealTicket","Strawberry","Whetstone","DTMod:SolidMemories","Fusion Hammer","TungstenRod","MawBank","Pocketwatch","Pen Nib","Du-Vu Doll","Vajra","Frozen Egg 2","Lantern","DTMod:TacticalNote","Sling","Toy Ornithopter","Akabeko"],"acts_visited":["TheCity","TheBeyond","TheEnding"],"potions_floor_usage":[27,41,55,55,55],"damage_taken":[{"damage":0.0,"enemies":"2 Louse","floor":1.0,"turns":2.0},{"damage":0.0,"enemies":"Jaw Worm","floor":2.0,"turns":1.0},{"damage":0.0,"enemies":"Cultist","floor":3.0,"turns":2.0},{"damage":0.0,"enemies":"Exordium Thugs","floor":4.0,"turns":3.0},{"damage":10.0,"enemies":"Lagavulin","floor":6.0,"turns":6.0},{"damage":0.0,"enemies":"Gremlin Nob","floor":10.0,"turns":2.0},{"damage":6.0,"enemies":"Exordium Wildlife","floor":13.0,"turns":2.0},{"damage":3.0,"enemies":"Lagavulin","floor":14.0,"turns":4.0},{"damage":12.0,"enemies":"The Guardian","floor":16.0,"turns":7.0},{"damage":0,"enemies":"Chosen","floor":18,"turns":2},{"damage":0,"enemies":"3 Byrds","floor":21,"turns":3},{"damage":0,"enemies":"Sentry and Sphere","floor":22,"turns":2},{"damage":0,"enemies":"Book of Stabbing","floor":23,"turns":2},{"damage":0,"enemies":"Slavers","floor":25,"turns":4},{"damage":16,"enemies":"Book of Stabbing","floor":27,"turns":4},{"damage":0,"enemies":"3 Cultists","floor":28,"turns":2},{"damage":0,"enemies":"Snake Plant","floor":30,"turns":2},{"damage":0,"enemies":"Cultist and Chosen","floor":31,"turns":2},{"damage":31,"enemies":"Automaton","floor":33,"turns":5},{"damage":0,"enemies":"Orb Walker","floor":35,"turns":2},{"damage":0,"enemies":"Mind Bloom Boss Battle","floor":36,"turns":2},{"damage":0,"enemies":"3 Darklings","floor":38,"turns":2},{"damage":6,"enemies":"Writhing Mass","floor":41,"turns":3},{"damage":4,"enemies":"Nemesis","floor":42,"turns":3},{"damage":0,"enemies":"Sphere and 2 Shapes","floor":44,"turns":2},{"damage":0,"enemies":"Giant Head","floor":45,"turns":4},{"damage":0,"enemies":"4 Shapes","floor":46,"turns":1},{"damage":0,"enemies":"Reptomancer","floor":47,"turns":2},{"damage":0,"enemies":"Spire Growth","floor":48,"turns":2},{"damage":85,"enemies":"Awakened One","floor":50,"turns":10},{"damage":0,"enemies":"Shield and Spear","floor":54,"turns":2},{"damage":39,"enemies":"The Heart","floor":55,"turns":6}],"seed_played":"7271137167607328434","potions_obtained":[{"floor":2.0,"key":"DuplicationPotion"},{"floor":10.0,"key":"Dexterity Potion"},{"floor":13.0,"key":"SkillPotion"},{"floor":14.0,"key":"Weak Potion"},{"floor":16.0,"key":"Regen Potion"},{"floor":21,"key":"SpeedPotion"},{"floor":22,"key":"PowerPotion"},{"floor":30,"key":"GamblersBrew"},{"floor":45,"key":"Strength Potion"},{"floor":47,"key":"PowerPotion"}],"is_trial":false,"path_per_floor":["M","M","M","M","$","E","R","?","T","E","?","R","M","E","R","B",null,"M","?","$","M","M","E","R","E","T","E","M","$","M","M","R","B",null,"M","?","?","M","?","R","M","E","T","M","E","M","E","M","R","B",null,"R","$","E","B",null],"character_chosen":"THE_DT","items_purchased":["DTMod:SolidMemories","DTMod:TacticalNote","Sling","Energy Potion"],"campfire_rested":2,"item_purchase_floors":[29,53,53,53],"current_hp_per_floor":[45,45,45,45,45,37,37,37,37,39,21,21,17,14,14,29,53,55,55,55,57,59,61,61,63,63,54,54,69,70,72,72,45,74,76,78,80,82,82,82,78,78,78,82,88,90,92,94,96,19,96,96,96,96,61],"gold":87,"neow_bonus":"ONE_RARE_RELIC","is_daily":false,"chose_seed":false,"campfire_upgraded":5,"win_rate":0.0,"timestamp":1608088146,"path_taken":["M","M","M","M","$","E","R","?","T","E","?","R","M","E","R","BOSS","M","?","$","M","M","E","R","E","T","E","M","?","M","M","R","BOSS","M","?","?","M","?","R","?","E","T","M","E","M","E","M","R","BOSS","R","$","E","BOSS"],"items_purchased_type":["Relic","Relic","Relic","Potion"],"build_version":"2020-12-13","purchased_purges":2,"victory":true,"max_hp_per_floor":[45,45,45,45,45,47,47,47,47,49,49,49,51,51,51,53,53,55,55,55,57,59,61,61,63,63,70,70,70,70,72,72,74,74,76,78,80,82,82,82,84,86,86,88,90,92,92,94,96,96,96,96,96,96,96],"relic_stats":{"Singing Bowl":44,"Happy Flower":[28],"counters":[32,98],"Dead Branch":[24],"Pen Nib":[4],"Whetstone":["DTMod:DoubleHit","DTMod:DarkBreath"],"War Paint":["DTMod:TargetDefense","DTMod:TargetDefense"],"MawBank":132,"Dream Catcher":2,"Nunchaku":[12],"Ornamental Fan":[36],"Pantograph":25,"Bird Faced Urn":[25],"MealTicket":15,"Black Star":10,"Chemical X":[42],"obtain_stats":[{"Lantern":47,"Singing Bowl":6,"DTMod:SolidMemories":29,"SacredBark":17,"DTMod:AncientBone":23,"Vajra":45,"Whetstone":27,"Sling":53,"Dream Catcher":10,"Nunchaku":11,"DTMod:TacticalNote":53,"Pantograph":14,"Strawberry":27,"DTMod:DragonFood":10,"MealTicket":25,"Fusion Hammer":34,"Chemical X":0,"Potion Belt":6,"Happy Flower":9,"Dead Branch":0,"Pen Nib":43,"War Paint":23,"Frozen Egg 2":47,"MawBank":42,"Akabeko":54,"Du-Vu Doll":45,"DTMod:PactStone":0,"Ornamental Fan":14,"Bird Faced Urn":25,"Black Star":0,"TungstenRod":36,"Toy Ornithopter":54,"Pocketwatch":42},{"Lantern":28,"Singing Bowl":5,"DTMod:SolidMemories":16,"SacredBark":9,"DTMod:AncientBone":13,"Vajra":26,"Whetstone":15,"Sling":30,"Dream Catcher":6,"Nunchaku":6,"DTMod:TacticalNote":30,"Pantograph":8,"Strawberry":15,"DTMod:DragonFood":6,"MealTicket":14,"Fusion Hammer":19,"Chemical X":0,"Potion Belt":5,"Happy Flower":5,"Dead Branch":0,"Pen Nib":24,"War Paint":13,"Frozen Egg 2":28,"MawBank":24,"Akabeko":31,"Du-Vu Doll":26,"DTMod:PactStone":0,"Ornamental Fan":8,"Bird Faced Urn":14,"Black Star":0,"TungstenRod":21,"Toy Ornithopter":31,"Pocketwatch":24},{"Lantern":78,"Singing Bowl":14,"DTMod:SolidMemories":48,"SacredBark":29,"DTMod:AncientBone":38,"Vajra":75,"Whetstone":46,"Sling":90,"Dream Catcher":16,"Nunchaku":16,"DTMod:TacticalNote":90,"Pantograph":22,"Strawberry":46,"DTMod:DragonFood":16,"MealTicket":42,"Fusion Hammer":57,"Chemical X":0,"Potion Belt":14,"Happy Flower":14,"Dead Branch":0,"Pen Nib":69,"War Paint":38,"Frozen Egg 2":78,"MawBank":69,"Akabeko":92,"Du-Vu Doll":75,"DTMod:PactStone":0,"Ornamental Fan":22,"Bird Faced Urn":42,"Black Star":0,"TungstenRod":61,"Toy Ornithopter":92,"Pocketwatch":69}],"TungstenRod":34,"Toy Ornithopter":0,"Pocketwatch":[15]},"card_choices":[{"not_picked":["DTMod:BreakAttack","DTMod:CleansingStrike","DTMod:Cover"],"picked":"SKIP","floor":1.0},{"not_picked":["DTMod:BreakAttack","DTMod:CleansingStrike","DTMod:Cover"],"picked":"SKIP","floor":1.0},{"not_picked":["DTMod:Haste","DTMod:Training"],"picked":"DTMod:BurningEnergy","floor":2.0},{"not_picked":["DTMod:DeepFocus","DTMod:BlazingStrike"],"picked":"DTMod:Training","floor":3.0},{"not_picked":["DTMod:SneakAttack","DTMod:Observe"],"picked":"DTMod:Coolant","floor":4.0},{"not_picked":["DTMod:Cover","DTMod:Hide","DTMod:DeepFocus"],"picked":"Singing Bowl","floor":6.0},{"not_picked":["DTMod:BalancedStrike","DTMod:StunTrap","DTMod:RunningTactic"],"picked":"Singing Bowl","floor":10.0},{"not_picked":["DTMod:Punisher","DTMod:FlameSlash","DTMod:BreakAttack"],"picked":"Singing Bowl","floor":13.0},{"not_picked":["DTMod:BizarreTactic","DTMod:Punisher"],"picked":"DTMod:Astonish","floor":14.0},{"not_picked":["DTMod:ExcessFootwork","DTMod:Safeguard","DTMod:Prediction"],"picked":"Singing Bowl","floor":16.0},{"not_picked":["DTMod:TagTeam","DTMod:Cover","DTMod:Observe"],"picked":"Singing Bowl","floor":18},{"not_picked":["DTMod:Shift","DTMod:MagicField","DTMod:LowKick"],"picked":"Singing Bowl","floor":21},{"not_picked":["DTMod:QuickFly","DTMod:MaximumCharge+1","DTMod:Feint"],"picked":"Singing Bowl","floor":22},{"not_picked":["DTMod:Cover","DTMod:LastStand","DTMod:CleansingStrike"],"picked":"Singing Bowl","floor":23},{"not_picked":["DTMod:Cover","DTMod:BalancedStrike","DTMod:SneakAttack"],"picked":"Singing Bowl","floor":25},{"not_picked":["DTMod:Training","DTMod:RepeatStrike"],"picked":"DTMod:DarkBreath","floor":27},{"not_picked":["DTMod:QuickFly","DTMod:Cover"],"picked":"DTMod:DragonDance+1","floor":28},{"not_picked":["DTMod:Observe","DTMod:BreakAttack+1"],"picked":"DTMod:BuildUp","floor":30},{"not_picked":["DTMod:ComboAttack+1","DTMod:TriAttack","DTMod:MagicField"],"picked":"Singing Bowl","floor":31},{"not_picked":["DTMod:TriAttack","DTMod:ResonanceForm","DTMod:LightShield"],"picked":"Singing Bowl","floor":33},{"not_picked":["DTMod:Threaten","DTMod:DarkBreath+1","DTMod:MagicField+1"],"picked":"Singing Bowl","floor":35},{"not_picked":["DTMod:Weaken+1","DTMod:Hide+1","DTMod:MasterPlan+1"],"picked":"Singing Bowl","floor":36},{"not_picked":["Finesse","Swift Strike","Enlightenment"],"picked":"Singing Bowl","floor":37},{"not_picked":["DTMod:BreakAttack+1","DTMod:MasterPlan+1","DTMod:BizarreTactic"],"picked":"Singing Bowl","floor":38},{"not_picked":["DTMod:Punisher","DTMod:ForkedFire","DTMod:HeatWave+1"],"picked":"Singing Bowl","floor":41},{"not_picked":["DTMod:Prediction","DTMod:Hide+1","DTMod:CleansingStrike+1"],"picked":"Singing Bowl","floor":42},{"not_picked":["DTMod:BlazingStrike+1","DTMod:Feint","DTMod:Safeguard"],"picked":"Singing Bowl","floor":44},{"not_picked":["DTMod:TagTeam+1","DTMod:BlazingStrike","DTMod:Haste+1"],"picked":"Singing Bowl","floor":45},{"not_picked":["DTMod:PurifyingFlame","DTMod:DarkBreath","DTMod:Conduct+1"],"picked":"Singing Bowl","floor":46},{"not_picked":["DTMod:Punisher","DTMod:ComboAttack+1"],"picked":"DTMod:Dissolve+1","floor":47},{"not_picked":["DTMod:PurifyingFlame","DTMod:LastStand+1","DTMod:Cover+1"],"picked":"Singing Bowl","floor":48},{"not_picked":["DTMod:LightShield","DTMod:LowKick+1","DTMod:HeatWave+1"],"picked":"Singing Bowl","floor":49},{"not_picked":["DTMod:HeatWave","DTMod:Weaken+1"],"picked":"DTMod:Haste+1","floor":52},{"not_picked":["DTMod:Weaken","DTMod:LowKick+1"],"picked":"DTMod:RunningTactic+1","floor":54}],"player_experience":1100385,"relics_obtained":[{"floor":6.0,"key":"Singing Bowl"},{"floor":6.0,"key":"Potion Belt"},{"floor":9.0,"key":"Happy Flower"},{"floor":10.0,"key":"Dream Catcher"},{"floor":10.0,"key":"DTMod:DragonFood"},{"floor":14.0,"key":"Ornamental Fan"},{"floor":14.0,"key":"Pantograph"},{"floor":23,"key":"DTMod:AncientBone"},{"floor":23,"key":"War Paint"},{"floor":25,"key":"Bird Faced Urn"},{"floor":25,"key":"MealTicket"},{"floor":27,"key":"Strawberry"},{"floor":27,"key":"Whetstone"},{"floor":36,"key":"TungstenRod"},{"floor":42,"key":"MawBank"},{"floor":42,"key":"Pocketwatch"},{"floor":43,"key":"Pen Nib"},{"floor":45,"key":"Du-Vu Doll"},{"floor":45,"key":"Vajra"},{"floor":47,"key":"Frozen Egg 2"},{"floor":47,"key":"Lantern"},{"floor":54,"key":"Toy Ornithopter"},{"floor":54,"key":"Akabeko"}],"event_choices":[{"damage_healed":0.0,"max_hp_gain":0.0,"max_hp_loss":0.0,"gold_gain":0.0,"event_name":"Liars Game","player_choice":"Ignored","floor":8.0,"gold_loss":0.0,"damage_taken":0.0},{"damage_healed":0.0,"max_hp_gain":0.0,"max_hp_loss":0.0,"gold_gain":0.0,"event_name":"Scrap Ooze","player_choice":"Success","floor":11.0,"gold_loss":0.0,"damage_taken":18.0,"relics_obtained":["Nunchaku"]},{"damage_healed":0,"gold_gain":0,"player_choice":"Upgraded","damage_taken":0,"max_hp_gain":0,"max_hp_loss":0,"event_name":"Upgrade Shrine","floor":19,"gold_loss":0,"cards_upgraded":["DTMod:Astonish"]},{"damage_healed":0,"gold_gain":0,"player_choice":"Fight","damage_taken":0,"max_hp_gain":0,"max_hp_loss":0,"event_name":"MindBloom","floor":36,"gold_loss":0},{"damage_healed":0,"gold_gain":0,"player_choice":"Memory 1","damage_taken":0,"max_hp_gain":0,"max_hp_loss":0,"event_name":"SensoryStone","floor":37,"gold_loss":0},{"damage_healed":0,"gold_gain":0,"player_choice":"Upgraded","damage_taken":0,"max_hp_gain":0,"max_hp_loss":0,"event_name":"Upgrade Shrine","floor":39,"gold_loss":0,"cards_upgraded":["DTMod:TargetDefense"]}],"is_beta":false,"boss_relics":[{"not_picked":["Empty Cage","Snecko Eye"],"picked":"SacredBark"},{"not_picked":["Cursed Key","DTMod:MagicStone"],"picked":"Fusion Hammer"}],"items_purged_floors":[20,29],"is_endless":false,"potions_floor_spawned":[2,10,13,14,16,21,22,30,31,33,36,38,45,46,47],"ascension_level":2}}