{"host":"4nnhb5rglsgyie7t","time":1608114838,"event":{"mods":["BaseMod","Challenge The Spire","Jedi Mod","Koishi","Marisa（F雨　魔理沙）","Minty Spire (QoL Compilation)","Prisma Mod","Shop Mod","StSLib","Td1madao Mod","The Cursed","The Exalted","The Servant 0.9.4","Youmu（魂魄妖梦）","【功能Mod】聪明的最终Boss","【角色mod】十八桐人"],"gold_per_floor":[114,114,129,129,144,174,174,204,229,229,229,259,259,183,183,283,283,298,313,228,54,54,84,114,144,169,199,199,199,199,199,199,299,299,314,339,689,229,279,279,279,309,309,324,324,149,179,209,209,209],"floor_reached":51,"playtime":3504,"items_purged":["SharpClaw_Black","jedi:thedog"],"score":1169,"play_id":"25161372-15e7-41bd-bd0f-18efda6bd02a","local_time":"20201216183358","daily_mods":["SealedDeck","Flight","Terminal"],"is_ascension_mode":false,"campfire_choices":[{"data":"WithoutFear_Black","floor":7,"key":"SMITH"},{"data":"HighSpeedReaction_Black","floor":10,"key":"SMITH"},{"data":"Spitting_Black","floor":11,"key":"SMITH"},{"data":"SharpCut_Black","floor":13,"key":"SMITH"},{"data":"HighSpeedReaction_Black","floor":15,"key":"SMITH"},{"data":"PrewarPrepare_Black","floor":28,"key":"SMITH"},{"data":"SharpCut_Black","floor":30,"key":"SMITH"},{"data":"Spitting_Black","floor":32,"key":"SMITH"},{"data":"PrewarPrepare_Black","floor":40,"key":"SMITH"},{"data":"Stab_Black","floor":41,"key":"SMITH"},{"data":"SharpCut_Black","floor":45,"key":"SMITH"},{"data":"Stab_Black","floor":49,"key":"SMITH"}],"circlet_count":0,"master_deck":["WithoutFear_Black+1","SwordDance_Black","HighSpeedReaction_Black+1","SharpCut_Black+1","Spitting_Black+1","HorizontalSquareChopping_Black","PrewarPrepare_Black+1","SharpCut_Black+1","SharpCut_Black+1","SmokeScreen_Black","Exercise1_Black","HighSpeedReaction_Black+1","PrewarPrepare_Black+1","SelfCongested_Black+1","Spitting_Black+1","Elucidator_Black+1","SpeedBlade1_Black","Stab_Black+1","WithoutFear_Black+1","jedi:frostbite","StarSpatter_Black","Stab_Black+1"],"relics":["TheHeartOfYui","Aincard","Pantograph","Kunai","Tiny Chest","jedi:shrinkray","SlaversCollar","The Courier","Sling","Frozen Egg 2","FossilizedHelix","Shuriken","jedi:bottledfury","Pen Nib","InkBottle","Mercury Hourglass","Cursed Key","CatCart","Old Coin","Bottled Flame","jedi:angrymask","Anchor","Bromod:ArcaneTempo","Bromod:ArcaneAwakening","Bromod:ArcaneUltimatum","jedi:heavyjacket"],"acts_visited":["Exordium","TheCity","TheBeyond"],"potions_floor_usage":[6,16,23,23,24,50,50],"damage_taken":[{"damage":0,"enemies":"Jaw Worm","floor":1,"turns":3},{"damage":0,"enemies":"Cultist","floor":3,"turns":4},{"damage":0,"enemies":"2 Louse","floor":5,"turns":2},{"damage":9,"enemies":"Gremlin Nob","floor":6,"turns":4},{"damage":5,"enemies":"3 Sentries","floor":8,"turns":5},{"damage":0,"enemies":"Gremlin Nob","floor":12,"turns":5},{"damage":9,"enemies":"Slime Boss","floor":16,"turns":7},{"damage":0,"enemies":"Chosen","floor":18,"turns":4},{"damage":0,"enemies":"Shell Parasite","floor":19,"turns":5},{"damage":0,"enemies":"Slavers","floor":23,"turns":5},{"damage":0,"enemies":"Book of Stabbing","floor":24,"turns":4},{"damage":0,"enemies":"Slavers","floor":25,"turns":3},{"damage":0,"enemies":"Book of Stabbing","floor":27,"turns":3},{"damage":0,"enemies":"Champ","floor":33,"turns":5},{"damage":0,"enemies":"Orb Walker","floor":35,"turns":2},{"damage":0,"enemies":"Orin","floor":36,"turns":3},{"damage":0,"enemies":"Mind Bloom Boss Battle","floor":37,"turns":4},{"damage":0,"enemies":"Giant Head","floor":42,"turns":3},{"damage":0,"enemies":"3 Shapes","floor":44,"turns":2},{"damage":0,"enemies":"Reptomancer","floor":47,"turns":2},{"damage":0,"enemies":"Nemesis","floor":48,"turns":5},{"damage":0,"enemies":"Donu and Deca","floor":50,"turns":4}],"seed_played":"4580661739168851385","potions_obtained":[{"floor":3,"key":"FearPotion"},{"floor":12,"key":"Weak Potion"},{"floor":16,"key":"Swift Potion"},{"floor":19,"key":"Swift Potion"},{"floor":23,"key":"jedi:StrikingPotion"},{"floor":24,"key":"BlessingOfTheForge"},{"floor":36,"key":"FearPotion"},{"floor":48,"key":"Block Potion"}],"is_trial":false,"path_per_floor":["M","?","M","?","M","E","R","E","T","R","R","E","R","$","R","B",null,"M","M","?","$","?","E","E","E","T","E","R","?","R","T","R","B",null,"M","?","?","$","T","R","R","E","T","M","R","$","E","E","R","B",null],"character_chosen":"THE_KIRITO","items_purchased":["HighSpeedReaction_Black","Spitting_Black","Sling","Bottled Flame","jedi:angrymask","StarSpatter_Black","Stab_Black"],"campfire_rested":0,"item_purchase_floors":[14,21,21,38,38,46,46],"current_hp_per_floor":[78,77,76,75,74,67,67,62,62,62,62,62,62,62,62,57,62,61,60,59,58,57,56,55,54,53,52,51,50,49,48,47,46,45,44,43,42,41,40,39,38,37,36,35,34,33,32,31,30,29],"gold":209,"neow_bonus":"","is_daily":true,"chose_seed":false,"campfire_upgraded":12,"win_rate":0.0,"timestamp":1608114838,"path_taken":["M","?","?","?","?","E","R","E","T","R","R","E","R","$","R","BOSS","M","M","?","$","?","E","E","E","T","E","R","?","R","?","R","BOSS","M","?","?","?","?","R","R","E","T","M","R","$","E","E","R","BOSS"],"items_purchased_type":["Card","Card","Relic","Relic","Relic","Card","Card"],"build_version":"2020-12-13","purchased_purges":2,"victory":true,"max_hp_per_floor":[78,77,76,75,74,73,72,71,70,69,68,67,66,65,64,63,62,61,60,59,58,57,56,55,54,53,52,51,50,49,48,47,46,45,44,43,42,41,40,39,38,37,36,35,34,33,32,31,30,29],"card_choices":[{"not_picked":["Flash_Black","StrengthTransform_Black","FlashPuncture_Black"],"picked":"SKIP","floor":1},{"not_picked":["HeroicBearing_Black","SwordDance_Black"],"picked":"SharpCut_Black","floor":3},{"not_picked":["DoubleAttack_Black","HeartyMeal_Black","SelfCongested_Black"],"picked":"SKIP","floor":5},{"not_picked":["Guard_Black","Smile_Black"],"picked":"SmokeScreen_Black","floor":6},{"not_picked":["Attacker_Black","DefensiveStance_Black","Flash_Black"],"picked":"SKIP","floor":8},{"not_picked":["DoubleCut_Black","StrengthTransform_Black"],"picked":"Exercise1_Black","floor":12},{"not_picked":["ThrowKnife_Black","MentalLevelUp_Black"],"picked":"SharpClaw_Black","floor":16},{"not_picked":["DoubleAttack_Black","HorizontalSquareChopping_Black"],"picked":"PrewarPrepare_Black","floor":18},{"not_picked":["Eclipse_Black","HeroicBearing_Black"],"picked":"SelfCongested_Black+1","floor":19},{"not_picked":["TrueLove_Black+1","Attacker_Black+1","Injury_Black"],"picked":"SKIP","floor":23},{"not_picked":["WartimeReply_Black+1","Defender_Black","Track_Black+1"],"picked":"SKIP","floor":24},{"not_picked":["StrengthTransform_Black","StarBurstStream_Black","SharpCut_Black+1"],"picked":"SKIP","floor":25},{"not_picked":["Thrust_Black","HeartyMeal_Black","FlashPuncture_Black"],"picked":"SKIP","floor":27},{"not_picked":["Eclipse_Black","Unreasonable_Black+1"],"picked":"SpeedBlade1_Black","floor":33},{"not_picked":["Guard_Black+1","Thrust_Black+1"],"picked":"Stab_Black","floor":35},{"not_picked":["Spitting_Black+1","GunFight_Black"],"picked":"WithoutFear_Black+1","floor":36},{"not_picked":["Exercise1_Black+1","BrilliantBlade_Black","DoubleAttack_Black"],"picked":"SKIP","floor":42},{"not_picked":["PrewarPrepare_Black+1","HeroicBearing_Black+1","SpiritCrash_Black+1"],"picked":"SKIP","floor":44},{"not_picked":["WartimeReply_Black+1","SharpCut_Black+1","TakeAdvantage_Black"],"picked":"SKIP","floor":47},{"not_picked":["SmokeScreen_Black","Smile_Black","Thrust_Black+1"],"picked":"SKIP","floor":48}],"player_experience":123120,"relics_obtained":[{"floor":6,"key":"Pantograph"},{"floor":8,"key":"Kunai"},{"floor":9,"key":"Tiny Chest"},{"floor":12,"key":"jedi:shrinkray"},{"floor":23,"key":"FossilizedHelix"},{"floor":24,"key":"Shuriken"},{"floor":25,"key":"jedi:bottledfury"},{"floor":26,"key":"Pen Nib"},{"floor":27,"key":"InkBottle"},{"floor":31,"key":"Mercury Hourglass"},{"floor":36,"key":"CatCart"},{"floor":37,"key":"Old Coin"},{"floor":39,"key":"Anchor"},{"floor":42,"key":"Bromod:ArcaneTempo"},{"floor":43,"key":"Bromod:ArcaneAwakening"},{"floor":47,"key":"Bromod:ArcaneUltimatum"},{"floor":48,"key":"jedi:heavyjacket"}],"event_choices":[{"cards_removed":["Spitting_Black"],"damage_healed":0,"gold_gain":0,"player_choice":"Card Removal","damage_taken":0,"max_hp_gain":0,"max_hp_loss":0,"event_name":"Wheel of Change","floor":2,"gold_loss":0},{"cards_removed":["Defender_Black"],"damage_healed":0,"gold_gain":0,"player_choice":"Purged","damage_taken":0,"max_hp_gain":0,"max_hp_loss":0,"event_name":"Purifier","floor":4,"gold_loss":0},{"damage_healed":0,"gold_gain":0,"player_choice":"Obtained Relic","damage_taken":0,"relics_obtained":["The Courier"],"max_hp_gain":0,"max_hp_loss":0,"event_name":"Addict","floor":20,"gold_loss":85},{"damage_healed":0,"gold_gain":0,"player_choice":"Opened","damage_taken":0,"relics_obtained":["Frozen Egg 2"],"max_hp_gain":0,"max_hp_loss":0,"event_name":"The Mausoleum","floor":22,"gold_loss":0},{"damage_healed":0,"gold_gain":0,"player_choice":"Read","damage_taken":0,"max_hp_gain":0,"max_hp_loss":0,"event_name":"The Library","floor":29,"gold_loss":0,"cards_obtained":["Elucidator_Black"]},{"damage_healed":0,"gold_gain":0,"player_choice":"Fight","damage_taken":0,"max_hp_gain":0,"max_hp_loss":0,"event_name":"OrinTheCat","floor":36,"gold_loss":0},{"damage_healed":0,"gold_gain":0,"player_choice":"Fight","damage_taken":0,"max_hp_gain":0,"max_hp_loss":0,"event_name":"MindBloom","floor":37,"gold_loss":0}],"is_beta":false,"boss_relics":[{"not_picked":["Empty Cage","SacredBark"],"picked":"SlaversCollar"},{"not_picked":["Velvet Choker","jedi:battlestandard"],"picked":"Cursed Key"}],"items_purged_floors":[38,46],"is_endless":false,"potions_floor_spawned":[3,12,16,19,23,24,36,48],"ascension_level":0}}