{"host":"dntw6kil9p09eemm","time":1608154770,"event":{"mods":["Aspiration","BaseMod","BetterRewards","Colored Powertips","Downfall","Hermit","Hubris","Keyboard Shortcuts","Minty Spire (QoL Compilation)","Permanent Neow","Shop Mod","Spicy Shops","StSLib","The Runesmith","Waifu the Spire","vexMod"],"gold_per_floor":[115,133,133,133,308,176,176,202,202,202,212,147,157,172,172,269,269,284,284,219,235,252,74,88,104,175,175,175],"floor_reached":27,"playtime":1040,"items_purged":["hexamod:Strike"],"score":214,"play_id":"28cab399-4cc0-4a41-82a3-5f7a278c979c","local_time":"20201217063930","is_ascension_mode":false,"campfire_choices":[{"data":"hexamod:Float","floor":7,"key":"SMITH"},{"data":"hexamod:FastForward","floor":10,"key":"SMITH"},{"floor":15,"key":"REST"}],"circlet_count":0,"master_deck":["hexamod:Strike","hexamod:Strike","hexamod:Strike+1","hexamod:Defend","hexamod:Defend","hexamod:Defend","hexamod:Sear","hexamod:Float+1","hexamod:Firestarter+1","hexamod:FastForward+1","hexamod:BurningTouch","hexamod:Firestarter","hexamod:SpectralSpark","hexamod:SoulSteal","hexamod:HexaLevel","hexamod:SpectralSpark","hexamod:RadiantFlame","hexamod:FastForward+1","hexamod:PhantomFireball+1","hexamod:ThermalTransfer+1"],"relics":["hexamod:SpiritBrand","MerchantsRug","Molten Egg 2","Black Star","Spirit Poop","Blood Vial","Shuriken"],"acts_visited":["Exordium","TheCity"],"potions_floor_usage":[16],"damage_taken":[{"damage":5,"enemies":"Jaw Worm","floor":1,"turns":3},{"damage":0,"enemies":"Small Slimes","floor":2,"turns":3},{"damage":14,"enemies":"Lagavulin","floor":8,"turns":6},{"damage":0,"enemies":"Cultist","floor":11,"turns":3},{"damage":6,"enemies":"Gremlin Gang","floor":13,"turns":4},{"damage":15,"enemies":"Exordium Thugs","floor":14,"turns":3},{"damage":25,"enemies":"Hexaghost","floor":16,"turns":9},{"damage":23,"enemies":"2 Thieves","floor":18,"turns":3},{"damage":0,"enemies":"Spheric Guardian","floor":21,"turns":3},{"damage":22,"enemies":"Cultist and Chosen","floor":22,"turns":6},{"damage":16,"enemies":"Shelled Parasite and Fungi","floor":24,"turns":4},{"damage":27,"enemies":"Snecko","floor":25,"turns":6},{"damage":30,"enemies":"Gremlin Leader","floor":27,"turns":2}],"seed_played":"-6161002722354001247","potions_obtained":[{"floor":1,"key":"Block Potion"},{"floor":13,"key":"Fire Potion"},{"floor":14,"key":"FairyPotion"},{"floor":16,"key":"Swift Potion"},{"floor":22,"key":"DistilledChaos"}],"is_trial":false,"path_per_floor":["M","M","?","$","?","$","R","E","T","R","M","?","M","M","R","B",null,"M","?","$","M","M","$","M","M","T","E"],"character_chosen":"THE_SPIRIT","items_purchased":["MerchantsRug","hexamod:SpectralSpark","hexamod:PhantomFireball+1","Blood Vial"],"campfire_rested":1,"item_purchase_floors":[6,20,23,23],"current_hp_per_floor":[65,65,70,70,70,70,70,56,56,56,56,56,50,35,57,32,75,52,52,52,52,30,30,16,22,22,0,0],"gold":175,"neow_bonus":"TRANSFORM_CARD","is_daily":false,"chose_seed":false,"campfire_upgraded":2,"win_rate":0.0,"timestamp":1608154770,"path_taken":["M","M","?","$","?","$","R","E","T","R","M","?","?","?","R","BOSS","M","?","$","?","M","$","M","M","T","E"],"items_purchased_type":["Relic","Card","Card","Relic"],"build_version":"2020-12-13","purchased_purges":1,"victory":false,"max_hp_per_floor":[70,70,75,75,75,75,75,75,75,75,75,75,75,75,75,75,75,75,75,75,75,75,75,75,75,75,75,75],"card_choices":[{"not_picked":["hexamod:NightmareStrike","hexamod:AdvancingGuard"],"picked":"hexamod:FastForward","floor":1},{"not_picked":["hexamod:RecurringNightmare","hexamod:AdvancingGuard"],"picked":"hexamod:BurningTouch","floor":2},{"not_picked":["hexamod:Hexaguard","hexamod:HauntingEcho"],"picked":"hexamod:Firestarter","floor":8},{"not_picked":["hexamod:HauntingEcho+1","hexamod:GhostShield"],"picked":"hexamod:SpectralSpark","floor":11},{"not_picked":["hexamod:HauntingEcho+1","hexamod:NightmareGuise"],"picked":"hexamod:SoulSteal","floor":13},{"not_picked":["hexamod:Firestarter+1","hexamod:NightmareGuise","hexamod:SuperheatedStrike+1"],"picked":"SKIP","floor":14},{"not_picked":["hexamod:ApocalypseNow","hexamod:SixthSeal"],"picked":"hexamod:HexaLevel","floor":16},{"not_picked":["hexamod:FlamesFromBeyond","hexamod:GhostOfSpirePresent","hexamod:Hexaguard"],"picked":"SKIP","floor":18},{"not_picked":["hexamod:GhostOfSpirePast","hexamod:BacktrackSmack+1"],"picked":"hexamod:RadiantFlame","floor":21},{"not_picked":["hexamod:EtherealExpedition","hexamod:GhostShield"],"picked":"hexamod:FastForward+1","floor":22},{"not_picked":["hexamod:FastForward","hexamod:SpectersWail+1"],"picked":"hexamod:ThermalTransfer+1","floor":24},{"not_picked":["hexamod:BacktrackSmack+1","hexamod:ShieldOfDarkness","hexamod:NightmareStrike+1"],"picked":"SKIP","floor":25}],"player_experience":374667,"relics_obtained":[{"floor":8,"key":"Whetstone"},{"floor":9,"key":"Molten Egg 2"},{"floor":26,"key":"Shuriken"}],"event_choices":[{"damage_healed":0,"gold_gain":0,"player_choice":"Donut","damage_taken":0,"max_hp_gain":5,"max_hp_loss":0,"event_name":"Big Fish","floor":3,"gold_loss":0},{"damage_healed":0,"gold_gain":175,"player_choice":"AGREE","damage_taken":0,"max_hp_gain":0,"max_hp_loss":0,"event_name":"Liars Game","floor":5,"gold_loss":0,"cards_obtained":["Doubt"]},{"damage_healed":0,"gold_gain":0,"player_choice":"Paid Gold","damage_taken":0,"relics_obtained":["Nunchaku"],"max_hp_gain":0,"max_hp_loss":0,"event_name":"WeMeetAgain","floor":12,"gold_loss":65},{"cards_removed":["Doubt"],"damage_healed":0,"gold_gain":0,"player_choice":"Offered Curse","damage_taken":0,"relics_obtained":["Spirit Poop"],"max_hp_gain":0,"max_hp_loss":0,"event_name":"Bonfire Elementals","floor":19,"gold_loss":0}],"is_beta":false,"boss_relics":[{"not_picked":["SacredBark","Fusion Hammer"],"picked":"Black Star"}],"items_purged_floors":[20],"is_endless":false,"potions_floor_spawned":[1,13,14,16,22],"killed_by":"Gremlin Leader","ascension_level":0}}