{"host":"f0gpob8hq9vgebej","time":1608129038,"event":{"mods":["AchievementEnabler","BaseMod","Googly Eyes","Minty Spire (QoL Compilation)","Quick Restart","SuperFastMode"],"gold_per_floor":[117,132,148,160,172,172,204,217,217,232,232,232,242,317,317,418,418,428,448,458,59,59,59,91,6,6,6,6],"floor_reached":27,"playtime":661,"items_purged":["Slice"],"score":332,"play_id":"144cdd41-9cbc-4e79-8400-deb8c47f58b1","local_time":"20201216233038","is_ascension_mode":true,"campfire_choices":[{"data":"Crippling Poison","floor":6,"key":"SMITH"},{"data":"After Image","floor":12,"key":"SMITH"},{"floor":15,"key":"REST"},{"floor":23,"key":"REST"}],"circlet_count":0,"master_deck":["Survivor","Neutralize","Crippling Poison+1","Footwork","Noxious Fumes","Backflip","Reflex","Tactician","Blade Dance","After Image+1","Acrobatics","After Image","Phantasmal Killer","Bane","Outmaneuver","Well Laid Plans","Glass Knife","Malaise","Grand Finale","Burst","Deadly Poison","Calculated Gamble","Bandage Up","Purity"],"relics":["Ring of the Snake","StrikeDummy","Art of War","Pandora\u0027s Box","Sundial","Matryoshka","PreservedInsect","Tingsha"],"acts_visited":["Exordium","TheCity"],"potions_floor_usage":[5,7,24,24,24],"damage_taken":[{"damage":0.0,"enemies":"Small Slimes","floor":1.0,"turns":3.0},{"damage":0.0,"enemies":"Jaw Worm","floor":2.0,"turns":7.0},{"damage":0.0,"enemies":"2 Louse","floor":3.0,"turns":3.0},{"damage":2,"enemies":"Looter","floor":4,"turns":4},{"damage":8,"enemies":"Gremlin Gang","floor":5,"turns":5},{"damage":6,"enemies":"Lagavulin","floor":7,"turns":7},{"damage":7,"enemies":"3 Louse","floor":8,"turns":3},{"damage":0,"enemies":"Looter","floor":10,"turns":2},{"damage":4,"enemies":"Red Slaver","floor":13,"turns":5},{"damage":14,"enemies":"The Guardian","floor":16,"turns":15},{"damage":20,"enemies":"Shell Parasite","floor":18,"turns":6},{"damage":2,"enemies":"Spheric Guardian","floor":19,"turns":5},{"damage":10,"enemies":"3 Cultists","floor":20,"turns":5},{"damage":42,"enemies":"Slavers","floor":24,"turns":5},{"damage":20,"enemies":"Shelled Parasite and Fungi","floor":27,"turns":2}],"seed_played":"2081862177239408496","potions_obtained":[{"floor":4,"key":"Poison Potion"},{"floor":5,"key":"Poison Potion"},{"floor":8,"key":"SneckoOil"},{"floor":13,"key":"Ancient Potion"},{"floor":19,"key":"Fire Potion"},{"floor":20,"key":"FearPotion"}],"is_trial":false,"path_per_floor":["M","M","M","M","M","R","E","M","T","M","?","R","M","?","R","B",null,"M","M","M","$","?","R","E","$","T","M"],"character_chosen":"THE_SILENT","items_purchased":["Sundial","Bandage Up","Purity"],"campfire_rested":2,"item_purchase_floors":[21,21,25],"current_hp_per_floor":[63,63,63,61,53,53,47,40,40,40,40,40,36,25,46,32,61,41,39,29,29,29,50,12,12,12,0,0],"gold":6,"neow_bonus":"THREE_CARDS","is_daily":false,"chose_seed":false,"campfire_upgraded":2,"win_rate":0.0,"timestamp":1608129038,"path_taken":["M","M","M","M","M","R","E","M","T","M","?","R","M","?","R","BOSS","M","M","M","$","?","R","E","$","T","M"],"items_purchased_type":["Relic","Card","Card"],"build_version":"2020-12-13","purchased_purges":1,"victory":false,"max_hp_per_floor":[70,70,70,70,70,70,70,70,70,70,70,70,70,70,70,70,70,70,70,70,70,70,70,70,70,70,70,70],"card_choices":[{"not_picked":["Concentrate","Sucker Punch"],"picked":"Crippling Poison","floor":0.0},{"not_picked":["Dodge and Roll","PiercingWail"],"picked":"Footwork","floor":1.0},{"not_picked":["Slice","Riddle With Holes"],"picked":"Noxious Fumes","floor":2.0},{"not_picked":["Eviscerate","Wraith Form v2"],"picked":"Backflip","floor":3.0},{"not_picked":["Bane","Acrobatics"],"picked":"Reflex","floor":4},{"not_picked":["Skewer","Infinite Blades","Underhanded Strike"],"picked":"SKIP","floor":5},{"not_picked":["Underhanded Strike","Backflip"],"picked":"Tactician","floor":7},{"not_picked":["Deflect","Noxious Fumes"],"picked":"Blade Dance","floor":8},{"not_picked":["Skewer","Infinite Blades"],"picked":"After Image","floor":10},{"not_picked":["Outmaneuver","Bane"],"picked":"Acrobatics","floor":13},{"not_picked":["A Thousand Cuts","Corpse Explosion"],"picked":"After Image","floor":16},{"not_picked":["Riddle With Holes","Deadly Poison","Outmaneuver"],"picked":"SKIP","floor":18},{"not_picked":["Dagger Throw","Predator"],"picked":"Calculated Gamble","floor":19},{"not_picked":["Acrobatics","Expertise","Bane"],"picked":"SKIP","floor":20},{"not_picked":["Distraction","Acrobatics","Heel Hook+1"],"picked":"SKIP","floor":24}],"player_experience":153179,"relics_obtained":[{"floor":7,"key":"StrikeDummy"},{"floor":9,"key":"Art of War"},{"floor":24,"key":"Matryoshka"},{"floor":26,"key":"PreservedInsect"},{"floor":26,"key":"Tingsha"}],"event_choices":[{"damage_healed":0,"gold_gain":0,"player_choice":"Ignored","damage_taken":0,"max_hp_gain":0,"max_hp_loss":0,"event_name":"Liars Game","floor":11,"gold_loss":0},{"damage_healed":0,"gold_gain":75,"player_choice":"Gather Gold","damage_taken":11,"max_hp_gain":0,"max_hp_loss":0,"event_name":"World of Goop","floor":14,"gold_loss":0},{"damage_healed":0,"gold_gain":0,"player_choice":"Ignored","damage_taken":0,"max_hp_gain":0,"max_hp_loss":0,"event_name":"Cursed Tome","floor":22,"gold_loss":0}],"is_beta":false,"boss_relics":[{"not_picked":["Black Star","Fusion Hammer"],"picked":"Pandora\u0027s Box"}],"items_purged_floors":[21],"is_endless":false,"potions_floor_spawned":[4,5,8,13,19,20],"killed_by":"Shelled Parasite and Fungi","ascension_level":8}}