{"host":"e87rn453naquue3h","time":1608100530,"event":{"mods":["AchievementEnabler","BaseMod","Minty Spire (QoL Compilation)","Relic Stats","StSLib"],"gold_per_floor":[113,263,263,278,30,30,57,57,83,83,83,96,116,149,149,221,221,239,239,239,255,275,300,67,67,67,67,78,90,90,15,15,91,91,104,104,118,118,134,134,149,181,181,181,192,207,234,134,134,134],"floor_reached":51,"playtime":3452,"items_purged":["Strike_P","Strike_P"],"score":1507,"play_id":"2d4a93d1-1e7e-49c7-b75f-654eeed393f8","local_time":"20201216013530","is_ascension_mode":true,"campfire_choices":[{"data":"WheelKick","floor":6,"key":"SMITH"},{"floor":11,"key":"REST"},{"floor":15,"key":"REST"},{"floor":25,"key":"REST"},{"data":"Alpha","floor":27,"key":"SMITH"},{"data":"WindmillStrike","floor":30,"key":"SMITH"},{"data":"EmptyMind","floor":32,"key":"SMITH"},{"data":"Meditate","floor":40,"key":"SMITH"},{"floor":44,"key":"REST"},{"floor":49,"key":"REST"}],"circlet_count":0,"master_deck":["AscendersBane","Strike_P","Strike_P+1","Defend_P","Defend_P","Eruption+1","Vigilance","Meditate+1","WheelKick+1","DevaForm+1","Blasphemy","Alpha+1","Sanctity+1","WindmillStrike+1","EmptyMind+1","Omniscience","Apotheosis","EmptyMind+1","Wish","WheelKick"],"relics":["PureWater","CaptainsWheel","Bag of Preparation","Mercury Hourglass","Centennial Puzzle","TeardropLocket","Snecko Eye","Omamori","Oddly Smooth Stone","Frozen Egg 2","Philosopher\u0027s Stone","Vajra","Letter Opener","Shuriken"],"acts_visited":["Exordium","TheCity","TheBeyond"],"potions_floor_usage":[7,18,23,28,33,45,50],"damage_taken":[{"damage":4,"enemies":"Small Slimes","floor":1,"turns":4},{"damage":8,"enemies":"2 Louse","floor":4,"turns":4},{"damage":26,"enemies":"Gremlin Nob","floor":7,"turns":4},{"damage":0,"enemies":"Cultist","floor":12,"turns":1},{"damage":0,"enemies":"Large Slime","floor":13,"turns":2},{"damage":5,"enemies":"Lagavulin","floor":14,"turns":5},{"damage":40,"enemies":"The Guardian","floor":16,"turns":8},{"damage":6,"enemies":"2 Thieves","floor":18,"turns":3},{"damage":0,"enemies":"Shell Parasite","floor":21,"turns":2},{"damage":0,"enemies":"Sentry and Sphere","floor":22,"turns":2},{"damage":16,"enemies":"Slavers","floor":23,"turns":2},{"damage":2,"enemies":"Snake Plant","floor":28,"turns":2},{"damage":0,"enemies":"Cultist and Chosen","floor":29,"turns":4},{"damage":41,"enemies":"Champ","floor":33,"turns":7},{"damage":0,"enemies":"Orb Walker","floor":35,"turns":1},{"damage":0,"enemies":"3 Shapes","floor":37,"turns":2},{"damage":0,"enemies":"Transient","floor":39,"turns":6},{"damage":16,"enemies":"Spire Growth","floor":41,"turns":3},{"damage":10,"enemies":"Giant Head","floor":42,"turns":4},{"damage":0,"enemies":"Writhing Mass","floor":45,"turns":3},{"damage":0,"enemies":"3 Darklings","floor":46,"turns":2},{"damage":3,"enemies":"Nemesis","floor":47,"turns":3},{"damage":0,"enemies":"Donu and Deca","floor":50,"turns":3}],"seed_played":"-3694267872630932117","potions_obtained":[{"floor":1,"key":"Regen Potion"},{"floor":14,"key":"Energy Potion"},{"floor":16,"key":"ColorlessPotion"},{"floor":18,"key":"BottledMiracle"},{"floor":23,"key":"ColorlessPotion"},{"floor":28,"key":"BottledMiracle"},{"floor":33,"key":"FairyPotion"},{"floor":45,"key":"BlessingOfTheForge"},{"floor":47,"key":"DuplicationPotion"}],"is_trial":false,"path_per_floor":["M","?","?","M","$","R","E","?","T","?","R","M","M","E","R","B",null,"M","?","?","M","M","E","$","R","T","R","M","M","R","?","R","B",null,"M","?","M","?","M","R","M","E","T","R","M","M","E","$","R","B",null],"character_chosen":"WATCHER","items_purchased":["Bag of Preparation","DevaForm","Oddly Smooth Stone"],"campfire_rested":5,"item_purchase_floors":[5,5,24],"current_hp_per_floor":[57,57,57,49,49,49,35,15,15,15,35,35,35,30,50,10,54,48,48,48,48,48,32,32,52,52,52,50,50,50,50,50,9,53,53,53,53,53,53,53,37,27,27,47,47,47,44,44,64,64],"gold":134,"neow_bonus":"ONE_RARE_RELIC","is_daily":false,"chose_seed":false,"campfire_upgraded":5,"win_rate":0.0,"timestamp":1608100530,"path_taken":["M","?","?","M","$","R","E","?","T","?","R","M","?","E","R","BOSS","M","?","?","M","?","E","$","R","T","R","M","M","R","?","R","BOSS","M","?","M","?","M","R","M","E","T","R","M","M","E","$","R","BOSS"],"items_purchased_type":["Relic","Card","Relic"],"build_version":"2020-12-13","purchased_purges":2,"victory":true,"max_hp_per_floor":[68,68,68,68,68,68,68,68,68,68,68,68,68,68,68,68,68,68,68,68,68,68,68,68,68,68,68,68,68,68,68,68,68,68,68,68,68,68,68,68,68,68,68,68,68,68,68,68,68,68],"relic_stats":{"Centennial Puzzle":[27],"counters":[23,77],"Shuriken":[0],"Snecko Eye":[114,132,114,120],"Bag of Preparation":[42],"Letter Opener":[126],"obtain_stats":[{"Oddly Smooth Stone":24,"Vajra":42,"Bag of Preparation":5,"Omamori":23,"TeardropLocket":14,"Letter Opener":43,"Frozen Egg 2":26,"Mercury Hourglass":7,"CaptainsWheel":0,"Centennial Puzzle":9,"Shuriken":47,"Snecko Eye":17,"Philosopher\u0027s Stone":34,"PureWater":0},{"Oddly Smooth Stone":11,"Vajra":19,"Bag of Preparation":2,"Omamori":11,"TeardropLocket":6,"Letter Opener":19,"Frozen Egg 2":11,"Mercury Hourglass":3,"CaptainsWheel":0,"Centennial Puzzle":3,"Shuriken":22,"Snecko Eye":7,"Philosopher\u0027s Stone":14,"PureWater":0},{"Oddly Smooth Stone":37,"Vajra":66,"Bag of Preparation":8,"Omamori":37,"TeardropLocket":20,"Letter Opener":66,"Frozen Egg 2":37,"Mercury Hourglass":12,"CaptainsWheel":0,"Centennial Puzzle":12,"Shuriken":74,"Snecko Eye":28,"Philosopher\u0027s Stone":50,"PureWater":0}],"Mercury Hourglass":[208]},"card_choices":[{"not_picked":["BowlingBash","CrushJoints"],"picked":"Meditate","floor":1},{"not_picked":["Conclude","ClearTheMind"],"picked":"WheelKick","floor":4},{"not_picked":["FollowUp","Meditate","WreathOfFlame"],"picked":"SKIP","floor":7},{"not_picked":["Sanctity","DeceiveReality","SashWhip"],"picked":"SKIP","floor":12},{"not_picked":["Protect","ForeignInfluence","Swivel"],"picked":"SKIP","floor":13},{"not_picked":["Tantrum","Pray"],"picked":"Blasphemy","floor":14},{"not_picked":["ConjureBlade","Judgement"],"picked":"Alpha","floor":16},{"not_picked":["BowlingBash","CutThroughFate"],"picked":"Sanctity+1","floor":18},{"not_picked":["Consecrate","Establishment","ThirdEye"],"picked":"SKIP","floor":21},{"not_picked":["EmptyFist","Protect"],"picked":"EmptyMind","floor":22},{"not_picked":["MasterReality","Fasting2+1","CutThroughFate"],"picked":"SKIP","floor":23},{"not_picked":["WaveOfTheHand","Consecrate","FlyingSleeves"],"picked":"SKIP","floor":28},{"not_picked":["SignatureMove","Crescendo+1","SashWhip"],"picked":"SKIP","floor":29},{"not_picked":["Judgement","Establishment+1"],"picked":"Omniscience","floor":33},{"not_picked":["ClearTheMind","LikeWater+1","FlurryOfBlows+1"],"picked":"SKIP","floor":35},{"not_picked":["WindmillStrike","Weave","Halt"],"picked":"SKIP","floor":37},{"not_picked":["Panacea","Chrysalis"],"picked":"Apotheosis","floor":38},{"not_picked":["FlurryOfBlows+1","BowlingBash+1"],"picked":"EmptyMind+1","floor":39},{"not_picked":["EmptyFist","Perseverance","PathToVictory"],"picked":"SKIP","floor":41},{"not_picked":["Vengeance+1","Crescendo"],"picked":"Wish","floor":42},{"not_picked":["Pray","CutThroughFate"],"picked":"WheelKick","floor":45},{"not_picked":["Sanctity","Pray","Protect+1"],"picked":"SKIP","floor":46},{"not_picked":["EmptyBody","CutThroughFate","CrushJoints"],"picked":"SKIP","floor":47}],"player_experience":2290740,"relics_obtained":[{"floor":7,"key":"Mercury Hourglass"},{"floor":9,"key":"Centennial Puzzle"},{"floor":14,"key":"TeardropLocket"},{"floor":23,"key":"Omamori"},{"floor":26,"key":"Frozen Egg 2"},{"floor":42,"key":"Vajra"},{"floor":43,"key":"Letter Opener"},{"floor":47,"key":"Shuriken"}],"event_choices":[{"damage_healed":0,"gold_gain":150,"player_choice":"AGREE","damage_taken":0,"max_hp_gain":0,"max_hp_loss":0,"event_name":"Liars Game","floor":2,"gold_loss":0,"cards_obtained":["Doubt"]},{"cards_removed":["Doubt"],"damage_healed":0,"gold_gain":0,"player_choice":"Forget","damage_taken":0,"max_hp_gain":0,"max_hp_loss":0,"event_name":"Living Wall","floor":3,"gold_loss":0},{"damage_healed":0,"gold_gain":0,"player_choice":"Entered Light","damage_taken":20,"max_hp_gain":0,"max_hp_loss":0,"event_name":"Shining Light","floor":8,"gold_loss":0,"cards_upgraded":["DevaForm","Strike_P"]},{"damage_healed":0,"gold_gain":0,"player_choice":"Forge","damage_taken":0,"max_hp_gain":0,"max_hp_loss":0,"event_name":"Accursed Blacksmith","floor":10,"gold_loss":0,"cards_upgraded":["Eruption"]},{"damage_healed":0,"gold_gain":0,"player_choice":"Read","damage_taken":0,"max_hp_gain":0,"max_hp_loss":0,"event_name":"The Library","floor":19,"gold_loss":0,"cards_obtained":["WindmillStrike"]},{"cards_removed":["Injury"],"damage_healed":0,"gold_gain":0,"player_choice":"Purged","damage_taken":0,"max_hp_gain":0,"max_hp_loss":0,"event_name":"Purifier","floor":20,"gold_loss":0},{"cards_removed":["Defend_P"],"damage_healed":0,"gold_gain":0,"player_choice":"Gave Gold","damage_taken":0,"max_hp_gain":0,"max_hp_loss":0,"event_name":"Beggar","floor":31,"gold_loss":75},{"cards_removed":["Defend_P"],"damage_healed":0,"gold_gain":0,"player_choice":"Removed Skill","damage_taken":0,"max_hp_gain":0,"max_hp_loss":0,"event_name":"Falling","floor":36,"gold_loss":0},{"damage_healed":0,"gold_gain":0,"player_choice":"Memory 1","damage_taken":0,"max_hp_gain":0,"max_hp_loss":0,"event_name":"SensoryStone","floor":38,"gold_loss":0}],"is_beta":false,"boss_relics":[{"not_picked":["VioletLotus","Astrolabe"],"picked":"Snecko Eye"},{"not_picked":["Runic Pyramid","Velvet Choker"],"picked":"Philosopher\u0027s Stone"}],"items_purged_floors":[24,48],"is_endless":false,"potions_floor_spawned":[1,14,16,18,21,23,28,33,35,37,45,47],"ascension_level":19}}