{"host":"z60ck2mpr6goyib8","time":1608138328,"event":{"mods":["BaseMod","Best Route Mod","Bestiary","Better Third Choice","Block Reminder","Colored Map","Colored Powertips","Googly Eyes","Minty Spire (QoL Compilation)","Quick Restart","Relic Stats","Slay-I","StSLib","everything is the same but u backflip on backflip"],"gold_per_floor":[116,66,93,110,126,126,157,157,157,173,184,195,220,235,235,332,332,332,39,0,0,0,0,0,0,0,0,0,0,0,0,0,0,0,0,0,0,0,0,0,0,0,0,0,0,0,0,0,0,0],"floor_reached":51,"playtime":2327,"items_purged":[],"score":1133,"play_id":"f15f27da-de13-4fc8-a441-be1b28c3054f","local_time":"20201216170528","is_ascension_mode":true,"campfire_choices":[{"data":"Eruption","floor":6.0,"key":"SMITH"},{"data":"Nirvana","floor":8.0,"key":"SMITH"},{"data":"CutThroughFate","floor":15.0,"key":"SMITH"},{"data":"Nirvana","floor":23.0,"key":"SMITH"},{"data":"MentalFortress","floor":25.0,"key":"SMITH"},{"data":"SandsOfTime","floor":32.0,"key":"SMITH"},{"floor":44.0,"key":"RECALL"},{"floor":49,"key":"REST"}],"circlet_count":0,"master_deck":["Strike_P+1","Defend_P+1","Defend_P+1","Defend_P+1","Eruption+1","Vigilance+1","Wallop+1","CarveReality+1","SpiritShield+1","SandsOfTime+1","Nirvana+1","Weave+1","Vengeance+1","ClearTheMind+1","Prostrate+1","FlurryOfBlows+1","JustLucky+1","CutThroughFate+1","Scrawl+1","Nirvana+1","Perseverance+1","MentalFortress+1","Halt+1","Scrawl+1","ConjureBlade+1","Parasite"],"relics":["Astrolabe","MealTicket","Orichalcum","Toxic Egg 2","Bronze Scales","Ectoplasm","Torii","Pen Nib","MawBank","Busted Crown","Red Mask","Mark of the Bloom","Bird Faced Urn","Nunchaku","Ginger"],"acts_visited":["TheCity","TheBeyond"],"potions_floor_usage":[48,48,50],"damage_taken":[{"damage":0.0,"enemies":"Cultist","floor":1.0,"turns":2.0},{"damage":0.0,"enemies":"Jaw Worm","floor":4.0,"turns":2.0},{"damage":0.0,"enemies":"Small Slimes","floor":5.0,"turns":4.0},{"damage":0.0,"enemies":"3 Sentries","floor":7.0,"turns":4.0},{"damage":0.0,"enemies":"Exordium Wildlife","floor":10.0,"turns":3.0},{"damage":3.0,"enemies":"Exordium Thugs","floor":11.0,"turns":3.0},{"damage":0.0,"enemies":"Gremlin Gang","floor":12.0,"turns":6.0},{"damage":21.0,"enemies":"Gremlin Nob","floor":13.0,"turns":4.0},{"damage":0.0,"enemies":"3 Louse","floor":14.0,"turns":3.0},{"damage":9.0,"enemies":"The Guardian","floor":16.0,"turns":6.0},{"damage":0.0,"enemies":"3 Byrds","floor":18.0,"turns":2.0},{"damage":0.0,"enemies":"Chosen","floor":21.0,"turns":3.0},{"damage":20.0,"enemies":"Gremlin Leader","floor":24.0,"turns":4.0},{"damage":0.0,"enemies":"3 Cultists","floor":27.0,"turns":4.0},{"damage":1.0,"enemies":"Sentry and Sphere","floor":28.0,"turns":5.0},{"damage":1.0,"enemies":"Centurion and Healer","floor":29.0,"turns":4.0},{"damage":0.0,"enemies":"3 Cultists","floor":30.0,"turns":3.0},{"damage":6.0,"enemies":"Sentry and Sphere","floor":31.0,"turns":3.0},{"damage":7.0,"enemies":"Automaton","floor":33.0,"turns":8.0},{"damage":0.0,"enemies":"3 Darklings","floor":35.0,"turns":4.0},{"damage":0.0,"enemies":"Orb Walker","floor":38.0,"turns":2.0},{"damage":12.0,"enemies":"Giant Head","floor":40.0,"turns":8.0},{"damage":10.0,"enemies":"Jaw Worm Horde","floor":41.0,"turns":3.0},{"damage":0.0,"enemies":"Maw","floor":42.0,"turns":5.0},{"damage":2.0,"enemies":"Reptomancer","floor":45.0,"turns":5.0},{"damage":0.0,"enemies":"Writhing Mass","floor":46.0,"turns":5.0},{"damage":10.0,"enemies":"4 Shapes","floor":47.0,"turns":4.0},{"damage":15,"enemies":"Transient","floor":48,"turns":5},{"damage":15,"enemies":"Donu and Deca","floor":50,"turns":7}],"seed_played":"-5077066900011302206","potions_obtained":[{"floor":1.0,"key":"BlessingOfTheForge"},{"floor":5.0,"key":"Energy Potion"},{"floor":10.0,"key":"BottledMiracle"},{"floor":13.0,"key":"BlessingOfTheForge"},{"floor":16.0,"key":"SkillPotion"},{"floor":21.0,"key":"Regen Potion"},{"floor":33.0,"key":"BlessingOfTheForge"},{"floor":38.0,"key":"Fire Potion"},{"floor":40.0,"key":"BlessingOfTheForge"},{"floor":46.0,"key":"SteroidPotion"}],"is_trial":false,"path_per_floor":["M","?","T","M","M","R","E","R","T","M","M","M","E","M","R","B",null,"M","$","?","M","?","R","E","R","T","M","M","M","M","M","R","B",null,"M","?","?","M","?","E","M","M","T","R","E","M","M","M","R","B",null],"character_chosen":"WATCHER","items_purchased":["Torii"],"campfire_rested":1,"item_purchase_floors":[19],"current_hp_per_floor":[65,65,65,65,65,65,65,65,65,65,62,62,41,41,41,32,62,62,72,72,72,72,72,52,52,52,52,51,50,50,44,44,52,67,67,67,67,67,67,55,45,45,45,45,43,43,33,18,18,3],"gold":0,"neow_bonus":"BOSS_RELIC","is_daily":false,"chose_seed":false,"campfire_upgraded":6,"win_rate":0.0,"timestamp":1608138328,"path_taken":["M","?","?","M","M","R","E","R","T","?","M","M","E","M","R","BOSS","M","$","?","M","?","R","E","R","T","?","M","M","M","?","R","BOSS","M","?","?","?","?","E","M","M","T","R","E","?","M","M","R","BOSS"],"items_purchased_type":["Relic"],"build_version":"2020-12-13","purchased_purges":0,"victory":true,"max_hp_per_floor":[72,72,72,72,72,72,72,72,72,72,72,72,72,72,72,72,72,72,72,72,72,72,72,72,72,72,72,72,72,72,72,72,72,72,72,72,72,72,72,72,72,72,72,72,72,72,72,72,72,72],"relic_stats":{"Mark of the Bloom":57,"Torii":14,"counters":[29,121],"Astrolabe":["Wallop","CarveReality","SpiritShield"],"Pen Nib":[26],"Ginger":[2],"Orichalcum":[54],"MawBank":0,"Nunchaku":[9],"Busted Crown":18,"Bronze Scales":[225],"Bird Faced Urn":[0],"MealTicket":10,"Ectoplasm":778,"obtain_stats":[{"Mark of the Bloom":37,"Torii":19,"Astrolabe":0,"Pen Nib":24,"Ginger":45,"Orichalcum":7,"MawBank":26,"Nunchaku":43,"Busted Crown":34,"Bronze Scales":13,"Bird Faced Urn":40,"MealTicket":3,"Ectoplasm":17,"Red Mask":36,"PureWater":0,"Toxic Egg 2":9},{"Mark of the Bloom":20,"Torii":11,"Astrolabe":0,"Pen Nib":13,"Ginger":25,"Orichalcum":4,"MawBank":13,"Nunchaku":24,"Busted Crown":19,"Bronze Scales":8,"Bird Faced Urn":22,"MealTicket":1,"Ectoplasm":10,"Red Mask":20,"PureWater":0,"Toxic Egg 2":4},{"Mark of the Bloom":77,"Torii":39,"Astrolabe":0,"Pen Nib":46,"Ginger":100,"Orichalcum":12,"MawBank":46,"Nunchaku":95,"Busted Crown":73,"Bronze Scales":28,"Bird Faced Urn":87,"MealTicket":2,"Ectoplasm":37,"Red Mask":77,"PureWater":0,"Toxic Egg 2":12}]},"card_choices":[{"not_picked":["Perseverance","Weave"],"picked":"SandsOfTime","floor":1.0},{"not_picked":["EmptyBody","Meditate"],"picked":"Nirvana","floor":4.0},{"not_picked":["ReachHeaven","Consecrate"],"picked":"Weave","floor":5.0},{"not_picked":["Wireheading","EmptyBody"],"picked":"Vengeance","floor":7.0},{"not_picked":["Consecrate","Crescendo+1"],"picked":"ClearTheMind+1","floor":10.0},{"not_picked":["Consecrate","BowlingBash"],"picked":"Prostrate+1","floor":11.0},{"not_picked":["SashWhip","Collect+1"],"picked":"FlurryOfBlows","floor":12.0},{"not_picked":["Weave","CrushJoints"],"picked":"JustLucky","floor":13.0},{"not_picked":["FlurryOfBlows","SignatureMove"],"picked":"CutThroughFate","floor":14.0},{"not_picked":["MasterReality","DeusExMachina+1"],"picked":"Scrawl+1","floor":16.0},{"not_picked":["EmptyMind+1","ThirdEye+1"],"picked":"Nirvana","floor":18.0},{"not_picked":["JustLucky+1","PathToVictory+1"],"picked":"Perseverance+1","floor":21.0},{"not_picked":["Establishment","JustLucky+1"],"picked":"MentalFortress","floor":24.0},{"not_picked":["FlurryOfBlows+1","WindmillStrike"],"picked":"Halt+1","floor":27.0},{"not_picked":["Consecrate","Halt+1","Evaluate+1"],"picked":"SKIP","floor":28.0},{"not_picked":["Nirvana","EmptyBody+1","Prostrate+1"],"picked":"SKIP","floor":29.0},{"not_picked":["CrushJoints","Crescendo+1","Nirvana"],"picked":"SKIP","floor":30.0},{"not_picked":["JustLucky","ClearTheMind+1"],"picked":"Scrawl+1","floor":31.0},{"not_picked":["Scrawl+1","Judgement+1"],"picked":"ConjureBlade+1","floor":33.0},{"not_picked":["Perseverance+1"],"picked":"SKIP","floor":35.0},{"not_picked":["Halt+1"],"picked":"SKIP","floor":38.0},{"not_picked":["SashWhip+1"],"picked":"SKIP","floor":40.0},{"not_picked":["Crescendo+1"],"picked":"SKIP","floor":41.0},{"not_picked":["BattleHymn"],"picked":"SKIP","floor":42.0},{"not_picked":["Swivel+1"],"picked":"SKIP","floor":45.0},{"not_picked":["FlyingSleeves+1"],"picked":"SKIP","floor":46.0},{"not_picked":["Prostrate+1"],"picked":"SKIP","floor":47.0},{"not_picked":["Halt+1"],"picked":"SKIP","floor":48}],"player_experience":482977,"relics_obtained":[{"floor":3.0,"key":"MealTicket"},{"floor":7.0,"key":"Orichalcum"},{"floor":9.0,"key":"Toxic Egg 2"},{"floor":13.0,"key":"Bronze Scales"},{"floor":24.0,"key":"Pen Nib"},{"floor":26.0,"key":"MawBank"},{"floor":40.0,"key":"Bird Faced Urn"},{"floor":43.0,"key":"Nunchaku"},{"floor":45.0,"key":"Ginger"}],"event_choices":[{"cards_removed":["Strike_P"],"damage_healed":0.0,"max_hp_gain":0.0,"max_hp_loss":0.0,"gold_gain":0.0,"event_name":"The Cleric","player_choice":"Card Removal","floor":2.0,"gold_loss":50.0,"damage_taken":0.0},{"damage_healed":0.0,"max_hp_gain":0.0,"max_hp_loss":0.0,"gold_gain":0.0,"event_name":"Masked Bandits","player_choice":"Paid Fearfully","floor":20.0,"gold_loss":39.0,"damage_taken":0.0},{"damage_healed":0.0,"max_hp_gain":0.0,"max_hp_loss":0.0,"gold_gain":0.0,"event_name":"Golden Shrine","player_choice":"Ignored","floor":22.0,"gold_loss":0.0,"damage_taken":0.0},{"damage_healed":0.0,"max_hp_gain":0.0,"max_hp_loss":0.0,"gold_gain":0.0,"event_name":"Tomb of Lord Red Mask","player_choice":"Paid","floor":36.0,"gold_loss":0.0,"damage_taken":0.0,"relics_obtained":["Red Mask"]},{"damage_healed":0.0,"max_hp_gain":0.0,"max_hp_loss":0.0,"gold_gain":0.0,"event_name":"MindBloom","player_choice":"Upgrade","floor":37.0,"gold_loss":0.0,"damage_taken":0.0,"cards_upgraded":["Strike_P","Defend_P","Defend_P","Defend_P","Vigilance","Weave","Vengeance","FlurryOfBlows","JustLucky"],"relics_obtained":["Mark of the Bloom"]},{"damage_healed":0.0,"max_hp_gain":0.0,"max_hp_loss":0.0,"gold_gain":0.0,"event_name":"Accursed Blacksmith","player_choice":"Ignored","floor":39.0,"gold_loss":0.0,"damage_taken":0.0}],"is_beta":false,"boss_relics":[{"not_picked":["Fusion Hammer","Tiny House"],"picked":"Ectoplasm"},{"not_picked":["SlaversCollar","Empty Cage"],"picked":"Busted Crown"}],"items_purged_floors":[],"is_endless":false,"potions_floor_spawned":[1,5,10,13,16,21,24,28,29,33,38,40,46,47],"ascension_level":9}}