{"host":"2n2g1vowfllvjtvi","time":1608135343,"event":{"mods":["AchievementEnabler","BaseMod","Custom Start","GifTheSpireLib","Keyboard Shortcuts","Minty Spire (QoL Compilation)","Quick Restart","Rare Cards Sparkle","StSLib","SuperFastMode"],"gold_per_floor":[118,43,43,43,60,86,86,119,119,149,165,179,179,193,193,271,271,290,215,51,68,79,79,108,108,133,166,166,166,166,166,166,241,241,253,253,153,165,40,58,58,71,71,104,120,120,153,173,173,173],"floor_reached":51,"playtime":1909,"items_purged":["Strike_G","Strike_G","Strike_G"],"score":1415,"play_id":"a2cde424-e377-4040-971b-c4a83cc11709","local_time":"20201217011543","is_ascension_mode":true,"campfire_choices":[{"data":"Predator","floor":7.0,"key":"SMITH"},{"data":"Neutralize","floor":13.0,"key":"SMITH"},{"data":"Deadly Poison","floor":15.0,"key":"SMITH"},{"data":"Acrobatics","floor":23.0,"key":"SMITH"},{"data":"Calculated Gamble","floor":25.0,"key":"SMITH"},{"data":"Tools of the Trade","floor":32.0,"key":"SMITH"},{"data":"Footwork","floor":41,"key":"SMITH"},{"data":"Tactician","floor":46,"key":"SMITH"},{"data":"Reflex","floor":49,"key":"SMITH"}],"circlet_count":0,"master_deck":["AscendersBane","Strike_G","Defend_G+1","Defend_G","Defend_G","Defend_G","Defend_G","Survivor+1","Neutralize+1","Deadly Poison+1","Predator+1","Tools of the Trade+1","Calculated Gamble+1","Dagger Throw","Venomology","Backflip+1","Grand Finale","Acrobatics+1","Eviscerate","Well Laid Plans+1","Adrenaline","Footwork+1","Tactician+1","Acrobatics","Reflex+1"],"relics":["Ring of the Snake","NeowsBlessing","Meat on the Bone","Art of War","HornCleat","Mummified Hand","Coffee Dripper","Anchor","War Paint","Ancient Tea Set","MutagenicStrength","Philosopher\u0027s Stone","Pantograph","Smiling Mask","Frozen Egg 2"],"acts_visited":["Exordium","TheCity","TheBeyond"],"potions_floor_usage":[38,42,44,45,45,47,48,50,50],"damage_taken":[{"damage":0.0,"enemies":"Jaw Worm","floor":1.0,"turns":1.0},{"damage":0.0,"enemies":"Small Slimes","floor":5.0,"turns":1.0},{"damage":0.0,"enemies":"Gremlin Nob","floor":6.0,"turns":1.0},{"damage":36.0,"enemies":"3 Sentries","floor":8.0,"turns":15.0},{"damage":0.0,"enemies":"2 Louse","floor":11.0,"turns":3.0},{"damage":0.0,"enemies":"Exordium Wildlife","floor":12.0,"turns":4.0},{"damage":0.0,"enemies":"Looter","floor":14.0,"turns":3.0},{"damage":24.0,"enemies":"Slime Boss","floor":16.0,"turns":9.0},{"damage":0.0,"enemies":"Spheric Guardian","floor":18.0,"turns":3.0},{"damage":2.0,"enemies":"3 Byrds","floor":21.0,"turns":6.0},{"damage":31.0,"enemies":"Snecko","floor":22.0,"turns":6.0},{"damage":20.0,"enemies":"Book of Stabbing","floor":24.0,"turns":5.0},{"damage":2.0,"enemies":"Gremlin Leader","floor":27.0,"turns":6.0},{"damage":7.0,"enemies":"Automaton","floor":33.0,"turns":12.0},{"damage":1.0,"enemies":"3 Darklings","floor":35.0,"turns":3.0},{"damage":0,"enemies":"3 Shapes","floor":38,"turns":3},{"damage":0,"enemies":"Spire Growth","floor":40,"turns":4},{"damage":7,"enemies":"Sphere and 2 Shapes","floor":42,"turns":4},{"damage":2,"enemies":"Giant Head","floor":44,"turns":6},{"damage":0,"enemies":"Jaw Worm Horde","floor":45,"turns":4},{"damage":0,"enemies":"Nemesis","floor":47,"turns":5},{"damage":3,"enemies":"Writhing Mass","floor":48,"turns":5},{"damage":0,"enemies":"Awakened One","floor":50,"turns":8}],"seed_played":"9187654464421298506","potions_obtained":[{"floor":8.0,"key":"GamblersBrew"},{"floor":14.0,"key":"SteroidPotion"},{"floor":16.0,"key":"DistilledChaos"},{"floor":22.0,"key":"Weak Potion"},{"floor":27.0,"key":"Dexterity Potion"},{"floor":35.0,"key":"ColorlessPotion"},{"floor":44,"key":"Block Potion"},{"floor":45,"key":"CultistPotion"}],"is_trial":false,"path_per_floor":["M","$","?","?","M","E","R","E","T","?","M","M","R","M","R","B",null,"M","?","$","M","M","R","E","R","T","E","?","?","?","?","R","B",null,"M","?","$","M","$","M","R","M","T","E","M","R","E","M","R","B",null],"character_chosen":"THE_SILENT","items_purchased":["Grand Finale"],"campfire_rested":0,"item_purchase_floors":[20],"current_hp_per_floor":[59,59,34,39,39,39,39,15,15,15,27,39,39,39,39,27,60,60,60,60,58,41,41,33,33,33,43,43,43,43,43,43,36,62,61,61,61,61,61,61,61,54,54,67,67,67,67,64,64,71],"gold":173,"neow_bonus":"THREE_ENEMY_KILL","is_daily":false,"chose_seed":false,"campfire_upgraded":9,"win_rate":0.0,"timestamp":1608135343,"path_taken":["M","$","?","?","M","E","R","E","T","?","M","M","R","M","R","BOSS","M","?","$","M","M","R","E","R","T","E","?","?","?","?","R","BOSS","M","?","$","M","$","M","R","M","T","E","M","R","E","M","R","BOSS"],"items_purchased_type":["Card"],"build_version":"2020-12-13","purchased_purges":3,"victory":true,"max_hp_per_floor":[66,66,66,71,71,71,71,71,71,71,71,71,71,71,71,71,71,71,71,71,71,71,71,71,71,71,71,71,71,71,71,71,71,71,71,71,71,71,71,71,71,71,71,71,71,71,71,71,71,71],"card_choices":[{"not_picked":["Bane","Backflip"],"picked":"Deadly Poison","floor":1.0},{"not_picked":["Backflip","Flying Knee","Concentrate"],"picked":"SKIP","floor":5.0},{"not_picked":["Distraction","Concentrate"],"picked":"Predator","floor":6.0},{"not_picked":["Escape Plan","Bouncing Flask"],"picked":"Tools of the Trade","floor":8.0},{"not_picked":["Bane","PiercingWail"],"picked":"Calculated Gamble","floor":11.0},{"not_picked":["Expertise","Sucker Punch","Wraith Form v2"],"picked":"SKIP","floor":12.0},{"not_picked":["Flying Knee","Cloak And Dagger"],"picked":"Dagger Throw","floor":14.0},{"not_picked":["Unload","Night Terror"],"picked":"Venomology","floor":16.0},{"not_picked":["Predator","Dagger Spray"],"picked":"Backflip+1","floor":18.0},{"not_picked":["Flying Knee","Blur"],"picked":"Acrobatics","floor":21.0},{"not_picked":["Slice","Outmaneuver","Flechettes"],"picked":"SKIP","floor":22.0},{"not_picked":["Riddle With Holes","Caltrops"],"picked":"Eviscerate","floor":24.0},{"not_picked":["Blade Dance","Flechettes","Cloak And Dagger"],"picked":"SKIP","floor":27.0},{"not_picked":["Venomology","Corpse Explosion"],"picked":"Adrenaline","floor":33.0},{"not_picked":["Slice","Dagger Throw+1","Poisoned Stab+1"],"picked":"SKIP","floor":35.0},{"not_picked":["Flying Knee","Poisoned Stab","Deflect"],"picked":"SKIP","floor":38},{"not_picked":["Cloak And Dagger","Leg Sweep"],"picked":"Footwork","floor":40},{"not_picked":["Backflip","Backstab"],"picked":"Tactician","floor":42},{"not_picked":["Finisher+1","Terror","Catalyst+1"],"picked":"SKIP","floor":44},{"not_picked":["Deadly Poison","Backflip"],"picked":"Acrobatics","floor":45},{"not_picked":["Predator+1","Dagger Spray+1","Flying Knee"],"picked":"SKIP","floor":47},{"not_picked":["Bouncing Flask","Blade Dance"],"picked":"Reflex","floor":48}],"player_experience":425537,"relics_obtained":[{"floor":6.0,"key":"Art of War"},{"floor":8.0,"key":"HornCleat"},{"floor":9.0,"key":"Mummified Hand"},{"floor":24.0,"key":"Anchor"},{"floor":26.0,"key":"War Paint"},{"floor":27.0,"key":"Ancient Tea Set"},{"floor":43,"key":"Pantograph"},{"floor":44,"key":"Smiling Mask"},{"floor":47,"key":"Frozen Egg 2"}],"event_choices":[{"damage_healed":0.0,"max_hp_gain":0.0,"max_hp_loss":0.0,"gold_gain":0.0,"event_name":"Scrap Ooze","player_choice":"Success","floor":3.0,"gold_loss":0.0,"damage_taken":25.0,"relics_obtained":["Meat on the Bone"]},{"damage_healed":0.0,"max_hp_gain":5.0,"max_hp_loss":0.0,"gold_gain":0.0,"event_name":"Big Fish","player_choice":"Donut","floor":4.0,"gold_loss":0.0,"damage_taken":0.0},{"damage_healed":0.0,"max_hp_gain":0.0,"max_hp_loss":0.0,"gold_gain":30.0,"event_name":"Dead Adventurer","player_choice":"Searched \u00271\u0027 times","floor":10.0,"gold_loss":0.0,"damage_taken":0.0},{"cards_removed":["Strike_G"],"damage_healed":0.0,"max_hp_gain":0.0,"max_hp_loss":0.0,"gold_gain":0.0,"event_name":"Beggar","player_choice":"Gave Gold","floor":19.0,"gold_loss":75.0,"damage_taken":0.0},{"damage_healed":0.0,"max_hp_gain":0.0,"max_hp_loss":0.0,"gold_gain":0.0,"event_name":"Ghosts","player_choice":"Ignored","floor":28.0,"gold_loss":0.0,"damage_taken":0.0},{"damage_healed":0.0,"max_hp_gain":0.0,"max_hp_loss":0.0,"gold_gain":0.0,"event_name":"Drug Dealer","player_choice":"Inject Mutagens","floor":29.0,"gold_loss":0.0,"damage_taken":0.0,"relics_obtained":["MutagenicStrength"]},{"damage_healed":0.0,"max_hp_gain":0.0,"max_hp_loss":0.0,"gold_gain":0.0,"event_name":"The Library","player_choice":"Read","floor":30.0,"gold_loss":0.0,"damage_taken":0.0,"cards_obtained":["Well Laid Plans"]},{"damage_healed":0.0,"max_hp_gain":0.0,"max_hp_loss":0.0,"gold_gain":0.0,"event_name":"Upgrade Shrine","player_choice":"Upgraded","floor":31.0,"gold_loss":0.0,"damage_taken":0.0,"cards_upgraded":["Well Laid Plans"]},{"damage_healed":0,"gold_gain":0,"player_choice":"Memory 1","damage_taken":0,"max_hp_gain":0,"max_hp_loss":0,"event_name":"SensoryStone","floor":36,"gold_loss":0}],"is_beta":false,"boss_relics":[{"not_picked":["Ectoplasm","Sozu"],"picked":"Coffee Dripper"},{"not_picked":["Pandora\u0027s Box","Ring of the Serpent"],"picked":"Philosopher\u0027s Stone"}],"items_purged_floors":[2,37,39],"is_endless":false,"potions_floor_spawned":[8,14,16,22,27,35,44,45],"ascension_level":14}}