{"host":"no2mglyze6zxwn0s","time":1608138977,"event":{"mods":["BaseMod","BetterRewards","Colored Map","Downfall","Hermit","Hubris","Minty Spire (QoL Compilation)","StSLib","The Animator","The Bug Knight","The Construct","The Cursed","The Disciple","The Jungle","The Necromancer","The Senshi","The Servant 0.9.4","WarShipGirlsR/????R mod"],"gold_per_floor":[119,139,156,331,331,331,350,350,350,393,393,43,84,104,104,114,114],"floor_reached":16,"playtime":1062,"items_purged":["Doubt"],"score":110,"play_id":"560fa55e-efaa-4d93-bb17-9d771bb51029","local_time":"20201216111617","is_ascension_mode":false,"campfire_choices":[{"data":"rmod:openingtorpedo","floor":6,"key":"SMITH"},{"data":"rmod:spoils","floor":8,"key":"SMITH"},{"floor":11,"key":"REST"},{"floor":15,"key":"REST"}],"circlet_count":0,"master_deck":["rmod:strick","rmod:strick","rmod:strick","rmod:strick","rmod:defend","rmod:defend","rmod:defend","rmod:defend","rmod:basicallowance","rmod:maingunfire","rmod:heivgo","rmod:openingtorpedo+1","rmod:spoils+1","rmod:supportaircraftcarrier","rmod:aluminumsupply","rmod:steelsupply","rmod:saltedfish","rmod:aviationdawn"],"relics":["rmod:firstchargereward","theSenshi:SailorFukuRelic","NlothsMask","Mercury Hourglass","hubris:Reverence","theSenshi:FeatherClipsRelic"],"acts_visited":["Exordium"],"potions_floor_usage":[16,16],"damage_taken":[{"damage":4,"enemies":"Jaw Worm","floor":1,"turns":3},{"damage":0,"enemies":"2 Louse","floor":2,"turns":3},{"damage":0,"enemies":"Cultist","floor":3,"turns":3},{"damage":1,"enemies":"Blue Slaver","floor":7,"turns":2},{"damage":37,"enemies":"Lagavulin","floor":10,"turns":9},{"damage":29,"enemies":"HollowMod:MossKnight","floor":13,"turns":17},{"damage":0,"enemies":"Exordium Wildlife","floor":14,"turns":3},{"damage":56,"enemies":"Hexaghost","floor":16,"turns":9}],"seed_played":"3001721894688024878","potions_obtained":[{"floor":2,"key":"LiquidMemories"},{"floor":10,"key":"SteroidPotion"},{"floor":13,"key":"BlessingOfTheForge"}],"is_trial":false,"path_per_floor":["M","M","M","?","?","R","M","R","T","E","R","$","E","M","R","B"],"character_chosen":"PRAEFECT","items_purchased":["hubris:Reverence","rmod:steelsupply"],"campfire_rested":2,"item_purchase_floors":[12,12],"current_hp_per_floor":[71,71,71,71,71,71,70,70,70,33,55,55,26,32,54,0,0],"gold":114,"neow_bonus":"RANDOM_COMMON_RELIC","is_daily":false,"chose_seed":false,"campfire_upgraded":2,"win_rate":0.0,"timestamp":1608138977,"path_taken":["M","M","M","?","?","R","M","R","T","E","R","$","E","M","R","BOSS"],"items_purchased_type":["Relic","Card"],"build_version":"2020-12-13","purchased_purges":1,"victory":false,"max_hp_per_floor":[75,75,75,75,75,75,75,75,75,75,75,75,75,75,75,75,75],"card_choices":[{"not_picked":["rmod:luckystar","rmod:combined"],"picked":"rmod:heivgo","floor":1},{"not_picked":["rmod:combined","rmod:smokecover"],"picked":"rmod:openingtorpedo","floor":2},{"not_picked":["rmod:steelsupply","rmod:unsinkable"],"picked":"rmod:spoils","floor":3},{"not_picked":["rmod:lonelyqueen","rmod:garrisonisland"],"picked":"rmod:supportaircraftcarrier","floor":7},{"not_picked":["rmod:supportaircraftcarrier","rmod:robin"],"picked":"rmod:aluminumsupply","floor":10},{"not_picked":["rmod:gendarmerie","rmod:diaomin"],"picked":"rmod:saltedfish","floor":13},{"not_picked":["rmod:steelsupply","rmod:heivgo"],"picked":"rmod:aviationdawn","floor":14}],"player_experience":879682,"relics_obtained":[{"floor":10,"key":"Mercury Hourglass"},{"floor":13,"key":"theSenshi:FeatherClipsRelic"}],"event_choices":[{"damage_healed":0,"gold_gain":175,"player_choice":"AGREE","damage_taken":0,"max_hp_gain":0,"max_hp_loss":0,"event_name":"Liars Game","floor":4,"gold_loss":0,"cards_obtained":["Doubt"]},{"damage_healed":0,"gold_gain":0,"player_choice":"Trade","damage_taken":0,"relics_obtained":["NlothsMask"],"max_hp_gain":0,"max_hp_loss":0,"event_name":"FaceTrader","floor":5,"gold_loss":0}],"is_beta":false,"boss_relics":[],"items_purged_floors":[12],"is_endless":false,"potions_floor_spawned":[2,10,13],"killed_by":"Hexaghost","ascension_level":0}}