{"host":"icrrc9b69c1a6188","time":1608158859,"event":{"mods":["BaseMod","Better Altar","Better Match","Better Note","Better Sensory Stone","Better Skull","Better Third Choice","Colored Map","Colored Powertips","Displayed Cursed Tome","Faster Ascension Climbing","HexUI Lib","Minty Spire (QoL Compilation)","Random Character Mod","Spicy Shops","StSLib","Unceasing Turn Reminder"],"gold_per_floor":[111,126,137,155,1,1,36,36,60,60,5,48,77,100,100,183,183,209,220,229,248,248,248,285,285,285,285,285],"floor_reached":27,"playtime":1319,"items_purged":[],"score":536,"play_id":"a4271178-3586-4436-a1de-43a48101e88c","local_time":"20201216164739","is_ascension_mode":true,"campfire_choices":[{"data":"Streamline","floor":6,"key":"SMITH"},{"data":"Self Repair","floor":8,"key":"SMITH"},{"data":"Sweeping Beam","floor":10,"key":"SMITH"},{"data":"Zap","floor":15,"key":"SMITH"},{"data":"Seek","floor":23,"key":"SMITH"},{"floor":25,"key":"REST"}],"circlet_count":0,"master_deck":["AscendersBane","Strike_B","Strike_B+1","Strike_B+1","Strike_B","Defend_B","Defend_B","Defend_B","Defend_B","Zap+1","Dualcast","Self Repair+1","Leap","Sweeping Beam+1","Streamline+1","Core Surge","Compile Driver","Seek+1","Go for the Eyes","Ball Lightning","Electrodynamics","Tempest","Echo Form","Buffer"],"relics":["FrozenCore","Vajra","Strange Spoon","Tiny Chest","CeramicFish","Whetstone","PreservedInsect","Sundial"],"acts_visited":["Exordium","TheCity"],"potions_floor_usage":[7,12,16,18,21],"damage_taken":[{"damage":14,"enemies":"Jaw Worm","floor":1,"turns":4},{"damage":1,"enemies":"Cultist","floor":2,"turns":3},{"damage":7,"enemies":"Small Slimes","floor":3,"turns":3},{"damage":1,"enemies":"2 Fungi Beasts","floor":4,"turns":3},{"damage":26,"enemies":"3 Sentries","floor":7,"turns":7},{"damage":0,"enemies":"Gremlin Nob","floor":12,"turns":2},{"damage":9,"enemies":"Red Slaver","floor":13,"turns":3},{"damage":4,"enemies":"Blue Slaver","floor":14,"turns":4},{"damage":21,"enemies":"Slime Boss","floor":16,"turns":9},{"damage":21,"enemies":"3 Byrds","floor":18,"turns":3},{"damage":21,"enemies":"Shell Parasite","floor":19,"turns":8},{"damage":8,"enemies":"Snecko","floor":21,"turns":6},{"damage":37,"enemies":"Gremlin Leader","floor":24,"turns":6},{"damage":35,"enemies":"Slavers","floor":27,"turns":2}],"seed_played":"-6005709769124157367","potions_obtained":[{"floor":3,"key":"SpeedPotion"},{"floor":4,"key":"FocusPotion"},{"floor":13,"key":"Block Potion"},{"floor":14,"key":"BlessingOfTheForge"},{"floor":18,"key":"Block Potion"}],"is_trial":false,"path_per_floor":["M","M","M","M","$","R","E","R","T","R","$","E","M","M","R","B",null,"M","M","?","M","?","R","E","R","T","E"],"character_chosen":"DEFECT","items_purchased":["Strange Spoon","Core Surge","FearPotion"],"campfire_rested":1,"item_purchase_floors":[5,5,11],"current_hp_per_floor":[50,56,56,62,62,62,43,43,43,43,43,43,44,50,50,39,63,52,41,41,43,43,43,6,27,27,0,0],"gold":285,"neow_bonus":"RANDOM_COMMON_RELIC","is_daily":false,"chose_seed":false,"campfire_upgraded":5,"win_rate":0.0,"timestamp":1608158859,"path_taken":["M","M","M","M","$","R","E","R","T","R","$","E","M","M","R","BOSS","M","M","?","M","?","R","E","R","T","E"],"items_purchased_type":["Relic","Card","Potion"],"build_version":"2020-12-13","purchased_purges":0,"victory":false,"max_hp_per_floor":[71,71,71,71,71,71,71,71,71,71,71,71,71,71,71,71,71,71,71,71,71,71,71,71,71,71,71,71],"card_choices":[{"not_picked":["Barrage","Doom and Gloom"],"picked":"Self Repair","floor":1},{"not_picked":["Lockon","Steam"],"picked":"Leap","floor":2},{"not_picked":["Coolheaded","Leap"],"picked":"Sweeping Beam","floor":3},{"not_picked":["Coolheaded","Conserve Battery"],"picked":"Streamline","floor":4},{"not_picked":["Steam Power","Sunder"],"picked":"Compile Driver","floor":7},{"not_picked":["Barrage","White Noise"],"picked":"Seek","floor":12},{"not_picked":["Conserve Battery","Barrage"],"picked":"Go for the Eyes","floor":13},{"not_picked":["Streamline","Compile Driver"],"picked":"Ball Lightning","floor":14},{"not_picked":["Buffer","Amplify"],"picked":"Electrodynamics","floor":16},{"not_picked":["Storm","Redo"],"picked":"Tempest","floor":18},{"not_picked":["Turbo","Go for the Eyes","Redo"],"picked":"SKIP","floor":19},{"not_picked":["Redo","Ball Lightning","Stack"],"picked":"SKIP","floor":21},{"not_picked":["Compile Driver+1","Steam"],"picked":"Buffer","floor":24}],"player_experience":656153,"relics_obtained":[{"floor":7,"key":"Tiny Chest"},{"floor":9,"key":"CeramicFish"},{"floor":12,"key":"Whetstone"},{"floor":24,"key":"PreservedInsect"},{"floor":26,"key":"Sundial"}],"event_choices":[{"cards_removed":["Self Repair"],"damage_healed":0,"gold_gain":0,"player_choice":"Take \u0026 Give","damage_taken":0,"max_hp_gain":0,"max_hp_loss":0,"event_name":"betterNote:BetterNote","floor":20,"gold_loss":0,"cards_obtained":["Echo Form"]},{"damage_healed":0,"gold_gain":0,"player_choice":"Ignored","damage_taken":0,"max_hp_gain":0,"max_hp_loss":0,"event_name":"Vampires","floor":22,"gold_loss":0}],"is_beta":false,"boss_relics":[{"not_picked":["SacredBark","Inserter"],"picked":"FrozenCore"}],"items_purged_floors":[],"is_endless":false,"potions_floor_spawned":[3,4,13,14,18],"killed_by":"Slavers","ascension_level":20}}