{"host":"ci7ivtocgfxh0ueo","time":1608125136,"event":{"mods":["BaseMod","GifTheSpireLib","Minty Spire (QoL Compilation)","StSLib"],"gold_per_floor":[112,112,126,126,40,75,88,102,157,157,183,183,197,7,7,7,7],"floor_reached":16,"playtime":345,"items_purged":[],"score":250,"play_id":"85997238-568c-416b-a085-36a7b09ee575","local_time":"20201216212536","is_ascension_mode":true,"campfire_choices":[{"data":"Armaments","floor":12,"key":"SMITH"},{"floor":15,"key":"REST"}],"circlet_count":0,"master_deck":["AscendersBane","Strike_R","Strike_R","Strike_R","Strike_R","Defend_R","Defend_R","Defend_R","Defend_R","Bash","Spot Weakness","Searing Blow","Dropkick","Reaper","Pummel","Armaments+1","Cleave","Pummel"],"relics":["Burning Blood","NeowsBlessing","White Beast Statue","Smiling Mask","Centennial Puzzle"],"acts_visited":["Exordium"],"potions_floor_usage":[8,16],"damage_taken":[{"damage":0,"enemies":"2 Louse","floor":1,"turns":1},{"damage":0,"enemies":"Jaw Worm","floor":3,"turns":1},{"damage":0,"enemies":"3 Sentries","floor":6,"turns":2},{"damage":6,"enemies":"Cultist","floor":7,"turns":3},{"damage":5,"enemies":"Gremlin Gang","floor":8,"turns":3},{"damage":46,"enemies":"Gremlin Nob","floor":11,"turns":5},{"damage":19,"enemies":"Exordium Wildlife","floor":13,"turns":3},{"damage":84,"enemies":"Slime Boss","floor":16,"turns":8}],"seed_played":"-6966172773999325785","potions_obtained":[{"floor":1,"key":"Weak Potion"},{"floor":7,"key":"Fire Potion"},{"floor":8,"key":"LiquidBronze"}],"is_trial":false,"path_per_floor":["M","?","M","$","$","E","M","M","T","?","E","R","M","$","R","B"],"character_chosen":"IRONCLAD","items_purchased":["Dropkick","Pummel","FairyPotion"],"campfire_rested":1,"item_purchase_floors":[5,14,14],"current_hp_per_floor":[74,74,75,75,75,75,75,75,75,75,35,35,22,22,44,0,0],"gold":7,"neow_bonus":"THREE_ENEMY_KILL","is_daily":false,"chose_seed":false,"campfire_upgraded":1,"win_rate":0.0,"timestamp":1608125136,"path_taken":["M","?","M","?","$","E","M","M","T","?","E","R","?","$","R","BOSS"],"items_purchased_type":["Card","Card","Potion"],"build_version":"2020-12-13","purchased_purges":0,"victory":false,"max_hp_per_floor":[75,75,75,75,75,75,75,75,75,75,75,75,75,75,75,75,75],"card_choices":[{"not_picked":["Intimidate","Headbutt"],"picked":"Spot Weakness","floor":1},{"not_picked":["Body Slam","Dark Embrace"],"picked":"Searing Blow","floor":3},{"not_picked":["Rupture","Heavy Blade"],"picked":"Reaper","floor":6},{"not_picked":["Second Wind","Cleave"],"picked":"Pummel","floor":7},{"not_picked":["Burning Pact","Rupture"],"picked":"Armaments","floor":8},{"not_picked":["Feel No Pain","Power Through"],"picked":"Cleave","floor":11},{"not_picked":["Fire Breathing","Hemokinesis","Headbutt"],"picked":"SKIP","floor":13}],"player_experience":1251492,"relics_obtained":[{"floor":6,"key":"White Beast Statue"},{"floor":9,"key":"Smiling Mask"},{"floor":11,"key":"Centennial Puzzle"}],"event_choices":[{"damage_healed":0,"gold_gain":0,"player_choice":"Leave","damage_taken":0,"max_hp_gain":0,"max_hp_loss":0,"event_name":"The Cleric","floor":2,"gold_loss":0},{"cards_removed":["Strike_R"],"damage_healed":0,"gold_gain":0,"player_choice":"Offered Basic","damage_taken":0,"max_hp_gain":0,"max_hp_loss":0,"event_name":"Bonfire Elementals","floor":10,"gold_loss":0}],"is_beta":false,"boss_relics":[],"items_purged_floors":[],"is_endless":false,"potions_floor_spawned":[1,7,8,11,13],"killed_by":"Slime Boss","ascension_level":17}}