{"host":"wha9hktbkslqvblg","time":1608093272,"event":{"mods":["BaseMod","Colored Map","Minty Spire (QoL Compilation)","Relic Stats","SuperFastMode","everything is the same but u backflip on backflip"],"gold_per_floor":[116,41,54,54,129,129,154,174,174,188,188,24,51,51,51,125,125,143,143,163,63,75,104,104,104,104],"floor_reached":25,"playtime":519,"items_purged":["Strike_R","Strike_R"],"score":508,"play_id":"7b6e6eb9-108f-4e76-8bf1-acc2b1185374","local_time":"20201216133432","is_ascension_mode":true,"campfire_choices":[{"data":"Disarm","floor":6.0,"key":"SMITH"},{"data":"Wild Strike","floor":11.0,"key":"SMITH"},{"data":"Body Slam","floor":15,"key":"SMITH"},{"floor":24,"key":"REST"}],"circlet_count":0,"master_deck":["AscendersBane","Strike_R","Strike_R","Strike_R","Defend_R","Defend_R","Defend_R","Defend_R","Bash","Disarm+1","Fire Breathing","Wild Strike+1","Power Through+1","Body Slam+1","Burning Pact+1","True Grit+1","Evolve","Warcry+1","Juggernaut","Seeing Red+1","Bloodletting+1"],"relics":["Burning Blood","NeowsBlessing","Letter Opener","Toxic Egg 2","Pantograph","Orrery","Bottled Lightning","Black Star","Toy Ornithopter","Lantern"],"acts_visited":["Exordium","TheCity"],"potions_floor_usage":[16,23,23],"damage_taken":[{"damage":0.0,"enemies":"2 Louse","floor":1.0,"turns":1.0},{"damage":0.0,"enemies":"Jaw Worm","floor":3.0,"turns":1.0},{"damage":0.0,"enemies":"Gremlin Nob","floor":7.0,"turns":1.0},{"damage":8.0,"enemies":"Small Slimes","floor":8.0,"turns":6.0},{"damage":11.0,"enemies":"Looter","floor":10.0,"turns":4.0},{"damage":20,"enemies":"3 Sentries","floor":13,"turns":4},{"damage":7,"enemies":"Hexaghost","floor":16,"turns":6},{"damage":28,"enemies":"Spheric Guardian","floor":18,"turns":6},{"damage":7,"enemies":"Chosen","floor":20,"turns":6},{"damage":23,"enemies":"Sentry and Sphere","floor":22,"turns":5},{"damage":26,"enemies":"Book of Stabbing","floor":23,"turns":5},{"damage":39,"enemies":"Slavers","floor":25,"turns":2}],"seed_played":"4453259267975512747","potions_obtained":[{"floor":1.0,"key":"BlessingOfTheForge"},{"floor":8.0,"key":"FearPotion"},{"floor":16,"key":"GamblersBrew"}],"is_trial":false,"path_per_floor":["M","$","M","?","?","R","E","M","T","M","R","$","E","$","R","B",null,"M","?","M","$","M","E","R","E"],"character_chosen":"IRONCLAD","items_purchased":["Orrery"],"campfire_rested":1,"item_purchase_floors":[12],"current_hp_per_floor":[74,74,75,70,59,59,65,63,63,58,58,58,44,44,44,68,73,51,51,50,50,33,13,35,0,0],"gold":104,"neow_bonus":"THREE_ENEMY_KILL","is_daily":false,"chose_seed":false,"campfire_upgraded":3,"win_rate":0.0,"timestamp":1608093272,"path_taken":["M","$","M","?","?","R","E","M","T","M","R","$","E","?","R","BOSS","M","?","M","$","M","E","R","E"],"items_purchased_type":["Relic"],"build_version":"2020-12-13","purchased_purges":2,"victory":false,"max_hp_per_floor":[75,75,75,75,75,75,75,75,75,75,75,75,75,75,75,75,75,75,75,75,75,75,75,75,75,75],"relic_stats":{"counters":[12,47],"Pantograph":25,"Black Star":1,"Letter Opener":[60],"obtain_stats":[{"Lantern":23,"NeowsBlessing":0,"Pantograph":9,"Orrery":12,"Black Star":17,"Letter Opener":4,"Bottled Lightning":13,"Toxic Egg 2":7,"Burning Blood":0,"Toy Ornithopter":23},{"Lantern":11,"NeowsBlessing":0,"Pantograph":4,"Orrery":5,"Black Star":7,"Letter Opener":2,"Bottled Lightning":6,"Toxic Egg 2":3,"Burning Blood":0,"Toy Ornithopter":11},{"Lantern":45,"NeowsBlessing":0,"Pantograph":9,"Orrery":13,"Black Star":23,"Letter Opener":2,"Bottled Lightning":17,"Toxic Egg 2":3,"Burning Blood":0,"Toy Ornithopter":45}],"Burning Blood":61,"Toy Ornithopter":0},"card_choices":[{"not_picked":["Power Through","Pommel Strike"],"picked":"Disarm","floor":1.0},{"not_picked":["Clash","True Grit","Cleave"],"picked":"SKIP","floor":3.0},{"not_picked":["Thunderclap","Perfected Strike"],"picked":"Fire Breathing","floor":7.0},{"not_picked":["Seeing Red+1","Perfected Strike"],"picked":"Wild Strike","floor":8.0},{"not_picked":["Headbutt","Clothesline"],"picked":"Power Through+1","floor":10.0},{"not_picked":["Twin Strike","Cleave"],"picked":"Body Slam","floor":12},{"not_picked":["Feel No Pain","Shrug It Off+1"],"picked":"Burning Pact+1","floor":12},{"not_picked":["Flex+1","Body Slam"],"picked":"True Grit+1","floor":12},{"not_picked":["Blood for Blood","Armaments+1"],"picked":"Evolve","floor":12},{"not_picked":["Intimidate+1","Shrug It Off+1"],"picked":"Warcry+1","floor":13},{"not_picked":["Fiend Fire","Impervious+1"],"picked":"Juggernaut","floor":16},{"not_picked":["Headbutt+1","Warcry+1","Intimidate+1"],"picked":"SKIP","floor":18},{"not_picked":["Dropkick","Evolve"],"picked":"Seeing Red+1","floor":20},{"not_picked":["Heavy Blade","Warcry+1"],"picked":"Bloodletting+1","floor":22},{"not_picked":["Havoc+1","Hemokinesis","Immolate"],"picked":"SKIP","floor":23}],"player_experience":850607,"relics_obtained":[{"floor":7.0,"key":"Toxic Egg 2"},{"floor":9.0,"key":"Pantograph"},{"floor":13,"key":"Bottled Lightning"},{"floor":23,"key":"Toy Ornithopter"},{"floor":23,"key":"Lantern"}],"event_choices":[{"damage_healed":0.0,"max_hp_gain":0.0,"max_hp_loss":0.0,"gold_gain":0.0,"event_name":"Scrap Ooze","player_choice":"Success","floor":4.0,"gold_loss":0.0,"damage_taken":5.0,"relics_obtained":["Letter Opener"]},{"damage_healed":0.0,"max_hp_gain":0.0,"max_hp_loss":0.0,"gold_gain":75.0,"event_name":"World of Goop","player_choice":"Gather Gold","floor":5.0,"gold_loss":0.0,"damage_taken":11.0},{"damage_healed":0,"gold_gain":0,"player_choice":"Ignored","damage_taken":0,"max_hp_gain":0,"max_hp_loss":0,"event_name":"The Mausoleum","floor":19,"gold_loss":0}],"is_beta":false,"boss_relics":[{"not_picked":["SacredBark","Runic Dome"],"picked":"Black Star"}],"items_purged_floors":[2,21],"is_endless":false,"potions_floor_spawned":[1,8,13,16,22],"killed_by":"Slavers","ascension_level":20}}