{"host":"jm9833yuloeli2yd","time":1608084576,"event":{"mods":["AchievementEnabler","BaseMod","Better Altar","Better Match","Better Note","Better Sensory Stone","Better Skull","Better Vampires","Colored Map","Colored Powertips","DeckTracker","Minty Spire (QoL Compilation)","Permanent Neow","Quick Restart","Replay The Spire","StSLib","SuperFastMode"],"gold_per_floor":[118,118,3,3,3,3,338,338,338,351,370,51,65,96,96,173,173,183,200,210,210,21,21,47,47,92,112,112,132,132,132],"floor_reached":30,"playtime":894,"items_purged":["Looming Evil","CommonCold"],"score":566,"play_id":"e7c07f19-05d1-4448-9dd1-41c8fcb19a83","local_time":"20201215210936","is_ascension_mode":true,"campfire_choices":[{"data":"Electrodynamics","floor":6.0,"key":"SMITH"},{"floor":8.0,"key":"REST"},{"data":"ReplayTheSpireMod:Calculation Training","floor":15.0,"key":"SMITH"},{"floor":23.0,"key":"REST"},{"data":"Barrage","floor":28.0,"key":"SMITH"}],"circlet_count":0,"master_deck":["AscendersBane","Strike_B","Strike_B","Strike_B","Strike_B","Defend_B","Defend_B","Defend_B","Zap+1","Dualcast","Electrodynamics+1","ReplayTheSpireMod:Calculation Training+1","Leap","Leap","FIFO Queue","Chill+1","Hologram+1","Hologram+1","FTL","Barrage+1","Hologram+1","Reboot+1","Cold Snap","Echo Form","ReplayTheSpireMod:Calculation Training+1","BasicCrystalCard+1","Gash+1"],"relics":["Cracked Core","Old Coin","Toxic Egg 2","ReplayTheSpireMod:CursedCoin","Incense Burner","ReplayTheSpireMod:Lightbulb","Philosopher\u0027s Stone","Solar Panel","Ancient Tea Set"],"acts_visited":["Exordium","TheCity"],"potions_floor_usage":[],"damage_taken":[{"damage":19.0,"enemies":"Jaw Worm","floor":1.0,"turns":4.0},{"damage":32.0,"enemies":"Gremlin Nob","floor":7.0,"turns":4.0},{"damage":0.0,"enemies":"Cultist","floor":10.0,"turns":3.0},{"damage":0.0,"enemies":"2 Louse","floor":11.0,"turns":2.0},{"damage":0.0,"enemies":"Exordium Wildlife","floor":13.0,"turns":3.0},{"damage":0.0,"enemies":"3 Sentries","floor":14.0,"turns":3.0},{"damage":5.0,"enemies":"Fading Forest","floor":16.0,"turns":13.0},{"damage":2.0,"enemies":"2 Thieves","floor":18.0,"turns":3.0},{"damage":0.0,"enemies":"3 Byrds","floor":19.0,"turns":1.0},{"damage":30.0,"enemies":"Snake Plant","floor":20.0,"turns":5.0},{"damage":10.0,"enemies":"Book of Stabbing","floor":24.0,"turns":5.0},{"damage":30.0,"enemies":"Shelled Parasite and Fungi","floor":27.0,"turns":6.0},{"damage":0.0,"enemies":"3 Cultists","floor":29.0,"turns":2.0},{"damage":22,"enemies":"Gremlin Leader","floor":30,"turns":2}],"seed_played":"-5258914190156626752","potions_obtained":[{"floor":1.0,"key":"Weak Potion"},{"floor":16.0,"key":"SkillPotion"},{"floor":18.0,"key":"BlessingOfTheForge"},{"floor":19.0,"key":"DuplicationPotion"},{"floor":29.0,"key":"LiquidBronze"}],"is_trial":false,"path_per_floor":["M","?","$","?","$","R","E","R","T","M","M","$","M","E","R","B",null,"M","M","M","?","$","R","E","?","T","M","R","M","E"],"character_chosen":"DEFECT","items_purchased":["Leap","ReplayTheSpireMod:CursedCoin","Incense Burner","Hologram+1","FTL","ReplayTheSpireMod:Calculation Training+1"],"campfire_rested":2,"item_purchase_floors":[3,12,12,12,12,22],"current_hp_per_floor":[45,45,45,38,38,38,6,27,27,27,27,27,27,27,27,30,61,59,59,29,29,29,50,40,40,40,18,18,20,0,0],"gold":132,"neow_bonus":"THREE_RARE_CARDS","is_daily":false,"chose_seed":false,"campfire_upgraded":3,"win_rate":0.0,"timestamp":1608084576,"path_taken":["M","?","$","?","?","R","E","R","T","M","M","$","?","E","R","BOSS","M","?","M","?","$","R","E","?","T","M","R","M","E"],"items_purchased_type":["Card","Relic","Relic","Card","Card","Card"],"build_version":"2020-12-13","purchased_purges":2,"victory":false,"max_hp_per_floor":[71,71,71,71,71,71,71,71,71,71,71,71,71,71,71,71,71,71,71,71,71,71,71,71,71,71,71,71,71,71,71],"card_choices":[{"not_picked":["ReplayTheSpireMod:Fabricate Wheel","All For One"],"picked":"Electrodynamics","floor":0.0},{"not_picked":["Go for the Eyes","Barrage"],"picked":"ReplayTheSpireMod:Calculation Training","floor":1.0},{"not_picked":["Heatsinks","Streamline","Darkness"],"picked":"SKIP","floor":7.0},{"not_picked":["Panic Button+1","Barrage"],"picked":"FIFO Queue","floor":10.0},{"not_picked":["Reprogram+1","Sunder"],"picked":"Chill+1","floor":11.0},{"not_picked":["Sweeping Beam","Skim+1"],"picked":"Barrage","floor":13.0},{"not_picked":["ReplaySolidLightProjector+1","Static Discharge"],"picked":"Hologram+1","floor":14.0},{"not_picked":["ReplayRNGCard+1","Mirror Shield+1"],"picked":"Reboot+1","floor":16.0},{"not_picked":["ReplayGash","Static Discharge","Streamline"],"picked":"SKIP","floor":18.0},{"not_picked":["Force Field+1","Heatsinks","BootSequence+1"],"picked":"SKIP","floor":19.0},{"not_picked":["Compile Driver","Rebound"],"picked":"Cold Snap","floor":20.0},{"not_picked":["Loop","Go for the Eyes"],"picked":"BasicCrystalCard+1","floor":24.0},{"not_picked":["Reprogram+1","ReplaySort+1","Barrage"],"picked":"SKIP","floor":27.0},{"not_picked":["Redo+1","Cold Snap"],"picked":"Gash+1","floor":29.0}],"player_experience":1097501,"relics_obtained":[{"floor":7.0,"key":"Old Coin"},{"floor":9.0,"key":"Toxic Egg 2"},{"floor":14.0,"key":"ReplayTheSpireMod:Lightbulb"},{"floor":24.0,"key":"Solar Panel"},{"floor":26.0,"key":"Ancient Tea Set"}],"event_choices":[{"damage_healed":0.0,"max_hp_gain":0.0,"max_hp_loss":0.0,"gold_gain":0.0,"event_name":"Living Wall","player_choice":"Grow","floor":2.0,"gold_loss":0.0,"damage_taken":0.0,"cards_upgraded":["Zap"]},{"cards_removed":["Defend_B"],"damage_healed":0.0,"max_hp_gain":0.0,"max_hp_loss":0.0,"gold_gain":0.0,"event_name":"Golden Wing","player_choice":"Card Removal","floor":4.0,"gold_loss":0.0,"damage_taken":7.0},{"damage_healed":0.0,"max_hp_gain":0.0,"max_hp_loss":0.0,"gold_gain":0.0,"event_name":"The Library","player_choice":"Read","floor":21.0,"gold_loss":0.0,"damage_taken":0.0,"cards_obtained":["Echo Form"]},{"damage_healed":0.0,"max_hp_gain":0.0,"max_hp_loss":0.0,"gold_gain":0.0,"event_name":"The Mausoleum","player_choice":"Ignored","floor":25.0,"gold_loss":0.0,"damage_taken":0.0}],"is_beta":false,"boss_relics":[{"not_picked":["Painkiller Herb","Abe\u0027s Treasure"],"picked":"Philosopher\u0027s Stone"}],"items_purged_floors":[3,22],"is_endless":false,"potions_floor_spawned":[1,16,18,19,29],"killed_by":"Gremlin Leader","ascension_level":20}}