{"host":"6p0attdrtjqaih7v","time":1608088882,"event":{"mods":["2.2 Compatiblity","AchievementEnabler","Bard","BaseMod","Better Skull","Better Third Choice","Colored Powertips","Hermit","Highlight Path","Jorbs\u0027s Wanderer Trilogy","Key Reminder","Minty Spire (QoL Compilation)","Permanent Neow","Quick Restart","Random Character Button","Relic Stats","Replay The Spire","StSLib","The Construct"],"gold_per_floor":[110,123,138,63,163,163,196,196,196,212,57,76,18,33,33,111,111,135,152,152,152,77,77,77,98,98,98,113,144,144,179,179,255,255,266,266,285,185,201,201,217,217,217,217,245,135,135,155,155,160],"floor_reached":51,"playtime":2288,"items_purged":["hermit:Strike_Hermit","hermit:Strike_Hermit"],"score":1456,"play_id":"e172ffa8-343e-47b6-8c64-7ba85e364919","local_time":"20201215222122","is_ascension_mode":true,"campfire_choices":[{"data":"hermit:Snapshot","floor":6,"key":"SMITH"},{"data":"hermit:Headshot","floor":8,"key":"SMITH"},{"data":"hermit:Headshot","floor":15,"key":"SMITH"},{"data":"hermit:NoHoldsBarred","floor":23,"key":"SMITH"},{"data":"hermit:EternalForm","floor":27,"key":"SMITH"},{"data":"hermit:NoHoldsBarred","floor":32,"key":"SMITH"},{"data":"hermit:LuckOfTheDraw","floor":40,"key":"SMITH"},{"data":"hermit:FlashPowder","floor":42,"key":"SMITH"},{"data":"hermit:Vantage","floor":44,"key":"SMITH"},{"data":"hermit:Coalescence","floor":49,"key":"SMITH"}],"circlet_count":0,"master_deck":["AscendersBane","hermit:Defend_Hermit","hermit:Defend_Hermit+1","hermit:Defend_Hermit","hermit:Defend_Hermit","hermit:Snapshot+1","hermit:Covet","hermit:Shortfuse","hermit:Headshot+1","hermit:Scavenge","hermit:Headshot+1","Finesse","hermit:PistolWhip","hermit:Vantage+1","hermit:Malice","hermit:EternalForm+1","hermit:TrackingShot+1","hermit:LowProfile","hermit:NoHoldsBarred+1","hermit:LowProfile","hermit:Coalescence+1","hermit:NoHoldsBarred+1","hermit:HeroicBravado","hermit:FlashPowder+1","hermit:LuckOfTheDraw+1","hermit:Gambit","hermit:Brawl+1","hermit:FlashPowder+1","Clumsy"],"relics":["hermit:Momento","FossilizedHelix","White Beast Statue","Eternal Feather","Cursed Key","Juzu Bracelet","WarpedTongs","Bag of Preparation","construct:WeddingRing","hermit:Horseshoe","Dead Branch"],"acts_visited":["Exordium","TheCity","TheBeyond"],"potions_floor_usage":[7,29,31,35,50,50],"damage_taken":[{"damage":0,"enemies":"2 Louse","floor":1,"turns":3},{"damage":0,"enemies":"Jaw Worm","floor":2,"turns":3},{"damage":0,"enemies":"Cultist","floor":3,"turns":3},{"damage":12,"enemies":"3 Sentries","floor":7,"turns":7},{"damage":12,"enemies":"Exordium Thugs","floor":10,"turns":5},{"damage":0,"enemies":"Blue Slaver","floor":12,"turns":3},{"damage":0,"enemies":"Large Slime","floor":14,"turns":4},{"damage":0,"enemies":"Slime Boss","floor":16,"turns":7},{"damage":21,"enemies":"Shell Parasite","floor":18,"turns":5},{"damage":0,"enemies":"Spheric Guardian","floor":19,"turns":3},{"damage":15,"enemies":"Cultist and Chosen","floor":25,"turns":6},{"damage":10,"enemies":"Sentry and Sphere","floor":28,"turns":5},{"damage":21,"enemies":"Book of Stabbing","floor":29,"turns":4},{"damage":31,"enemies":"Gremlin Leader","floor":31,"turns":6},{"damage":46,"enemies":"Automaton","floor":33,"turns":10},{"damage":0,"enemies":"3 Darklings","floor":35,"turns":2},{"damage":0,"enemies":"3 Shapes","floor":37,"turns":2},{"damage":9,"enemies":"Maw","floor":39,"turns":8},{"damage":0,"enemies":"Sphere and 2 Shapes","floor":41,"turns":3},{"damage":17,"enemies":"Giant Head","floor":45,"turns":6},{"damage":0,"enemies":"Transient","floor":48,"turns":6},{"damage":1,"enemies":"Awakened One","floor":50,"turns":15}],"seed_played":"-2584422188372795296","potions_obtained":[{"floor":3,"key":"BlessingOfTheForge"},{"floor":10,"key":"Languid Potion"},{"floor":12,"key":"EssenceOfSteel"},{"floor":18,"key":"FairyPotion"},{"floor":28,"key":"LiquidMemories"},{"floor":29,"key":"Fire Potion"},{"floor":31,"key":"FairyPotion"},{"floor":33,"key":"Swift Potion"},{"floor":35,"key":"Dexterity Potion"},{"floor":37,"key":"PowerPotion"},{"floor":45,"key":"Cursed Concoction"}],"is_trial":false,"path_per_floor":["M","M","M","?","?","R","E","R","T","M","$","M","$","M","R","B",null,"M","M","?","?","$","R","?","M","T","R","M","E","?","E","R","B",null,"M","?","M","$","M","R","M","R","T","R","E","?","?","M","R","B",null],"character_chosen":"HERMIT","items_purchased":["Finesse","Dexterity Potion","hermit:Vantage"],"campfire_rested":0,"item_purchase_floors":[11,11,13],"current_hp_per_floor":[46,46,46,46,46,46,34,34,34,22,22,22,22,22,31,31,61,40,40,40,40,40,52,52,37,37,49,39,18,18,12,24,5,55,55,55,55,55,46,61,61,71,71,71,54,54,54,54,67,66],"gold":160,"neow_bonus":"ONE_RARE_RELIC","is_daily":false,"chose_seed":false,"campfire_upgraded":10,"win_rate":0.0,"timestamp":1608088882,"path_taken":["M","M","M","?","?","R","E","R","T","?","$","M","$","M","R","BOSS","M","M","?","?","$","R","?","?","T","R","M","E","?","E","R","BOSS","M","?","M","$","M","R","M","R","T","R","E","?","?","M","R","BOSS"],"items_purchased_type":["Card","Potion","Card"],"build_version":"2020-12-13","purchased_purges":2,"victory":true,"max_hp_per_floor":[71,71,71,71,71,71,71,71,71,71,71,71,71,71,71,71,71,71,71,71,71,71,71,71,71,71,71,71,71,71,71,71,71,71,71,71,71,71,71,71,71,71,71,71,71,71,67,67,67,67],"relic_stats":{"counters":[22,116],"Dead Branch":[24],"Eternal Feather":83,"Juzu Bracelet":3,"Bag of Preparation":[16],"Cursed Key":1,"obtain_stats":[{"construct:WeddingRing":34,"Dead Branch":45,"Eternal Feather":9,"Juzu Bracelet":29,"Bag of Preparation":31,"Cursed Key":17,"hermit:Horseshoe":43,"hermit:Momento":0,"FossilizedHelix":0,"White Beast Statue":7,"WarpedTongs":30},{"construct:WeddingRing":15,"Dead Branch":20,"Eternal Feather":4,"Juzu Bracelet":13,"Bag of Preparation":14,"Cursed Key":8,"hermit:Horseshoe":19,"hermit:Momento":0,"FossilizedHelix":0,"White Beast Statue":4,"WarpedTongs":13},{"construct:WeddingRing":74,"Dead Branch":95,"Eternal Feather":16,"Juzu Bracelet":58,"Bag of Preparation":64,"Cursed Key":35,"hermit:Horseshoe":89,"hermit:Momento":0,"FossilizedHelix":0,"White Beast Statue":16,"WarpedTongs":58}],"WarpedTongs":[56]},"card_choices":[{"not_picked":["hermit:Coalescence","hermit:SprayPray"],"picked":"hermit:Shortfuse","floor":1},{"not_picked":["hermit:BodyArmor","hermit:CalledShot"],"picked":"hermit:Headshot","floor":2},{"not_picked":["hermit:Misfire","hermit:ItchyTrigger","hermit:Coalescence"],"picked":"SKIP","floor":3},{"not_picked":["hermit:FlashPowder","hermit:Combo"],"picked":"hermit:Scavenge","floor":7},{"not_picked":["hermit:TakeCover","hermit:SprayPray"],"picked":"hermit:Headshot","floor":10},{"not_picked":["hermit:Quickdraw","hermit:Dissolve"],"picked":"hermit:PistolWhip","floor":12},{"not_picked":["hermit:BodyArmor","hermit:Misfire"],"picked":"hermit:Malice","floor":14},{"not_picked":["hermit:FatalDesire","hermit:OverwhelmingPower"],"picked":"hermit:EternalForm","floor":16},{"not_picked":["hermit:WideOpen","hermit:BodyArmor"],"picked":"hermit:TrackingShot+1","floor":18},{"not_picked":["hermit:HoleUp","hermit:HighCaliber"],"picked":"hermit:LowProfile","floor":19},{"not_picked":["hermit:Desperado","hermit:LoneWolf","hermit:CursedWeapon"],"picked":"SKIP","floor":25},{"not_picked":["hermit:HoleUp","hermit:Spite"],"picked":"hermit:LowProfile","floor":28},{"not_picked":["hermit:FinalCanter","hermit:LowProfile"],"picked":"hermit:Coalescence","floor":29},{"not_picked":["hermit:Headshot","hermit:BlackWind"],"picked":"hermit:NoHoldsBarred","floor":31},{"not_picked":["hermit:DeadOrAlive","hermit:Adapt"],"picked":"hermit:HeroicBravado","floor":33},{"not_picked":["hermit:TrackingShot","hermit:Gestalt"],"picked":"hermit:FlashPowder+1","floor":35},{"not_picked":["hermit:Ricochet","hermit:HighCaliber","hermit:DeadMansHand"],"picked":"SKIP","floor":37},{"not_picked":["hermit:Feint+1","hermit:HighCaliber+1"],"picked":"hermit:Brawl+1","floor":39},{"not_picked":["hermit:DeadOrAlive","hermit:Headshot"],"picked":"hermit:FlashPowder","floor":41},{"not_picked":["hermit:DeadMansHand","hermit:ItchyTrigger+1","hermit:WideOpen"],"picked":"SKIP","floor":45},{"not_picked":["hermit:Dive+1","hermit:Ricochet","hermit:SprayPray"],"picked":"SKIP","floor":48}],"player_experience":856606,"relics_obtained":[{"floor":7,"key":"White Beast Statue"},{"floor":9,"key":"Eternal Feather"},{"floor":29,"key":"Juzu Bracelet"},{"floor":31,"key":"Bag of Preparation"},{"floor":43,"key":"hermit:Horseshoe"},{"floor":45,"key":"Dead Branch"}],"event_choices":[{"cards_removed":["hermit:Strike_Hermit"],"damage_healed":0,"gold_gain":0,"player_choice":"Card Removal","damage_taken":0,"max_hp_gain":0,"max_hp_loss":0,"event_name":"The Cleric","floor":4,"gold_loss":75},{"damage_healed":0,"gold_gain":100,"player_choice":"Gold","damage_taken":0,"max_hp_gain":0,"max_hp_loss":0,"event_name":"Wheel of Change","floor":5,"gold_loss":0},{"damage_healed":0,"gold_gain":0,"player_choice":"Read","damage_taken":0,"max_hp_gain":0,"max_hp_loss":0,"event_name":"The Library","floor":20,"gold_loss":0,"cards_obtained":["hermit:NoHoldsBarred"]},{"cards_removed":["hermit:Strike_Hermit"],"damage_healed":0,"gold_gain":0,"player_choice":"Purged","damage_taken":0,"max_hp_gain":0,"max_hp_loss":0,"event_name":"Purifier","floor":24,"gold_loss":0},{"damage_healed":0,"gold_gain":0,"player_choice":"Rummage","damage_taken":0,"relics_obtained":["WarpedTongs"],"max_hp_gain":0,"max_hp_loss":0,"event_name":"Accursed Blacksmith","floor":30,"gold_loss":0,"cards_obtained":["Pain"]},{"damage_healed":0,"gold_gain":0,"player_choice":"2 cards matched","damage_taken":0,"max_hp_gain":0,"max_hp_loss":0,"event_name":"Match and Keep!","floor":36,"gold_loss":0,"cards_obtained":["hermit:LuckOfTheDraw","hermit:Gambit"]},{"cards_removed":["Pain"],"damage_healed":0,"gold_gain":0,"player_choice":"Upgrade and Remove","damage_taken":0,"max_hp_gain":0,"max_hp_loss":0,"event_name":"Designer","floor":46,"gold_loss":110,"cards_upgraded":["hermit:Defend_Hermit"]},{"damage_healed":0,"gold_gain":0,"player_choice":"Max HP","damage_taken":0,"max_hp_gain":0,"max_hp_loss":4,"event_name":"Winding Halls","floor":47,"gold_loss":0}],"is_beta":false,"boss_relics":[{"not_picked":["Calling Bell","Philosopher\u0027s Stone"],"picked":"Cursed Key"},{"not_picked":["ChewingGum","Tiny House"],"picked":"construct:WeddingRing"}],"items_purged_floors":[22,38],"is_endless":false,"potions_floor_spawned":[3,10,12,14,16,18,19,25,28,29,31,33,35,37,39,41,45,48],"ascension_level":18}}