{"host":"p7j7o00jacnw7qzt","time":1608079316,"event":{"mods":["BaseMod","Colored Map","Colored Powertips","DeckTracker","Highlight Path","Minty Spire (QoL Compilation)","Relic Stats"],"gold_per_floor":[369,329,48,68,82,111,111,142,167,167,167],"floor_reached":10,"playtime":371,"items_purged":["Strike_G"],"score":152,"play_id":"4b5dd388-7d8e-4907-a604-46ceb12ba977","local_time":"20201215194156","is_ascension_mode":true,"campfire_choices":[{"data":"Tactician","floor":7.0,"key":"SMITH"}],"circlet_count":0,"master_deck":["AscendersBane","Strike_G","Strike_G","Strike_G","Strike_G","Defend_G","Defend_G","Defend_G","Defend_G","Defend_G","Survivor","Neutralize","Infinite Blades","Infinite Blades","Acrobatics","Tactician+1","Acrobatics"],"relics":["Ring of the Snake","Sling","MealTicket","Snake Skull","Bag of Marbles"],"acts_visited":["Exordium"],"potions_floor_usage":[8,8],"damage_taken":[{"damage":2.0,"enemies":"2 Louse","floor":1.0,"turns":3.0},{"damage":1.0,"enemies":"Cultist","floor":4.0,"turns":4.0},{"damage":1.0,"enemies":"Small Slimes","floor":5.0,"turns":5.0},{"damage":34.0,"enemies":"Gremlin Nob","floor":6.0,"turns":5.0},{"damage":5,"enemies":"3 Sentries","floor":8,"turns":5},{"damage":10,"enemies":"Gremlin Nob","floor":10,"turns":2}],"seed_played":"6317230383741422455","potions_obtained":[{"floor":2.0,"key":"Weak Potion"},{"floor":2.0,"key":"LiquidMemories"},{"floor":6.0,"key":"AttackPotion"}],"is_trial":false,"path_per_floor":["M","?","$","M","M","E","R","E","T","E"],"character_chosen":"THE_SILENT","items_purchased":["Infinite Blades","Sling"],"campfire_rested":0,"item_purchase_floors":[3,3],"current_hp_per_floor":[42,42,42,41,40,6,6,1,1,0,0],"gold":167,"neow_bonus":"TWO_FIFTY_GOLD","is_daily":false,"chose_seed":false,"campfire_upgraded":1,"win_rate":0.0,"timestamp":1608079316,"path_taken":["M","?","$","M","M","E","R","E","T","E"],"items_purchased_type":["Card","Relic"],"build_version":"2020-12-13","purchased_purges":1,"victory":false,"max_hp_per_floor":[66,66,66,66,66,66,66,66,66,66,66],"relic_stats":{"counters":[6,24],"MealTicket":0,"Snake Skull":[0],"obtain_stats":[{"MealTicket":6,"Snake Skull":8,"Bag of Marbles":9,"Sling":3,"Ring of the Snake":0},{"MealTicket":4,"Snake Skull":5,"Bag of Marbles":5,"Sling":1,"Ring of the Snake":0},{"MealTicket":17,"Snake Skull":22,"Bag of Marbles":22,"Sling":3,"Ring of the Snake":0}],"Ring of the Snake":[12]},"card_choices":[{"not_picked":["Dagger Spray","Dodge and Roll"],"picked":"Infinite Blades","floor":1.0},{"not_picked":["Escape Plan","Underhanded Strike"],"picked":"Acrobatics","floor":4.0},{"not_picked":["Noxious Fumes","Quick Slash"],"picked":"Tactician","floor":5.0},{"not_picked":["Sucker Punch","Outmaneuver"],"picked":"Acrobatics","floor":6.0},{"not_picked":["Dagger Throw","Crippling Poison","Deflect"],"picked":"SKIP","floor":8}],"player_experience":876412,"relics_obtained":[{"floor":6.0,"key":"MealTicket"},{"floor":8,"key":"Snake Skull"},{"floor":9,"key":"Bag of Marbles"}],"event_choices":[{"damage_healed":0.0,"max_hp_gain":0.0,"max_hp_loss":0.0,"gold_gain":0.0,"event_name":"The Woman in Blue","player_choice":"Bought 3 Potions","floor":2.0,"gold_loss":0.0,"damage_taken":0.0}],"is_beta":false,"boss_relics":[],"items_purged_floors":[3],"is_endless":false,"potions_floor_spawned":[6],"killed_by":"Gremlin Nob","ascension_level":20}}