{"host":"cxvb37eaaiijvrl4","time":1608098179,"event":{"mods":["BaseMod","Better Third Choice","Minty Spire (QoL Compilation)","MostiFishMod","Quick Restart","Rare Cards Sparkle","Shop Mod","Spicy Shops","StSLib","TestMod","Uncapped"],"gold_per_floor":[111,121,121,136,149,177,177,208,208,224,244,271,271,196,196,269,319,335,353,273,291,307,336,336,336,336,353,368,379,413,463,463,540,540,560,570,588,607,656,656,688,1088,1088,1120,1120,1153,916,943,943,943,943,943,943,685,710,710],"floor_reached":57,"playtime":1300,"items_purged":["Strike_R","Strike_R","Bash","Strike_R"],"score":3743,"play_id":"0b4590d0-e961-4319-ad02-b1e0e4ee53a0","local_time":"20201215215619","is_ascension_mode":true,"campfire_choices":[{"data":"Sword Boomerang","floor":7,"key":"SMITH"},{"data":"Burning Pact","floor":13,"key":"SMITH"},{"data":"Battle Trance","floor":15,"key":"SMITH"},{"data":"Pommel Strike","floor":24,"key":"SMITH"},{"data":"Evolve","floor":32,"key":"SMITH"},{"data":"Offering","floor":40,"key":"SMITH"},{"floor":49,"key":"RECALL"},{"data":"Second Wind","floor":53,"key":"SMITH"}],"circlet_count":0,"master_deck":["AscendersBane","Strike_R","Defend_R","Defend_R","Defend_R","Defend_R","Sword Boomerang+1","Battle Trance+1","Berserk","Second Wind+1","Burning Pact+1","MostiFishMod:NewArrival","Pommel Strike+1","Evolve+1","Power Through","Offering+1","True Grit+1","Sword Boomerang+1","Berserk"],"relics":["Civilization","testmod-SaigiyounoYou","testmod-NegativeEmotionEnhancer","Question Card","testmod-BlackFramedGlasses","testmod-Antiphasic","Pear","ImportantClient","Tiny House","Sundial","DaveBox","BirthdayGift-Icosahedron","Turnip","Centennial Puzzle","Busted Crown","DaCapo","Toy Ornithopter","testmod-InfectionSource","Paper Frog","Orichalcum","MerchantsRug","testmod-OneHitWonder","DollysMirror","Lantern"],"acts_visited":["Exordium","TheCity","TheBeyond","TheEnding"],"potions_floor_usage":[],"damage_taken":[{"damage":4.0,"enemies":"Small Slimes","floor":1.0,"turns":3.0},{"damage":7.0,"enemies":"Jaw Worm","floor":2.0,"turns":3.0},{"damage":0,"enemies":"2 Louse","floor":4,"turns":2},{"damage":0,"enemies":"2 Fungi Beasts","floor":5,"turns":2},{"damage":16,"enemies":"Gremlin Nob","floor":6,"turns":3},{"damage":7,"enemies":"Lagavulin","floor":8,"turns":3},{"damage":0,"enemies":"Exordium Thugs","floor":10,"turns":2},{"damage":0,"enemies":"3 Louse","floor":11,"turns":1},{"damage":0,"enemies":"Gremlin Nob","floor":12,"turns":2},{"damage":3,"enemies":"The Guardian","floor":16,"turns":4},{"damage":0,"enemies":"Chosen","floor":18,"turns":1},{"damage":0,"enemies":"Shell Parasite","floor":19,"turns":1},{"damage":0,"enemies":"Snake Plant","floor":21,"turns":1},{"damage":0,"enemies":"Centurion and Healer","floor":22,"turns":2},{"damage":0,"enemies":"Slavers","floor":23,"turns":3},{"damage":0,"enemies":"Cultist and Chosen","floor":27,"turns":1},{"damage":0,"enemies":"Snake Plant","floor":28,"turns":1},{"damage":0,"enemies":"Centurion and Healer","floor":29,"turns":1},{"damage":0,"enemies":"Gremlin Leader","floor":30,"turns":1},{"damage":0,"enemies":"Automaton","floor":33,"turns":1},{"damage":0,"enemies":"3 Darklings","floor":35,"turns":1},{"damage":0,"enemies":"Orb Walker","floor":36,"turns":1},{"damage":0,"enemies":"Writhing Mass","floor":37,"turns":1},{"damage":0,"enemies":"Maw","floor":38,"turns":2},{"damage":0,"enemies":"2 Orb Walkers","floor":39,"turns":1},{"damage":0,"enemies":"Reptomancer","floor":41,"turns":1},{"damage":0,"enemies":"Nemesis","floor":44,"turns":1},{"damage":0,"enemies":"Reptomancer","floor":46,"turns":1},{"damage":0,"enemies":"Nemesis","floor":48,"turns":3},{"damage":0,"enemies":"Time Eater","floor":50,"turns":2},{"damage":0,"enemies":"Awakened One","floor":51,"turns":3},{"damage":0,"enemies":"Shield and Spear","floor":55,"turns":1},{"damage":0,"enemies":"The Heart","floor":56,"turns":4}],"seed_played":"2810635039532316036","potions_obtained":[{"floor":4,"key":"Block Potion"},{"floor":5,"key":"LiquidMemories"},{"floor":17,"key":"PowerPotion"}],"is_trial":false,"path_per_floor":["M","M","?","M","M","E","R","E","T","M","M","E","R","$","R","B",null,"M","M","$","M","M","E","R","?","T","M","M","M","E","?","R","B",null,"M","M","M","M","?","R","E","?","T","E","?","E","$","E","R","B","B",null,"R","$","E","B",null],"character_chosen":"IRONCLAD","items_purchased":["MerchantsRug","DollysMirror"],"campfire_rested":0,"item_purchase_floors":[47,54],"current_hp_per_floor":[76,79,79,88,96,91,91,106,106,127,142,168,168,168,168,185,190,208,227,227,247,269,294,294,294,294,321,349,379,412,412,412,446,446,486,527,569,612,657,657,705,705,705,754,754,806,806,859,859,913,972,972,972,972,1033,1095],"gold":710,"neow_bonus":"BOSS_RELIC","is_daily":false,"chose_seed":false,"campfire_upgraded":7,"win_rate":0.0,"timestamp":1608098179,"path_taken":["M","M","?","M","M","E","R","E","T","M","M","E","R","$","R","BOSS","M","M","$","M","M","E","R","?","T","M","M","M","E","?","R","BOSS","M","M","M","M","?","R","E","?","T","E","?","E","$","E","R","BOSS","BOSS","R","$","E","BOSS"],"items_purchased_type":["Relic","Relic"],"build_version":"2020-12-13","purchased_purges":4,"victory":true,"max_hp_per_floor":[78,82,82,88,96,105,105,115,115,127,142,168,168,168,168,185,190,208,227,227,247,269,294,294,294,294,321,349,379,412,412,412,446,446,486,527,569,612,657,657,705,705,705,754,754,806,806,859,859,913,972,972,972,972,1033,1095],"card_choices":[{"not_picked":["Anger","Intimidate","Sever Soul"],"picked":"SKIP","floor":1.0},{"not_picked":["Body Slam","Cleave","Blood for Blood"],"picked":"Sword Boomerang","floor":2},{"not_picked":["Heavy Blade","Shrug It Off","Warcry"],"picked":"Battle Trance","floor":4},{"not_picked":["Iron Wave","Armaments","Sword Boomerang"],"picked":"Berserk","floor":5},{"not_picked":["True Grit","Rupture","Iron Wave"],"picked":"Second Wind","floor":6},{"not_picked":["Uppercut","Warcry","Inflame","Clash"],"picked":"SKIP","floor":8},{"not_picked":["Clash","Twin Strike","Shrug It Off","Rampage"],"picked":"SKIP","floor":10},{"not_picked":["Inflame","Dropkick","Cleave"],"picked":"Burning Pact","floor":11},{"not_picked":["Uppercut","MostiFishMod:TemporaryOutbreak","Body Slam","Havoc"],"picked":"SKIP","floor":12},{"not_picked":["MostiFishMod:WingOfPhoenix","MostiFishMod:OrdinaryWorld","MostiFishMod:CullingBlade"],"picked":"MostiFishMod:NewArrival","floor":16},{"not_picked":["Cleave","Body Slam","Anger","Metallicize"],"picked":"SKIP","floor":18},{"not_picked":["Perfected Strike","Pummel","Wild Strike","Heavy Blade"],"picked":"SKIP","floor":19},{"not_picked":["Sever Soul","Anger","MostiFishMod:BrandingRite","Heavy Blade+1"],"picked":"SKIP","floor":21},{"not_picked":["Battle Trance","Headbutt","Flex","Armaments"],"picked":"SKIP","floor":22},{"not_picked":["Sever Soul","Second Wind","Headbutt"],"picked":"Pommel Strike","floor":23},{"not_picked":["Berserk","Body Slam","Havoc"],"picked":"Evolve","floor":27},{"not_picked":["Twin Strike","Perfected Strike","Shrug It Off","MostiFishMod:BrandingRite"],"picked":"SKIP","floor":28},{"not_picked":["Iron Wave","MostiFishMod:ChineseTea","Second Wind+1"],"picked":"Power Through","floor":29},{"not_picked":["Pommel Strike","Headbutt","True Grit","Iron Wave"],"picked":"SKIP","floor":30},{"not_picked":["MostiFishMod:OrdinaryWorld","MostiFishMod:FireWorks","MostiFishMod:PerfectStrikeMKII"],"picked":"Offering","floor":33},{"not_picked":["Twin Strike","Fire Breathing"],"picked":"SKIP","floor":35},{"not_picked":["Pommel Strike","Iron Wave"],"picked":"SKIP","floor":36},{"not_picked":["Clothesline"],"picked":"True Grit+1","floor":37},{"not_picked":["Havoc+1","Inflame"],"picked":"SKIP","floor":38},{"not_picked":["Heavy Blade","Ghostly Armor"],"picked":"SKIP","floor":41},{"not_picked":["Armaments+1","Sword Boomerang"],"picked":"SKIP","floor":44},{"not_picked":["Clothesline","Disarm"],"picked":"SKIP","floor":46},{"not_picked":["MostiFishMod:HellRitual"],"picked":"Sword Boomerang+1","floor":48},{"not_picked":["Whirlwind","Hemokinesis"],"picked":"SKIP","floor":55}],"player_experience":628286,"relics_obtained":[{"floor":1.0,"key":"Question Card"},{"floor":6,"key":"testmod-BlackFramedGlasses"},{"floor":8,"key":"testmod-Antiphasic"},{"floor":12,"key":"Pear"},{"floor":16,"key":"ImportantClient"},{"floor":23,"key":"Sundial"},{"floor":26,"key":"Turnip"},{"floor":30,"key":"Centennial Puzzle"},{"floor":39,"key":"DaCapo"},{"floor":41,"key":"Toy Ornithopter"},{"floor":43,"key":"testmod-InfectionSource"},{"floor":44,"key":"Paper Frog"},{"floor":46,"key":"Orichalcum"},{"floor":48,"key":"testmod-OneHitWonder"},{"floor":55,"key":"Lantern"}],"event_choices":[{"damage_healed":0,"gold_gain":0,"player_choice":"Ignored","damage_taken":121,"max_hp_gain":0,"max_hp_loss":0,"event_name":"betterThird:BetterSerpent","floor":3,"gold_loss":0},{"damage_healed":0,"gold_gain":0,"player_choice":"Swap Relic","damage_taken":0,"relics_obtained":["DaveBox"],"max_hp_gain":0,"max_hp_loss":0,"event_name":"Box For Yourself","floor":25,"relics_lost":["DaveBox"],"gold_loss":0},{"damage_healed":0,"gold_gain":50,"player_choice":"Steal","damage_taken":0,"max_hp_gain":0,"max_hp_loss":0,"event_name":"betterThird:BetterNest","floor":31,"gold_loss":0},{"damage_healed":0,"gold_gain":0,"player_choice":"Fight","damage_taken":0,"max_hp_gain":0,"max_hp_loss":0,"event_name":"Mysterious Sphere","floor":39,"gold_loss":0},{"damage_healed":0,"gold_gain":400,"player_choice":"Sell","damage_taken":0,"max_hp_gain":0,"max_hp_loss":0,"event_name":"Plate Of N\u0027loth","floor":42,"relics_lost":["testmod-TestBox"],"gold_loss":0},{"cards_removed":["Strike_R"],"damage_healed":0,"gold_gain":0,"player_choice":"Removed Attack","damage_taken":0,"max_hp_gain":0,"max_hp_loss":0,"event_name":"Falling","floor":45,"gold_loss":0}],"is_beta":false,"boss_relics":[{"not_picked":["testmod-BatchProcessingSystem","Runic Cube"],"picked":"Tiny House"},{"not_picked":["Calling Bell","OneHitWonderSystem"],"picked":"Busted Crown"}],"items_purged_floors":[14,20,47,54],"is_endless":false,"potions_floor_spawned":[4,5,10,16,18,27,28,29,30,36,38,48],"ascension_level":20}}