{"host":"6csbbk4539itd1k2","time":1608130050,"event":{"mods":["BaseMod","Colored Powertips","Downfall","Googly Eyes","Hermit","Minty Spire (QoL Compilation)","Replay The Spire","StSLib","SuperFastMode","The Animator","The Bug Knight","The Cursed","The Hierophant","The Necromancer","The Servant 0.9.4"],"gold_per_floor":[99,116,132,161,161,180,203,203,213,246,246,264,283,283,293,395,395,395,409,429,429,463,463,463,481,473,507,507,530,39,59,69,177,177,177,32,61,79,137,137,191,233,233,275,321,171,171,191,210,210],"floor_reached":51,"playtime":4519,"items_purged":["hexamod:Strike","hexamod:Strike","expansioncontent:DefensiveMode"],"score":878,"play_id":"eada6e01-a374-4d5d-882e-7d4e7230b971","local_time":"20201216154730","is_ascension_mode":true,"campfire_choices":[{"data":"hexamod:Float","floor":1,"key":"SMITH"},{"data":"hexamod:BurningTouch","floor":8,"key":"SMITH"},{"floor":35,"key":"DIG"},{"floor":43,"key":"REST"}],"circlet_count":0,"master_deck":["hexamod:Defend","hexamod:Defend","hexamod:Defend","hexamod:Defend+1","hexamod:Sear+1","hexamod:Float+1","hexamod:SpectralSpark","hexamod:ThermalTransfer+1","hexamod:PhantomFireball+1","hexamod:BurningTouch+1","hexamod:Firestarter+1","hexamod:FourthSeal","hexamod:FirstSeal","hexamod:DynamicBlow+1","hexamod:BurningTouch+1","hexamod:SecondSeal","hexamod:HauntingEcho","hexamod:SoulSteal+1","hexamod:Hexaguard","hexamod:SpectersWail+1","hexamod:HeatCrush+1","hexamod:SearingWound","hexamod:Hexaguard","hexamod:SixthSeal","AbeCurse","hexamod:ThirdSeal","hexamod:GhostLash+1","hexamod:HeatShield+1","hexamod:TimeWarp+1","hexamod:ThermalTransfer+1","hexamod:VolcanoVisage+1","hexamod:StepThrough+1","hexamod:Firestarter+1"],"relics":["hexamod:SpiritBrand","Anchor","Gremlin Food","Ice Cream","Fusion Hammer","MutagenicStrength","Centennial Puzzle","Sundial","Garlic","Replay:Bottled Snecko","Abe\u0027s Treasure","Molten Egg 2","Replay:Mystery Machine","Bird Faced Urn","Boot","Bottled Flame","Frozen Egg 2","Lantern","Replay:Wax Seal","Question Card"],"acts_visited":["Exordium","TheCity","TheBeyond"],"potions_floor_usage":[10,22,33,50],"damage_taken":[{"damage":0,"enemies":"Jaw Worm","floor":2,"turns":3},{"damage":0,"enemies":"2 Louse","floor":3,"turns":2},{"damage":2,"enemies":"3 Sentries","floor":4,"turns":7},{"damage":0,"enemies":"Cultist","floor":6,"turns":4},{"damage":0,"enemies":"3 Louse","floor":9,"turns":3},{"damage":0,"enemies":"Gremlin Nob","floor":10,"turns":3},{"damage":0,"enemies":"Exordium Wildlife","floor":12,"turns":3},{"damage":0,"enemies":"Red Slaver","floor":13,"turns":2},{"damage":0,"enemies":"3 Louse","floor":15,"turns":3},{"damage":56,"enemies":"downfall:Defect","floor":16,"turns":6},{"damage":0,"enemies":"Shell Parasite","floor":19,"turns":4},{"damage":21,"enemies":"Sentry and Sphere","floor":20,"turns":5},{"damage":11,"enemies":"Book of Stabbing","floor":22,"turns":6},{"damage":3,"enemies":"Centurion and Healer","floor":25,"turns":4},{"damage":7,"enemies":"HollowMod:Nosk","floor":27,"turns":6},{"damage":0,"enemies":"Snake Plant","floor":29,"turns":4},{"damage":0,"enemies":"downfall:FleeingMerchant","floor":30,"turns":4},{"damage":0,"enemies":"Shelled Parasite and Fungi","floor":31,"turns":3},{"damage":0,"enemies":"Centurion and Healer","floor":32,"turns":4},{"damage":34,"enemies":"downfall:Ironclad","floor":33,"turns":7},{"damage":0,"enemies":"downfall:FleeingMerchant","floor":36,"turns":4},{"damage":37,"enemies":"Nemesis","floor":37,"turns":7},{"damage":0,"enemies":"3 Shapes","floor":38,"turns":5},{"damage":5,"enemies":"Mind Bloom Boss Battle","floor":39,"turns":6},{"damage":4,"enemies":"Reptomancer","floor":42,"turns":5},{"damage":0,"enemies":"R_Hoarder","floor":44,"turns":7},{"damage":0,"enemies":"downfall:FleeingMerchant","floor":46,"turns":3},{"damage":0,"enemies":"3 Darklings","floor":48,"turns":3},{"damage":5,"enemies":"Jaw Worm Horde","floor":49,"turns":2},{"damage":2,"enemies":"downfall:Watcher","floor":50,"turns":6}],"seed_played":"2529999675746857162","potions_obtained":[{"floor":2,"key":"ColorlessPotion"},{"floor":6,"key":"Explosive Potion"},{"floor":10,"key":"LifebloodPotion"},{"floor":13,"key":"Weak Potion"},{"floor":16,"key":"SneckoOil"},{"floor":22,"key":"sneckomod:MuddlingPotion"},{"floor":29,"key":"hexamod:InfernoChargePotion"},{"floor":29,"key":"Weak Potion"},{"floor":33,"key":"DistilledChaos"},{"floor":42,"key":"hexamod:EctoCoolerPotion"}],"is_trial":false,"path_per_floor":["R","M","M","E","?","M","T","R","M","E","?","M","M","?","M","B",null,"R","M","M","?","E","?","T","M","?","E","?","M","$","M","M","B",null,"R","$","E","M","?","?","T","E","R","E","?","$","?","M","M","B",null],"character_chosen":"THE_SPIRIT","items_purchased":["hexamod:HeatCrush","Replay:Bottled Snecko","hexamod:SearingWound","hexamod:ThirdSeal","Replay:Wax Seal","Question Card","hexamod:StepThrough+1"],"campfire_rested":1,"item_purchase_floors":[30,30,30,36,46,46,46],"current_hp_per_floor":[70,70,70,68,68,68,68,68,68,68,68,68,68,73,75,19,75,75,75,61,47,43,80,80,80,80,80,80,80,80,80,80,46,80,80,80,50,57,59,49,49,62,80,80,80,80,80,80,80,80],"gold":210,"neow_bonus":"TRANSFORM_CARD","is_daily":false,"chose_seed":false,"campfire_upgraded":2,"win_rate":0.0,"timestamp":1608130050,"path_taken":["R","M","M","E","?","M","T","R","M","E","?","M","?","?","M","BOSS","R","M","M","?","E","?","T","?","?","E","?","M","$","M","M","BOSS","R","$","E","M","?","?","T","E","R","E","?","$","?","M","M","BOSS"],"items_purchased_type":["Card","Relic","Card","Card","Relic","Relic","Card"],"build_version":"2020-12-13","purchased_purges":3,"victory":true,"max_hp_per_floor":[70,70,70,70,70,70,70,70,70,70,70,70,70,75,75,75,75,75,75,75,80,80,80,80,80,80,80,80,80,80,80,80,80,80,80,80,80,80,80,80,80,80,80,80,80,80,80,80,80,80],"card_choices":[{"not_picked":["hexamod:BacktrackSmack","hexamod:ShieldOfDarkness"],"picked":"hexamod:SpectralSpark","floor":2},{"not_picked":["hexamod:NightmareGuise","hexamod:FastForward"],"picked":"hexamod:ThermalTransfer","floor":3},{"not_picked":["hexamod:GhostOfSpirePast","hexamod:TimeWarp"],"picked":"hexamod:PhantomFireball","floor":4},{"not_picked":["hexamod:HauntingEcho","hexamod:PhantomFireball"],"picked":"hexamod:BurningTouch","floor":6},{"not_picked":["hexamod:ThermalTransfer","hexamod:AdvancingGuard"],"picked":"hexamod:Firestarter","floor":9},{"not_picked":["hexamod:GhostflameBarrier","hexamod:SwordOfDarkness","hexamod:RainOfEmbers"],"picked":"SKIP","floor":10},{"not_picked":["hexamod:SpectersWail","hexamod:NightmareGuise"],"picked":"hexamod:FourthSeal","floor":12},{"not_picked":["hexamod:BacktrackSmack","hexamod:PowerFromBeyond"],"picked":"hexamod:FirstSeal","floor":13},{"not_picked":["hexamod:RainOfEmbers","hexamod:FastForward","hexamod:Firestarter"],"picked":"SKIP","floor":15},{"not_picked":["hexamod:FastForward+1","hexamod:GhostShield","hexamod:SpectersWail"],"picked":"SKIP","floor":19},{"not_picked":["hexamod:WildfireWeapon","hexamod:InspiringFlames","hexamod:ThermalTransfer"],"picked":"SKIP","floor":20},{"not_picked":["hexamod:EtherealExpedition","hexamod:GhostLash"],"picked":"hexamod:DynamicBlow+1","floor":22},{"not_picked":["hexamod:Firestarter","hexamod:ParanormalForm"],"picked":"hexamod:BurningTouch","floor":25},{"not_picked":["hexamod:Rewind","hexamod:GhostOfSpirePresent"],"picked":"hexamod:HauntingEcho","floor":27},{"not_picked":["hexamod:EmpoweredFlame+1","hexamod:AdvancingGuard"],"picked":"hexamod:Hexaguard","floor":29},{"not_picked":["hexamod:RetreatToShadows","hexamod:CrushingStance"],"picked":"hexamod:SpectersWail+1","floor":30},{"not_picked":["hexamod:StepThrough","hexamod:HeatMetal"],"picked":"hexamod:Hexaguard","floor":31},{"not_picked":["hexamod:ShieldOfDarkness","hexamod:SwordOfDarkness","hexamod:EmpoweredFlame"],"picked":"SKIP","floor":32},{"not_picked":["hexamod:HexaLevel","hexamod:SearingWound"],"picked":"hexamod:SixthSeal","floor":33},{"not_picked":["hexamod:SwordOfDarkness+1","hexamod:InspiringFlames","hexamod:SpectralSpark+1"],"picked":"SKIP","floor":36},{"not_picked":["hexamod:HeatCrush+1","hexamod:InspiringFlames+1"],"picked":"hexamod:GhostLash+1","floor":37},{"not_picked":["hexamod:FastForward+1","hexamod:SecondSeal","hexamod:SkipABeat+1"],"picked":"SKIP","floor":37},{"not_picked":["hexamod:RadiantFlame","hexamod:Firestarter+1"],"picked":"hexamod:HeatShield","floor":38},{"not_picked":["hexamod:InspiringFlames+1","hexamod:RainOfEmbers+1","hexamod:FastForward+1"],"picked":"SKIP","floor":38},{"not_picked":["expansioncontent:DarkVoid+1","Replay:SS_hec_4+1"],"picked":"expansioncontent:DefensiveMode","floor":40},{"not_picked":["hexamod:InspiringFlames+1","hexamod:BacktrackSmack+1"],"picked":"hexamod:TimeWarp+1","floor":42},{"not_picked":["hexamod:GhostLash+1","hexamod:ShieldOfDarkness"],"picked":"hexamod:ThermalTransfer+1","floor":42},{"not_picked":["hexamod:RetreatToShadows","hexamod:CatchUp","hexamod:InspiringFlames+1"],"picked":"SKIP","floor":44},{"not_picked":["hexamod:HeatShield","hexamod:InspiringFlames+1","hexamod:FastForward"],"picked":"SKIP","floor":44},{"not_picked":["hexamod:ShieldOfDarkness+1","hexamod:GhostShield+1"],"picked":"hexamod:VolcanoVisage+1","floor":46},{"not_picked":["hexamod:NightmareGuise+1","hexamod:InspiringFlames","hexamod:ChargedBarrage"],"picked":"hexamod:Firestarter+1","floor":48},{"not_picked":["hexamod:GhostLash+1","hexamod:PhantomFireball+1","hexamod:NightmareGuise","hexamod:GhostShield+1"],"picked":"SKIP","floor":48},{"not_picked":["hexamod:ChargedBarrage","hexamod:AdvancingGuard","hexamod:GhostLash+1","hexamod:RainOfEmbers+1"],"picked":"SKIP","floor":49},{"not_picked":["hexamod:ShieldOfDarkness+1","hexamod:RadiantFlame+1","hexamod:GhostShield","hexamod:FlamesFromBeyond"],"picked":"SKIP","floor":49}],"player_experience":152326,"relics_obtained":[{"floor":4,"key":"Anchor"},{"floor":7,"key":"Gremlin Food"},{"floor":10,"key":"Ice Cream"},{"floor":22,"key":"Centennial Puzzle"},{"floor":24,"key":"Sundial"},{"floor":27,"key":"Garlic"},{"floor":35,"key":"Molten Egg 2"},{"floor":37,"key":"Replay:Mystery Machine"},{"floor":39,"key":"Bird Faced Urn"},{"floor":41,"key":"Boot"},{"floor":42,"key":"Bottled Flame"},{"floor":44,"key":"Frozen Egg 2"},{"floor":45,"key":"Lantern"}],"event_choices":[{"damage_healed":0,"gold_gain":0,"player_choice":"Upgraded","damage_taken":0,"max_hp_gain":0,"max_hp_loss":0,"event_name":"Upgrade Shrine","floor":11,"gold_loss":0,"cards_upgraded":["hexamod:ThermalTransfer"]},{"damage_healed":0,"gold_gain":0,"player_choice":"Donut","damage_taken":0,"max_hp_gain":5,"max_hp_loss":0,"event_name":"Big Fish","floor":14,"gold_loss":0},{"damage_healed":0,"gold_gain":0,"player_choice":"Inject Mutagens","damage_taken":0,"relics_obtained":["MutagenicStrength"],"max_hp_gain":0,"max_hp_loss":0,"event_name":"Drug Dealer","floor":18,"gold_loss":0},{"cards_removed":["hexamod:HeatMetal"],"damage_healed":37,"gold_gain":0,"player_choice":"Offered Uncommon","damage_taken":0,"max_hp_gain":0,"max_hp_loss":0,"event_name":"Bonfire Elementals","floor":23,"gold_loss":0},{"damage_healed":0,"gold_gain":0,"player_choice":"Read","damage_taken":0,"max_hp_gain":0,"max_hp_loss":0,"event_name":"The Library","floor":28,"gold_loss":0,"cards_obtained":["hexamod:SoulSteal"]}],"is_beta":false,"boss_relics":[{"not_picked":["Replay:Drink Me","Ectoplasm"],"picked":"Fusion Hammer"},{"not_picked":["Painkiller Herb","Black Star"],"picked":"Abe\u0027s Treasure"}],"items_purged_floors":[30,36,46],"is_endless":false,"potions_floor_spawned":[2,6,10,13,16,25,27,29,31,33,37,48,49],"ascension_level":1}}