{"host":"iphsb0ccnjx0pfn6","time":1608124093,"event":{"mods":["2.2 Compatiblity","AchievementEnabler","BaseMod","Colored Map","DeckTracker","Keyboard Shortcuts","Minty Spire (QoL Compilation)","Permanent Neow","Quick Restart","Relic Stats","StSLib","SuperFastMode","Uncapped","everything is the same but u backflip on backflip"],"gold_per_floor":[109,119,139,139,139,166,166,200,200,200,200,200],"floor_reached":11,"playtime":307,"items_purged":[],"score":162,"play_id":"831a7d65-cb2a-4489-a978-346845679e0e","local_time":"20201216220813","is_ascension_mode":true,"campfire_choices":[{"data":"Reckless Charge","floor":7,"key":"SMITH"},{"data":"Bash","floor":10,"key":"SMITH"}],"circlet_count":0,"master_deck":["AscendersBane","Strike_R","Strike_R","Strike_R","Defend_R","Defend_R","Defend_R","Defend_R","Bash+1","Power Through","True Grit","Reckless Charge+1","Clash","Disarm"],"relics":["Burning Blood","Charon\u0027s Ashes","Letter Opener","Tiny Chest","The Courier"],"acts_visited":["Exordium"],"potions_floor_usage":[8,11],"damage_taken":[{"damage":19,"enemies":"Jaw Worm","floor":1,"turns":4},{"damage":7,"enemies":"Cultist","floor":2,"turns":4},{"damage":1,"enemies":"2 Louse","floor":3,"turns":3},{"damage":28,"enemies":"3 Sentries","floor":6,"turns":7},{"damage":22,"enemies":"Gremlin Nob","floor":8,"turns":4},{"damage":20,"enemies":"Lagavulin","floor":11,"turns":10}],"seed_played":"-8314436214288516887","potions_obtained":[{"floor":1,"key":"Weak Potion"},{"floor":3,"key":"Weak Potion"}],"is_trial":false,"path_per_floor":["M","M","M","?","?","E","R","E","T","R","E"],"character_chosen":"IRONCLAD","items_purchased":[],"campfire_rested":0,"item_purchase_floors":[],"current_hp_per_floor":[55,54,59,59,59,37,37,21,21,21,1,1],"gold":200,"neow_bonus":"ONE_RARE_RELIC","is_daily":false,"chose_seed":false,"campfire_upgraded":2,"win_rate":0.0,"timestamp":1608124093,"path_taken":["M","M","M","?","?","E","R","E","T","R","E"],"items_purchased_type":[],"build_version":"2020-12-13","purchased_purges":0,"victory":false,"max_hp_per_floor":[68,68,68,68,68,68,68,68,68,68,68,68],"relic_stats":{"counters":[6,32],"Tiny Chest":0,"Charon\u0027s Ashes":[118],"Letter Opener":[5],"obtain_stats":[{"Tiny Chest":8,"Charon\u0027s Ashes":0,"The Courier":9,"Letter Opener":6,"Burning Blood":0},{"Tiny Chest":5,"Charon\u0027s Ashes":0,"The Courier":5,"Letter Opener":4,"Burning Blood":0},{"Tiny Chest":22,"Charon\u0027s Ashes":0,"The Courier":22,"Letter Opener":18,"Burning Blood":0}],"Burning Blood":30},"card_choices":[{"not_picked":["Dual Wield","Anger"],"picked":"Power Through","floor":1},{"not_picked":["Armaments","Flex"],"picked":"True Grit","floor":2},{"not_picked":["Perfected Strike","Anger"],"picked":"Reckless Charge","floor":3},{"not_picked":["Whirlwind","Hemokinesis"],"picked":"Disarm","floor":6},{"not_picked":["Thunderclap","Headbutt","Combust"],"picked":"SKIP","floor":8}],"player_experience":1252619,"relics_obtained":[{"floor":6,"key":"Letter Opener"},{"floor":8,"key":"Tiny Chest"},{"floor":9,"key":"The Courier"}],"event_choices":[{"cards_removed":["Strike_R"],"damage_healed":0,"gold_gain":0,"player_choice":"Forget","damage_taken":0,"max_hp_gain":0,"max_hp_loss":0,"event_name":"Living Wall","floor":4,"gold_loss":0},{"damage_healed":0,"gold_gain":0,"cards_transformed":["Strike_R"],"player_choice":"Transformed","damage_taken":0,"max_hp_gain":0,"max_hp_loss":0,"event_name":"Transmorgrifier","floor":5,"gold_loss":0,"cards_obtained":["Clash"]}],"is_beta":false,"boss_relics":[],"items_purged_floors":[],"is_endless":false,"potions_floor_spawned":[1,3],"killed_by":"Lagavulin","ascension_level":20}}