{"host":"sav7uxregyirlf69","time":1608085983,"event":{"mods":["AchievementEnabler","BaseMod","Colored Map","DeckTracker","Keyboard Shortcuts","Minty Spire (QoL Compilation)","READ ME - Guardian Mod","StSLib","SuperFastMode"],"gold_per_floor":[111,386,399,68,81,109,122,151,151,165,165,165,65,65,65,65,65],"floor_reached":16,"playtime":262,"items_purged":["Regret","Strike_B"],"score":220,"play_id":"20c9f5d9-47b8-4fac-980d-da9e10beab97","local_time":"20201216113303","is_ascension_mode":true,"campfire_choices":[{"data":"Discovery","floor":11,"key":"SMITH"},{"data":"Beam Cell","floor":15,"key":"SMITH"}],"circlet_count":0,"master_deck":["AscendersBane","Strike_B","Strike_B","Defend_B","Defend_B","Defend_B","Defend_B","Zap","Dualcast","Cold Snap","Ball Lightning","Discovery+1","Beam Cell+1","Doom and Gloom"],"relics":["Cracked Core","Tiny Chest","Strawberry","Vajra","Bottled Lightning"],"acts_visited":["Exordium"],"potions_floor_usage":[16,16],"damage_taken":[{"damage":2.0,"enemies":"Jaw Worm","floor":1.0,"turns":5.0},{"damage":2.0,"enemies":"Cultist","floor":3.0,"turns":4.0},{"damage":4,"enemies":"Small Slimes","floor":5,"turns":3},{"damage":25,"enemies":"Lagavulin","floor":6,"turns":7},{"damage":6,"enemies":"Looter","floor":7,"turns":3},{"damage":6,"enemies":"Gremlin Nob","floor":8,"turns":3},{"damage":4,"enemies":"Red Slaver","floor":10,"turns":4},{"damage":25,"enemies":"Slime Boss","floor":16,"turns":6}],"seed_played":"2213829246898270041","potions_obtained":[{"floor":6,"key":"EssenceOfSteel"},{"floor":7,"key":"Block Potion"}],"is_trial":false,"path_per_floor":["M","?","M","$","M","E","M","E","T","M","R","T","$","?","R","B"],"character_chosen":"DEFECT","items_purchased":["Discovery","Tiny Chest"],"campfire_rested":0,"item_purchase_floors":[4,4],"current_hp_per_floor":[69,69,67,67,63,45,39,33,33,29,29,29,29,22,22,0,0],"gold":65,"neow_bonus":"TEN_PERCENT_HP_BONUS","is_daily":false,"chose_seed":false,"campfire_upgraded":2,"win_rate":0.0,"timestamp":1608085983,"path_taken":["M","?","M","$","M","E","?","E","T","M","R","?","$","?","R","BOSS"],"items_purchased_type":["Card","Relic"],"build_version":"2020-12-13","purchased_purges":2,"victory":false,"max_hp_per_floor":[78,78,78,78,78,85,85,85,85,85,85,85,85,85,85,85,85],"card_choices":[{"not_picked":["Beam Cell","Conserve Battery"],"picked":"Cold Snap","floor":1.0},{"not_picked":["Leap","Turbo"],"picked":"Ball Lightning","floor":3.0},{"not_picked":["Coolheaded","Rainbow"],"picked":"Beam Cell","floor":5},{"not_picked":["Force Field","Leap"],"picked":"Doom and Gloom","floor":6},{"not_picked":["Scrape","Double Energy","Barrage"],"picked":"SKIP","floor":7},{"not_picked":["Hello World","Steam","Stack"],"picked":"SKIP","floor":8},{"not_picked":["Consume","Reprogram","Heatsinks"],"picked":"SKIP","floor":10}],"player_experience":918219,"relics_obtained":[{"floor":6,"key":"Strawberry"},{"floor":8,"key":"Vajra"},{"floor":12,"key":"Bottled Lightning"}],"event_choices":[{"damage_healed":0.0,"max_hp_gain":0.0,"max_hp_loss":0.0,"gold_gain":275.0,"event_name":"Golden Shrine","player_choice":"Desecrate","floor":2.0,"gold_loss":0.0,"damage_taken":0.0,"cards_obtained":["Regret"]},{"cards_removed":["Strike_B"],"damage_healed":0,"gold_gain":0,"player_choice":"Card Removal","damage_taken":7,"max_hp_gain":0,"max_hp_loss":0,"event_name":"Golden Wing","floor":14,"gold_loss":0}],"is_beta":false,"boss_relics":[],"items_purged_floors":[4,13],"is_endless":false,"potions_floor_spawned":[6,7,10],"killed_by":"Slime Boss","ascension_level":20}}