{"host":"u4wwrwxco60h43l5","time":1608160151,"event":{"mods":["Always Whale","BaseMod","CapriCore","Koishi","Minty Spire (QoL Compilation)","Permanent Neow","StSLib","The Immortal","¡¼?Úª?ø«¡½REMEMod"],"gold_per_floor":[109,56,56,56,66,66,66,66,66,78,78,78],"floor_reached":11,"playtime":221,"items_purged":[],"score":61,"play_id":"766a5c85-bb9c-4cfa-b035-aa771fd97103","local_time":"20201217080911","is_ascension_mode":false,"campfire_choices":[{"data":"PathToVictory","floor":7,"key":"SMITH"}],"circlet_count":0,"master_deck":["Strike_P","Strike_P","Defend_P","Defend_P","Defend_P","Defend_P","Eruption","Vigilance","REME_ACTH","SashWhip","PathToVictory","PathToVictory+1","EmptyBody"],"relics":["REME_ComplimentaryCards","Snecko Eye","Mummified Hand"],"acts_visited":["Exordium"],"potions_floor_usage":[11],"damage_taken":[{"damage":0,"enemies":"Jaw Worm","floor":1,"turns":3},{"damage":8,"enemies":"Small Slimes","floor":5,"turns":4},{"damage":0,"enemies":"Cultist","floor":10,"turns":2},{"damage":62,"enemies":"Gremlin Nob","floor":11,"turns":4}],"seed_played":"2630340079697009093","potions_obtained":[{"floor":5,"key":"Explosive Potion"},{"floor":10,"key":"FearPotion"}],"is_trial":false,"path_per_floor":["M","$","?","?","M","?","R","$","T","M","E"],"character_chosen":"WATCHER","items_purchased":["PathToVictory"],"campfire_rested":0,"item_purchase_floors":[2],"current_hp_per_floor":[72,72,72,77,69,62,62,62,62,62,0,0],"gold":78,"neow_bonus":"BOSS_RELIC","is_daily":false,"chose_seed":false,"campfire_upgraded":1,"win_rate":0.0,"timestamp":1608160151,"path_taken":["M","$","?","?","M","?","R","?","T","M","E"],"items_purchased_type":["Card"],"build_version":"2020-12-13","purchased_purges":0,"victory":false,"max_hp_per_floor":[72,72,72,77,77,77,77,77,77,77,77,77],"card_choices":[{"not_picked":["Swivel","Pray"],"picked":"SashWhip","floor":1},{"not_picked":["Worship","WreathOfFlame"],"picked":"PathToVictory","floor":5},{"not_picked":["FollowUp","Halt"],"picked":"EmptyBody","floor":10}],"player_experience":116435,"relics_obtained":[{"floor":9,"key":"Mummified Hand"}],"event_choices":[{"cards_removed":["Strike_P"],"damage_healed":0,"gold_gain":0,"player_choice":"Forget","damage_taken":0,"max_hp_gain":0,"max_hp_loss":0,"event_name":"Living Wall","floor":3,"gold_loss":0},{"damage_healed":0,"gold_gain":0,"player_choice":"Donut","damage_taken":0,"max_hp_gain":5,"max_hp_loss":0,"event_name":"Big Fish","floor":4,"gold_loss":0},{"cards_removed":["Strike_P"],"damage_healed":0,"gold_gain":0,"player_choice":"Card Removal","damage_taken":7,"max_hp_gain":0,"max_hp_loss":0,"event_name":"Golden Wing","floor":6,"gold_loss":0}],"is_beta":false,"boss_relics":[],"items_purged_floors":[],"is_endless":false,"potions_floor_spawned":[5,10],"killed_by":"Gremlin Nob","ascension_level":0}}