{"host":"0ueeacaatm8t6jyh","time":1608142588,"event":{"mods":["AchievementEnabler","BaseMod","Colored Powertips","Minty Spire (QoL Compilation)","Quick Restart","Rare Cards Sparkle","Shop Mod","StSLib"],"gold_per_floor":[118,118,118,37,57,57,95,114,114,114,129,129,129,79,79,200,200,219,219,144,144,69,69,69],"floor_reached":23,"playtime":634,"items_purged":["Strike_G"],"score":273,"play_id":"16675651-7d35-4ca3-a366-d08b8d44179b","local_time":"20201217021628","is_ascension_mode":true,"campfire_choices":[{"floor":6.0,"key":"RECALL"},{"data":"Underhanded Strike","floor":10.0,"key":"SMITH"},{"data":"Crippling Poison","floor":15.0,"key":"SMITH"}],"circlet_count":0,"master_deck":["Strike_G","Strike_G","Defend_G","Defend_G","Defend_G","Defend_G","Survivor","Neutralize","Noxious Fumes","Crippling Poison+1","Underhanded Strike+1","Leg Sweep","Crippling Poison","Die Die Die","Heel Hook"],"relics":["Ring of the Serpent","NeowsBlessing","Bloody Idol","Gambling Chip","Ice Cream","Matryoshka","Pear"],"acts_visited":["Exordium","TheCity"],"potions_floor_usage":[23],"damage_taken":[{"damage":0.0,"enemies":"Small Slimes","floor":1.0,"turns":1.0},{"damage":0.0,"enemies":"Jaw Worm","floor":5.0,"turns":1.0},{"damage":0.0,"enemies":"Lagavulin","floor":7.0,"turns":1.0},{"damage":0.0,"enemies":"2 Louse","floor":8.0,"turns":4.0},{"damage":5.0,"enemies":"Blue Slaver","floor":11.0,"turns":3.0},{"damage":25.0,"enemies":"The Guardian","floor":16.0,"turns":12.0},{"damage":6.0,"enemies":"Shell Parasite","floor":18.0,"turns":9.0},{"damage":59,"enemies":"Slavers","floor":23,"turns":5}],"seed_played":"3021354904577798878","potions_obtained":[{"floor":1.0,"key":"DuplicationPotion"},{"floor":16.0,"key":"LiquidMemories"}],"is_trial":false,"path_per_floor":["M","?","T","$","M","R","E","M","T","R","M","?","?","?","R","B",null,"M","?","?","?","$","E"],"character_chosen":"THE_SILENT","items_purchased":["Crippling Poison"],"campfire_rested":0,"item_purchase_floors":[4],"current_hp_per_floor":[63,46,46,46,46,46,46,46,46,46,41,44,44,44,44,19,65,59,59,59,59,59,0,0],"gold":69,"neow_bonus":"THREE_ENEMY_KILL","is_daily":false,"chose_seed":false,"campfire_upgraded":2,"win_rate":0.0,"timestamp":1608142588,"path_taken":["M","?","?","$","M","R","E","M","T","R","M","?","?","?","R","BOSS","M","?","?","?","$","E"],"items_purchased_type":["Card"],"build_version":"2020-12-13","purchased_purges":1,"victory":false,"max_hp_per_floor":[70,70,70,70,70,70,70,70,70,70,70,80,80,80,80,80,80,80,80,80,80,80,80,80],"card_choices":[{"not_picked":["Backflip","Deflect"],"picked":"Noxious Fumes","floor":1.0},{"not_picked":["Acrobatics","Sucker Punch","Slice"],"picked":"SKIP","floor":5.0},{"not_picked":["Deflect","Slice","Accuracy"],"picked":"SKIP","floor":7.0},{"not_picked":["Dagger Spray","Dagger Throw"],"picked":"Underhanded Strike","floor":8.0},{"not_picked":["Deflect","Endless Agony"],"picked":"Leg Sweep","floor":11.0},{"not_picked":["Tools of the Trade","After Image"],"picked":"Die Die Die","floor":16.0},{"not_picked":["Prepared","PiercingWail"],"picked":"Heel Hook","floor":18.0}],"player_experience":266049,"relics_obtained":[{"floor":3.0,"key":"Gambling Chip"},{"floor":7.0,"key":"Ice Cream"},{"floor":9.0,"key":"Matryoshka"}],"event_choices":[{"damage_healed":0.0,"max_hp_gain":0.0,"max_hp_loss":0.0,"gold_gain":0.0,"event_name":"Golden Idol","player_choice":"Take Damage","floor":2.0,"gold_loss":0.0,"damage_taken":17.0,"relics_obtained":["Golden Idol"]},{"damage_healed":0.0,"max_hp_gain":0.0,"max_hp_loss":0.0,"gold_gain":0.0,"event_name":"Scrap Ooze","player_choice":"Success","floor":12.0,"gold_loss":0.0,"damage_taken":7.0,"relics_obtained":["Pear"]},{"damage_healed":0.0,"max_hp_gain":0.0,"max_hp_loss":0.0,"gold_gain":0.0,"cards_transformed":["Strike_G"],"event_name":"Living Wall","player_choice":"Change","floor":13.0,"gold_loss":0.0,"damage_taken":0.0,"cards_obtained":["Crippling Poison"]},{"cards_removed":["Strike_G"],"damage_healed":0.0,"max_hp_gain":0.0,"max_hp_loss":0.0,"gold_gain":0.0,"event_name":"The Cleric","player_choice":"Card Removal","floor":14.0,"gold_loss":50.0,"damage_taken":0.0},{"damage_healed":0.0,"max_hp_gain":0.0,"max_hp_loss":0.0,"gold_gain":0.0,"event_name":"Forgotten Altar","player_choice":"Gave Idol","floor":19.0,"relics_lost":["Golden Idol"],"gold_loss":0.0,"damage_taken":0.0,"relics_obtained":["Bloody Idol"]},{"cards_removed":["Defend_G"],"damage_healed":0.0,"max_hp_gain":0.0,"max_hp_loss":0.0,"gold_gain":0.0,"event_name":"Beggar","player_choice":"Gave Gold","floor":20.0,"gold_loss":75.0,"damage_taken":0.0},{"damage_healed":0.0,"max_hp_gain":0.0,"max_hp_loss":0.0,"gold_gain":0.0,"event_name":"Vampires","player_choice":"Ignored","floor":21.0,"gold_loss":0.0,"damage_taken":0.0}],"is_beta":false,"boss_relics":[{"not_picked":["Philosopher\u0027s Stone","HoveringKite"],"picked":"Ring of the Serpent"}],"items_purged_floors":[22],"is_endless":false,"potions_floor_spawned":[1,16],"killed_by":"Slavers","ascension_level":6}}