{"host":"5ty8fyb0ngp9gspj","time":1608100856,"event":{"mods":["2.2 Compatiblity","AchievementEnabler","Act Like it!","BaseMod","Colored Map","Downfall","Minty Spire (QoL Compilation)","Rare Cards Sparkle","StSLib"],"gold_per_floor":[99,99,46,71,71,90,115,127,146,146,159,169,169,195,209,312,312,237,237,249,249,249,249,249,174,192,224,236,251,87,105,117,213,213,138,138,138,138,369,380,380,380,400,400,400,54,67,67,87,87,87],"floor_reached":50,"playtime":3256,"items_purged":[],"score":567,"play_id":"e184cba3-d0d9-4ec8-96ec-1a89e22dc488","local_time":"20201216174056","is_ascension_mode":false,"campfire_choices":[{"data":"champ:Taunt","floor":1,"key":"SMITH"},{"data":"champ:PerfectedStrike","floor":5,"key":"SMITH"},{"data":"champ:Backstep","floor":10,"key":"SMITH"},{"data":"champ:Devastate","floor":18,"key":"SMITH"},{"floor":23,"key":"RECALL"},{"data":"champ:BerserkerStyle","floor":25,"key":"SMITH"},{"data":"champ:HeavySlash","floor":35,"key":"SMITH"},{"data":"champ:PerfectedStrike","floor":38,"key":"SMITH"},{"data":"Discovery","floor":42,"key":"SMITH"},{"data":"champ:BladeFlurry","floor":44,"key":"SMITH"}],"circlet_count":0,"master_deck":["champ:Strike","champ:Strike","champ:Strike","champ:Defend","champ:Defend","champ:Defend","champ:Execute","champ:Taunt+1","champ:PerfectedStrike+1","champ:PerfectedStrike+1","champ:FlashCut","champ:ArenaPreparation","champ:FlashCut","champ:ShieldThrow","champ:Backstep+1","champ:BerserkerStyle+1","champ:FanOfKnives","champ:Devastate+1","champ:CheapShot","champ:AdrenalArmor+1","champ:FaceSlap","champ:FalseCounter+1","champ:VampiricStrike","champ:HeavySlash+1","champ:IronFortress","champ:Circumvent+1","champ:MurderStrike","champ:BladeFlurry+1","Discovery+1","champ:SkillfulDodge+1","champ:IronFortress+1","champ:HoldFirm","expansioncontent:DashGenerateEvil","champ:TornadoPunch","champ:Riposte+1"],"relics":["champ:ChampionCrown","downfall:HeartsMalice","Blood Vial","Lantern","champ:LiftRelic","sneckomod:SneckoTalon","downfall:HeartBlessingBlue","champ:GladiatorsBookOfMartialProwess","Oddly Smooth Stone","downfall:HeartBlessingRed","champ:DefensiveTrainingManual","Snecko Eye","downfall:HeartBlessingGreen","Kunai"],"acts_visited":["Exordium","TheCity","TheBeyond"],"potions_floor_usage":[37,50,50],"damage_taken":[{"damage":0,"enemies":"Small Slimes","floor":2,"turns":1},{"damage":0,"enemies":"downfall:FleeingMerchant","floor":3,"turns":1},{"damage":0,"enemies":"Gremlin Nob","floor":4,"turns":1},{"damage":7,"enemies":"Jaw Worm","floor":6,"turns":2},{"damage":7,"enemies":"2 Louse","floor":8,"turns":2},{"damage":5,"enemies":"Blue Slaver","floor":9,"turns":2},{"damage":10,"enemies":"Exordium Thugs","floor":11,"turns":2},{"damage":5,"enemies":"2 Fungi Beasts","floor":12,"turns":2},{"damage":17,"enemies":"Lots of Slimes","floor":15,"turns":4},{"damage":57,"enemies":"downfall:Watcher","floor":16,"turns":10},{"damage":10,"enemies":"Chosen","floor":20,"turns":4},{"damage":0,"enemies":"Spheric Guardian","floor":26,"turns":2},{"damage":32,"enemies":"Slavers","floor":27,"turns":5},{"damage":12,"enemies":"Cultist and Chosen","floor":28,"turns":5},{"damage":37,"enemies":"Shelled Parasite and Fungi","floor":29,"turns":5},{"damage":10,"enemies":"downfall:FleeingMerchant","floor":30,"turns":5},{"damage":8,"enemies":"Snecko","floor":31,"turns":3},{"damage":10,"enemies":"Chosen and Byrds","floor":32,"turns":4},{"damage":36,"enemies":"downfall:Defect","floor":33,"turns":7},{"damage":15,"enemies":"Reptomancer","floor":37,"turns":5},{"damage":11,"enemies":"downfall:FleeingMerchant","floor":39,"turns":2},{"damage":8,"enemies":"Orb Walker","floor":40,"turns":2},{"damage":2,"enemies":"3 Shapes","floor":43,"turns":4},{"damage":22,"enemies":"Jaw Worm Horde","floor":47,"turns":4},{"damage":0,"enemies":"Transient","floor":49,"turns":5},{"damage":95,"enemies":"downfall:Silent","floor":50,"turns":10}],"seed_played":"-6740223673722714134","potions_obtained":[{"floor":4,"key":"Strength Potion"},{"floor":6,"key":"LiquidBronze"},{"floor":12,"key":"SteroidPotion"},{"floor":16,"key":"SmokeBomb"},{"floor":40,"key":"Swift Potion"}],"is_trial":false,"path_per_floor":["R","M","$","E","R","M","T","M","M","R","M","M","?","T","M","B",null,"R","?","M","?","?","R","T","R","M","E","M","M","$","M","M","B",null,"R","?","E","R","$","M","T","R","M","R","?","$","M","?","M","B"],"character_chosen":"THE_CHAMP","items_purchased":["champ:FlashCut","champ:HeavySlash","Discovery","champ:HoldFirm","expansioncontent:DashGenerateEvil"],"campfire_rested":0,"item_purchase_floors":[3,30,39,46,46],"current_hp_per_floor":[90,90,90,90,90,88,88,88,90,90,90,90,90,90,85,42,90,100,100,100,100,100,100,100,100,100,78,80,55,57,73,75,79,100,100,100,95,95,100,92,92,92,94,94,94,94,88,88,90,0,0],"gold":87,"neow_bonus":"THREE_ENEMY_KILL","is_daily":false,"chose_seed":false,"campfire_upgraded":9,"win_rate":0.0,"timestamp":1608100856,"path_taken":["R","M","$","E","R","M","T","M","M","R","M","M","?","?","M","BOSS","R","?","M","?","?","R","T","R","M","E","M","M","$","M","M","BOSS","R","?","E","R","?","M","T","R","M","R","?","$","M","?","M","BOSS"],"items_purchased_type":["Card","Card","Card","Card","Card"],"build_version":"2020-12-13","purchased_purges":0,"victory":false,"max_hp_per_floor":[90,90,90,90,90,90,90,90,90,90,90,90,90,90,90,90,90,100,100,100,100,100,100,100,100,100,100,100,100,100,100,100,100,100,100,100,100,100,100,100,100,100,100,100,100,100,100,100,100,100,100],"card_choices":[{"not_picked":["champ:DeathBlow","champ:Shatter"],"picked":"champ:PerfectedStrike","floor":2},{"not_picked":["champ:DefensiveShout","champ:Encircle"],"picked":"champ:PerfectedStrike","floor":3},{"not_picked":["champ:PreciseThrust","champ:EndlessRage"],"picked":"champ:ArenaPreparation","floor":4},{"not_picked":["champ:EndlessRage","champ:AdrenalArmor"],"picked":"champ:FlashCut","floor":6},{"not_picked":["champ:FlashCut","champ:BringItOn"],"picked":"champ:ShieldThrow","floor":8},{"not_picked":["champ:CrookedStrike","champ:StanceDance"],"picked":"champ:Backstep","floor":9},{"not_picked":["champ:PerfectedStrike","champ:Haymaker"],"picked":"champ:BerserkerStyle","floor":11},{"not_picked":["champ:Haymaker","champ:BladeFlurry"],"picked":"champ:FanOfKnives","floor":12},{"not_picked":["champ:Riposte","champ:AdrenalArmor"],"picked":"champ:Devastate","floor":15},{"not_picked":["champ:PerfectForm","champ:DancingMaster"],"picked":"champ:CheapShot","floor":16},{"not_picked":["champ:BladeFlurry","champ:IronFortress"],"picked":"champ:BringItOn","floor":20},{"not_picked":["champ:FalseCounter","champ:PerfectedStrike"],"picked":"champ:AdrenalArmor+1","floor":26},{"not_picked":["champ:BladeFlurry","champ:FanOfKnives+1"],"picked":"champ:FaceSlap","floor":27},{"not_picked":["champ:FlashCut+1","champ:Backstep"],"picked":"champ:FalseCounter+1","floor":28},{"not_picked":["champ:Haymaker","champ:BladeFlurry"],"picked":"champ:VampiricStrike","floor":29},{"not_picked":["champ:FanOfKnives","champ:BringItOn","champ:ArenaPreparation+1"],"picked":"SKIP","floor":30},{"not_picked":["champ:BringItOn+1","champ:BerserkersShout"],"picked":"champ:IronFortress","floor":31},{"not_picked":["champ:CrookedStrike","champ:FaceSlap"],"picked":"champ:Circumvent+1","floor":32},{"not_picked":["champ:VampiricStrike","champ:ShieldThrow"],"picked":"champ:MurderStrike","floor":33},{"not_picked":["champ:Backstep+1","champ:ArenaPreparation+1"],"picked":"champ:BladeFlurry","floor":39},{"not_picked":["champ:PreciseThrust","champ:CrookedStrike+1"],"picked":"champ:SkillfulDodge+1","floor":40},{"not_picked":["champ:GladiatorsShout","champ:Backstep"],"picked":"champ:IronFortress+1","floor":43},{"not_picked":["champ:FlashCut","champ:Circumvent+1"],"picked":"champ:TornadoPunch","floor":47},{"not_picked":["champ:CrookedStrike+1","champ:BladeFlurry"],"picked":"champ:Riposte+1","floor":49}],"player_experience":284767,"relics_obtained":[{"floor":4,"key":"Blood Vial"},{"floor":7,"key":"Lantern"},{"floor":24,"key":"Oddly Smooth Stone"},{"floor":27,"key":"champ:DefensiveTrainingManual"},{"floor":41,"key":"Kunai"}],"event_choices":[{"cards_removed":["champ:BringItOn"],"damage_healed":0,"gold_gain":0,"player_choice":"Removed Skill","damage_taken":0,"max_hp_gain":0,"max_hp_loss":0,"event_name":"Falling","floor":45,"gold_loss":0},{"cards_removed":["champ:Defend"],"damage_healed":0,"gold_gain":0,"player_choice":"Purged","damage_taken":0,"max_hp_gain":0,"max_hp_loss":0,"event_name":"Purifier","floor":48,"gold_loss":0}],"is_beta":false,"boss_relics":[{"not_picked":["Runic Dome","SlaversCollar"],"picked":"sneckomod:SneckoTalon"},{"not_picked":["Tiny House","Sozu"],"picked":"Snecko Eye"}],"items_purged_floors":[],"is_endless":false,"potions_floor_spawned":[4,6,12,15,16,26,27,32,37,40],"killed_by":"downfall:Silent","ascension_level":0}}