{"host":"tbhNathan","time":1608105633,"event":{"mods":["AchievementEnabler","BaseMod","Better Third Choice","Highlight Path","Minty Spire (QoL Compilation)","StSLib","The Hierophant"],"gold_per_floor":[115,115,176,188,200,235,235,5,57,82,132,165,177,204,204,204,204],"floor_reached":16,"playtime":1181,"items_purged":[],"score":120,"play_id":"d2181975-4742-4805-9e93-b8733d596978","local_time":"20201216080033","is_ascension_mode":false,"campfire_choices":[{"data":"ThirdEye","floor":7,"key":"SMITH"},{"floor":15,"key":"REST"}],"circlet_count":0,"master_deck":["Strike_P","Strike_P","Strike_P","Strike_P","Defend_P","Defend_P","Defend_P","Defend_P","Eruption","Vigilance","Consecrate","EmptyMind","Brilliance","FlurryOfBlows","ThirdEye+1","InnerPeace","CrushJoints","EmptyBody","Burn","Alpha","FollowUp","FlurryOfBlows"],"relics":["PureWater","Art of War","SsserpentHead","Pantograph","Melange","Toy Ornithopter","Strawberry","Smiling Mask"],"acts_visited":["Exordium"],"potions_floor_usage":[6,6,16,16],"damage_taken":[{"damage":2,"enemies":"Jaw Worm","floor":1,"turns":4},{"damage":0,"enemies":"Cultist","floor":3,"turns":2},{"damage":0,"enemies":"2 Louse","floor":4,"turns":3},{"damage":0,"enemies":"Large Slime","floor":5,"turns":4},{"damage":18,"enemies":"Gremlin Nob","floor":6,"turns":3},{"damage":20,"enemies":"Lagavulin","floor":12,"turns":5},{"damage":8,"enemies":"Looter","floor":13,"turns":4},{"damage":3,"enemies":"Gremlin Nob","floor":14,"turns":3},{"damage":85,"enemies":"The Guardian","floor":16,"turns":8}],"seed_played":"-6784855739240747046","potions_obtained":[{"floor":4,"key":"Block Potion"},{"floor":5,"key":"SkillPotion"},{"floor":12,"key":"Swift Potion"},{"floor":14,"key":"Fire Potion"}],"is_trial":false,"path_per_floor":["M","?","M","M","M","E","R","$","T","?","?","E","M","E","R","B"],"character_chosen":"WATCHER","items_purchased":["Melange","InnerPeace","CrushJoints","EmptyBody"],"campfire_rested":1,"item_purchase_floors":[8,8,8,8],"current_hp_per_floor":[70,70,70,70,70,52,52,52,52,52,52,39,31,28,51,0,0],"gold":204,"neow_bonus":"RANDOM_COMMON_RELIC","is_daily":false,"chose_seed":false,"campfire_upgraded":1,"win_rate":0.0,"timestamp":1608105633,"path_taken":["M","?","?","M","M","E","R","?","T","?","?","E","M","E","R","BOSS"],"items_purchased_type":["Relic","Card","Card","Card"],"build_version":"2020-12-07","purchased_purges":0,"victory":false,"max_hp_per_floor":[72,72,72,72,72,72,72,72,72,72,72,79,79,79,79,79,79],"card_choices":[{"not_picked":["FlurryOfBlows","Protect"],"picked":"Consecrate","floor":1},{"not_picked":["Perseverance","Protect"],"picked":"EmptyMind","floor":3},{"not_picked":["Protect","Collect"],"picked":"Brilliance","floor":4},{"not_picked":["ClearTheMind","WheelKick"],"picked":"FlurryOfBlows","floor":5},{"not_picked":["EmptyBody","Crescendo"],"picked":"ThirdEye","floor":6},{"not_picked":["ThirdEye","EmptyBody"],"picked":"Alpha","floor":12},{"not_picked":["DeceiveReality","SashWhip"],"picked":"FollowUp","floor":13},{"not_picked":["Protect","Prostrate"],"picked":"FlurryOfBlows","floor":14}],"player_experience":163165,"relics_obtained":[{"floor":6,"key":"Pantograph"},{"floor":9,"key":"Toy Ornithopter"},{"floor":12,"key":"Strawberry"},{"floor":14,"key":"Smiling Mask"}],"event_choices":[{"damage_healed":0,"gold_gain":0,"player_choice":"Trade","damage_taken":0,"relics_obtained":["SsserpentHead"],"max_hp_gain":0,"max_hp_loss":0,"event_name":"FaceTrader","floor":2,"gold_loss":0},{"damage_healed":0,"gold_gain":0,"player_choice":"Left","damage_taken":0,"max_hp_gain":0,"max_hp_loss":0,"event_name":"betterThird:BetterGoop","floor":10,"gold_loss":25},{"damage_healed":52,"gold_gain":0,"player_choice":"Embrace Burn","damage_taken":0,"max_hp_gain":0,"max_hp_loss":72,"event_name":"betterThird:BetterShining","floor":11,"gold_loss":0}],"is_beta":true,"boss_relics":[],"items_purged_floors":[],"is_endless":false,"potions_floor_spawned":[4,5,12,14],"killed_by":"The Guardian","ascension_level":0}}