{"host":"5uvzo7moqy5vd63g","time":1608139941,"event":{"mods":["Aspiration","BaseMod","Conspire","Dio Mod","Downfall","Hermit","Hubris","Jedi Mod","Jorbs\u0027s Wanderer Trilogy","Mimic Mod","Minty Spire (QoL Compilation)","Replay The Spire","StSLib","The Animator","Wandering Minibosses"],"gold_per_floor":[117,148,148,1,29,29,55,55,82,82,99,121,121,133,227,327,327,341,48,18,18],"floor_reached":20,"playtime":1290,"items_purged":["animator:TsurugaMeisai"],"score":215,"play_id":"e4b9ca30-10e8-4f22-bbeb-33399493f3e3","local_time":"20201216123221","is_ascension_mode":true,"campfire_choices":[{"data":"animator:Fredrika","floor":6,"key":"SMITH"},{"data":"animator:ElricAlphonse","floor":10,"key":"SMITH"}],"circlet_count":0,"master_deck":["animator:ElricEdward","animator:ElricAlphonse+1","animator:Fredrika+1","animator:AcuraTooru","animator:WinryRockbell","animator:Viivi","animator:Sloth","animator:Pride","animator:NarberalGamma","animator:Father","animator:Aisha","animator:Viivi","animator:Lu","animator:MadokaKaname","animator:Melzalgald","animator:Albedo","animator:Yoichi","animator:Layla","animator:CrowleyEusford","animator:ElricEdward","animator:GuildGirl"],"relics":["animator:LivingPicture","animator:TheMissingPiece","animator:PurgingStone","NeowsBlessing","Gremlin Food","PreservedInsect","Ancient Tea Set","Pandora\u0027s Box","OrangePellets"],"acts_visited":["Exordium","TheCity"],"potions_floor_usage":[16,16,18,18,20],"damage_taken":[{"damage":0,"enemies":"Small Slimes","floor":1,"turns":1},{"damage":0,"enemies":"conspire:MimicChest","floor":2,"turns":1},{"damage":0,"enemies":"Jaw Worm","floor":5,"turns":1},{"damage":25,"enemies":"Lagavulin","floor":7,"turns":7},{"damage":2,"enemies":"Cultist","floor":11,"turns":7},{"damage":0,"enemies":"Looter","floor":12,"turns":3},{"damage":5,"enemies":"2 Fungi Beasts","floor":14,"turns":4},{"damage":11,"enemies":"Slime Boss","floor":16,"turns":6},{"damage":52,"enemies":"Shell Parasite","floor":18,"turns":6},{"damage":14,"enemies":"2 Thieves","floor":20,"turns":1}],"seed_played":"-304024268054849506","potions_obtained":[{"floor":1,"key":"jedi:StrikingPotion"},{"floor":7,"key":"Block Potion"},{"floor":12,"key":"PowerPotion"},{"floor":16,"key":"jedi:hoardpotion"},{"floor":18,"key":"Adrenaline Potion"}],"is_trial":false,"path_per_floor":["M","?","?","$","M","R","E","$","T","R","M","M","?","M","R","B",null,"M","$","M"],"character_chosen":"THE_ANIMATOR","items_purchased":["PreservedInsect","OrangePellets","animator:GuildGirl"],"campfire_rested":0,"item_purchase_floors":[4,19,19],"current_hp_per_floor":[66,66,66,66,66,66,41,41,41,41,40,40,40,35,35,25,57,5,5,0,0],"gold":18,"neow_bonus":"THREE_ENEMY_KILL","is_daily":false,"chose_seed":false,"campfire_upgraded":2,"win_rate":0.0,"timestamp":1608139941,"path_taken":["M","?","?","$","?","R","E","$","T","R","M","M","?","M","R","BOSS","M","$","M"],"items_purchased_type":["Relic","Relic","Card"],"build_version":"2020-12-13","purchased_purges":1,"victory":false,"max_hp_per_floor":[66,66,66,66,66,66,66,66,66,66,67,67,67,67,67,68,68,68,68,68,68],"card_choices":[{"not_picked":["animator:Lu","animator:KyokoSakura"],"picked":"animator:Fredrika","floor":1},{"not_picked":["animator:Witch","animator:HighElfArcher"],"picked":"animator:AcuraTooru","floor":2},{"not_picked":["animator:CrowleyEusford","animator:KrulTepes"],"picked":"animator:WinryRockbell","floor":5},{"not_picked":["animator:Gluttony","animator:Guy"],"picked":"animator:Viivi","floor":7},{"not_picked":["animator:ElricEdward","animator:ElricAlphonse"],"picked":"animator:Sloth","floor":11},{"not_picked":["animator:GuildGirl","animator:MaesHughes"],"picked":"animator:Pride","floor":12},{"not_picked":["animator:Tatsumaki","animator:ElricAlphonse"],"picked":"animator:NarberalGamma","floor":14},{"not_picked":["animator:Boros","animator:Biyorigo"],"picked":"animator:Father","floor":16}],"player_experience":1346970,"relics_obtained":[{"floor":2,"key":"Gremlin Food"},{"floor":7,"key":"Ancient Tea Set"}],"event_choices":[{"damage_healed":0,"gold_gain":0,"cards_transformed":["animator:Strike"],"player_choice":"Transformed","damage_taken":0,"max_hp_gain":0,"max_hp_loss":0,"event_name":"Transmorgrifier","floor":3,"gold_loss":0,"cards_obtained":["animator:TsurugaMeisai"]}],"is_beta":false,"boss_relics":[{"not_picked":["hubris:Stopwatch","aspiration:WatcherSkillbook"],"picked":"Pandora\u0027s Box"}],"items_purged_floors":[19],"is_endless":false,"potions_floor_spawned":[1,7,12,16,18],"killed_by":"2 Thieves","ascension_level":5}}