{"host":"us3h3uu81h0qiv17","time":1608099163,"event":{"mods":["AchievementEnabler","BaseMod","Colored Map","Colored Powertips","DeckTracker","Highlight Path","Keyboard Shortcuts","Minty Spire (QoL Compilation)","Quick Restart","Relic Stats","StSLib","SuperFastMode"],"gold_per_floor":[109,109,109,109,126,160,160,193,193,193,210,210,228,228,228,332,382,394,63,243,46,62,62,89,107,107,139,139,159,159,139,139,241,241,254,271,271,29,29,29,29,40,40,40,67,67,81,95,95,95,95],"floor_reached":50,"playtime":1827,"items_purged":["Strike_G","Defend_G"],"score":788,"play_id":"7e425d06-ebf4-4c9f-8791-7e703719590a","local_time":"20201216151243","is_ascension_mode":true,"campfire_choices":[{"data":"Neutralize","floor":7.0,"key":"SMITH"},{"data":"Backstab","floor":10.0,"key":"SMITH"},{"data":"Choke","floor":12.0,"key":"SMITH"},{"data":"Backstab","floor":15.0,"key":"SMITH"},{"floor":23.0,"key":"REST"},{"data":"Blade Dance","floor":32.0,"key":"SMITH"},{"data":"Acrobatics","floor":40.0,"key":"SMITH"},{"data":"Reflex","floor":46,"key":"SMITH"},{"floor":49,"key":"REST"}],"circlet_count":0,"master_deck":["Strike_G","Strike_G","Strike_G","Defend_G+1","Defend_G","Defend_G","Survivor","Neutralize+1","Infinite Blades+1","Choke+1","Cloak And Dagger","Backstab+1","Reflex+1","Backstab+1","Die Die Die","Quick Slash","Blade Dance+1","Acrobatics+1","Backflip","Blade Dance+1","Prepared+1","Storm of Steel+1","CurseOfTheBell","Dagger Throw+1","Backflip+1","Panacea+1","Secret Weapon+1","Storm of Steel+1"],"relics":["Ring of the Snake","NeowsBlessing","Meat on the Bone","Ancient Tea Set","HornCleat","Tiny House","Tiny Chest","Nunchaku","Lizard Tail","Darkstone Periapt","Dream Catcher","Toxic Egg 2","Calling Bell","Anchor","Kunai","Mango","Mummified Hand","Ornamental Fan","Bottled Flame"],"acts_visited":["Exordium","TheCity","TheBeyond"],"potions_floor_usage":[45,48,50,50],"damage_taken":[{"damage":0.0,"enemies":"2 Louse","floor":1.0,"turns":1.0},{"damage":0.0,"enemies":"Jaw Worm","floor":5.0,"turns":1.0},{"damage":0.0,"enemies":"Gremlin Nob","floor":6.0,"turns":1.0},{"damage":17.0,"enemies":"Lagavulin","floor":8.0,"turns":8.0},{"damage":0.0,"enemies":"Small Slimes","floor":11.0,"turns":3.0},{"damage":0.0,"enemies":"Red Slaver","floor":13.0,"turns":1.0},{"damage":28.0,"enemies":"The Guardian","floor":16.0,"turns":15.0},{"damage":11.0,"enemies":"2 Thieves","floor":18.0,"turns":3.0},{"damage":19.0,"enemies":"Chosen","floor":22.0,"turns":5.0},{"damage":4.0,"enemies":"Gremlin Leader","floor":24.0,"turns":5.0},{"damage":7.0,"enemies":"Shelled Parasite and Fungi","floor":25.0,"turns":5.0},{"damage":0.0,"enemies":"Book of Stabbing","floor":27.0,"turns":3.0},{"damage":0.0,"enemies":"Snake Plant","floor":29.0,"turns":3.0},{"damage":66.0,"enemies":"Automaton","floor":33.0,"turns":8.0},{"damage":0.0,"enemies":"Orb Walker","floor":35.0,"turns":2.0},{"damage":11.0,"enemies":"3 Shapes","floor":36.0,"turns":3.0},{"damage":0.0,"enemies":"Writhing Mass","floor":37.0,"turns":1.0},{"damage":0.0,"enemies":"Sphere and 2 Shapes","floor":42.0,"turns":4.0},{"damage":26,"enemies":"Giant Head","floor":45,"turns":6},{"damage":0,"enemies":"Jaw Worm Horde","floor":47,"turns":3},{"damage":0,"enemies":"3 Darklings","floor":48,"turns":3},{"damage":98,"enemies":"Donu and Deca","floor":50,"turns":9}],"seed_played":"67669933648110263","potions_obtained":[{"floor":5.0,"key":"Fire Potion"},{"floor":8.0,"key":"DuplicationPotion"},{"floor":16.0,"key":"AttackPotion"},{"floor":17.0,"key":"CultistPotion"},{"floor":24.0,"key":"DuplicationPotion"},{"floor":27.0,"key":"CultistPotion"},{"floor":29.0,"key":"SmokeBomb"},{"floor":31.0,"key":"DistilledChaos"},{"floor":35.0,"key":"Ancient Potion"},{"floor":45,"key":"Poison Potion"},{"floor":48,"key":"Weak Potion"}],"is_trial":false,"path_per_floor":["M","?","?","?","M","E","R","E","T","R","M","R","M","?","R","B",null,"M","$","?","$","M","R","E","M","T","E","?","M","T","?","R","B",null,"M","M","M","$","?","R","?","M","T","T","E","R","M","M","R","B"],"character_chosen":"THE_SILENT","items_purchased":["Blade Dance","Acrobatics","Tiny Chest","Backflip","Nunchaku","Backflip+1","Panacea+1"],"campfire_rested":2,"item_purchase_floors":[19,19,19,21,21,38,38],"current_hp_per_floor":[63,56,56,56,56,56,56,39,39,39,39,39,39,39,39,23,63,52,52,33,33,26,48,44,49,49,49,49,49,49,49,49,49,89,89,78,78,78,78,78,78,78,78,78,52,52,52,52,80,0,0],"gold":95,"neow_bonus":"THREE_ENEMY_KILL","is_daily":false,"chose_seed":false,"campfire_upgraded":7,"win_rate":0.0,"timestamp":1608099163,"path_taken":["M","?","?","?","M","E","R","E","T","R","?","R","?","?","R","BOSS","M","$","?","$","?","R","E","M","T","E","?","M","?","?","R","BOSS","M","M","M","$","?","R","?","M","T","?","E","R","?","M","R","BOSS"],"items_purchased_type":["Card","Card","Relic","Card","Relic","Card","Card"],"build_version":"2020-12-13","purchased_purges":2,"victory":false,"max_hp_per_floor":[70,70,70,70,70,70,70,70,70,70,70,70,70,70,70,70,75,75,75,75,75,75,75,75,75,75,75,75,75,75,75,75,75,95,95,95,95,95,95,95,95,95,95,95,95,95,95,95,95,95,95],"relic_stats":{"Darkstone Periapt":6,"Nunchaku":[33],"Lizard Tail":37,"Dream Catcher":1,"counters":[22,93],"Mummified Hand":[4],"Ornamental Fan":[148],"Tiny Chest":2,"Kunai":[52],"obtain_stats":[{"Darkstone Periapt":26,"Tiny House":17,"NeowsBlessing":0,"Mango":34,"Ancient Tea Set":8,"Calling Bell":34,"Nunchaku":21,"Lizard Tail":24,"Dream Catcher":27,"Anchor":34,"Bottled Flame":45,"HornCleat":9,"Mummified Hand":43,"Ornamental Fan":44,"Tiny Chest":19,"Kunai":34,"Toxic Egg 2":30,"Ring of the Snake":0,"Meat on the Bone":6},{"Darkstone Periapt":11,"Tiny House":7,"NeowsBlessing":0,"Mango":14,"Ancient Tea Set":4,"Calling Bell":14,"Nunchaku":8,"Lizard Tail":10,"Dream Catcher":12,"Anchor":14,"Bottled Flame":19,"HornCleat":4,"Mummified Hand":18,"Ornamental Fan":18,"Tiny Chest":8,"Kunai":14,"Toxic Egg 2":13,"Ring of the Snake":0,"Meat on the Bone":3},{"Darkstone Periapt":48,"Tiny House":30,"NeowsBlessing":0,"Mango":62,"Ancient Tea Set":11,"Calling Bell":62,"Nunchaku":33,"Lizard Tail":43,"Dream Catcher":51,"Anchor":62,"Bottled Flame":78,"HornCleat":11,"Mummified Hand":72,"Ornamental Fan":72,"Tiny Chest":33,"Kunai":62,"Toxic Egg 2":54,"Ring of the Snake":0,"Meat on the Bone":3}],"Ring of the Snake":[44],"Meat on the Bone":48},"card_choices":[{"not_picked":["Bane","Dagger Spray"],"picked":"Infinite Blades","floor":1.0},{"not_picked":["Acrobatics","PiercingWail"],"picked":"Choke","floor":5.0},{"not_picked":["Calculated Gamble","Underhanded Strike"],"picked":"Cloak And Dagger","floor":6.0},{"not_picked":["Malaise","Escape Plan"],"picked":"Backstab","floor":8.0},{"not_picked":["Prepared","Outmaneuver"],"picked":"Reflex","floor":11.0},{"not_picked":["Outmaneuver","Expertise"],"picked":"Backstab","floor":13.0},{"not_picked":["Malaise","Doppelganger"],"picked":"Die Die Die","floor":16.0},{"not_picked":["Escape Plan+1","Slice+1"],"picked":"Quick Slash","floor":18.0},{"not_picked":["Cloak And Dagger+1","Quick Slash"],"picked":"Blade Dance+1","floor":22.0},{"not_picked":["Deflect","Quick Slash+1","Expertise"],"picked":"SKIP","floor":24.0},{"not_picked":["Crippling Poison","Slice","Terror"],"picked":"SKIP","floor":25.0},{"not_picked":["Finisher","Bane+1","Slice+1"],"picked":"SKIP","floor":27.0},{"not_picked":["Outmaneuver","Underhanded Strike"],"picked":"Prepared+1","floor":29.0},{"not_picked":["Tools of the Trade","Bullet Time+1"],"picked":"Storm of Steel+1","floor":33.0},{"not_picked":["Reflex+1","PiercingWail+1"],"picked":"Dagger Throw+1","floor":35.0},{"not_picked":["Skewer","Slice","Dash"],"picked":"SKIP","floor":36.0},{"not_picked":["Mayhem","Swift Strike"],"picked":"Secret Weapon+1","floor":39.0},{"not_picked":["Expertise+1","Distraction+1","Footwork+1"],"picked":"SKIP","floor":42.0},{"not_picked":["Outmaneuver+1","Dagger Spray","Poisoned Stab+1"],"picked":"SKIP","floor":45},{"not_picked":["Deadly Poison+1","Blade Dance+1","Skewer+1"],"picked":"SKIP","floor":47},{"not_picked":["Prepared+1","Eviscerate","Flying Knee"],"picked":"SKIP","floor":48}],"player_experience":102814,"relics_obtained":[{"floor":6.0,"key":"Meat on the Bone"},{"floor":8.0,"key":"Ancient Tea Set"},{"floor":9.0,"key":"HornCleat"},{"floor":24.0,"key":"Lizard Tail"},{"floor":26.0,"key":"Darkstone Periapt"},{"floor":27.0,"key":"Dream Catcher"},{"floor":30.0,"key":"Toxic Egg 2"},{"floor":34.0,"key":"Anchor"},{"floor":34.0,"key":"Kunai"},{"floor":34.0,"key":"Mango"},{"floor":43.0,"key":"Mummified Hand"},{"floor":44.0,"key":"Ornamental Fan"},{"floor":45,"key":"Bottled Flame"}],"event_choices":[{"cards_removed":["Strike_G"],"damage_healed":0.0,"max_hp_gain":0.0,"max_hp_loss":0.0,"gold_gain":0.0,"event_name":"Golden Wing","player_choice":"Card Removal","floor":2.0,"gold_loss":0.0,"damage_taken":7.0},{"damage_healed":0.0,"max_hp_gain":0.0,"max_hp_loss":0.0,"gold_gain":0.0,"event_name":"Living Wall","player_choice":"Grow","floor":3.0,"gold_loss":0.0,"damage_taken":0.0,"cards_upgraded":["Infinite Blades"]},{"cards_removed":["Defend_G"],"damage_healed":0.0,"max_hp_gain":0.0,"max_hp_loss":0.0,"gold_gain":0.0,"event_name":"Bonfire Elementals","player_choice":"Offered Basic","floor":4.0,"gold_loss":0.0,"damage_taken":0.0},{"damage_healed":0.0,"max_hp_gain":0.0,"max_hp_loss":0.0,"gold_gain":0.0,"event_name":"Liars Game","player_choice":"Ignored","floor":14.0,"gold_loss":0.0,"damage_taken":0.0},{"damage_healed":0.0,"max_hp_gain":0.0,"max_hp_loss":0.0,"gold_gain":180.0,"event_name":"Knowing Skull","player_choice":"GOLD GOLD ","floor":20.0,"potions_obtained":[],"gold_loss":0.0,"damage_taken":19.0,"cards_obtained":[]},{"damage_healed":0.0,"max_hp_gain":0.0,"max_hp_loss":0.0,"gold_gain":0.0,"event_name":"Vampires","player_choice":"Ignored","floor":28.0,"gold_loss":0.0,"damage_taken":0.0},{"damage_healed":0.0,"max_hp_gain":0.0,"max_hp_loss":0.0,"gold_gain":0.0,"event_name":"The Woman in Blue","player_choice":"Bought 1 Potion","floor":31.0,"gold_loss":0.0,"damage_taken":0.0},{"damage_healed":0.0,"max_hp_gain":0.0,"max_hp_loss":0.0,"gold_gain":0.0,"event_name":"SensoryStone","player_choice":"Memory 1","floor":39.0,"gold_loss":0.0,"damage_taken":0.0},{"damage_healed":0.0,"max_hp_gain":0.0,"max_hp_loss":0.0,"gold_gain":0.0,"event_name":"Duplicator","player_choice":"Copied","floor":41.0,"gold_loss":0.0,"damage_taken":0.0,"cards_obtained":["Storm of Steel"]}],"is_beta":false,"boss_relics":[{"not_picked":["Pandora\u0027s Box","Velvet Choker"],"picked":"Tiny House"},{"not_picked":["Coffee Dripper","Snecko Eye"],"picked":"Calling Bell"}],"items_purged_floors":[19,38],"is_endless":false,"potions_floor_spawned":[5,8,16,24,25,27,29,35,37,45,48],"killed_by":"Donu and Deca","ascension_level":6}}