{"host":"bxn2em57qlx5u4i0","time":1608087733,"event":{"mods":["BaseMod","Colored Map","Colored Powertips","Highlight Path","Minty Spire (QoL Compilation)","Random Character Button","Relic Sorter","Relic Stats","StSLib","SuperFastMode"],"gold_per_floor":[110,36,36,36,46,46,46,46,46,121,153,153,153,183,183,183,183],"floor_reached":16,"playtime":320,"items_purged":[],"score":258,"play_id":"6133b2af-4d74-413f-b949-0b94d961e747","local_time":"20201215220213","is_ascension_mode":true,"campfire_choices":[{"data":"Dash","floor":6.0,"key":"SMITH"},{"data":"Caltrops","floor":8.0,"key":"SMITH"},{"data":"Survivor","floor":12.0,"key":"SMITH"},{"data":"Well Laid Plans","floor":15.0,"key":"SMITH"}],"circlet_count":0,"master_deck":["AscendersBane","Strike_G","Strike_G","Strike_G+1","Strike_G","Defend_G+1","Defend_G","Defend_G","Defend_G","Defend_G","Survivor+1","Neutralize+1","Well Laid Plans+1","Dash+1","Caltrops+1"],"relics":["Ring of the Snake","Juzu Bracelet","Mango","Du-Vu Doll","Art of War","Anchor"],"acts_visited":["Exordium"],"potions_floor_usage":[],"damage_taken":[{"damage":0.0,"enemies":"Cultist","floor":1.0,"turns":4.0},{"damage":0.0,"enemies":"Small Slimes","floor":5.0,"turns":3.0},{"damage":0.0,"enemies":"Gremlin Nob","floor":11.0,"turns":3.0},{"damage":9.0,"enemies":"Lagavulin","floor":14.0,"turns":8.0},{"damage":8,"enemies":"Hexaghost","floor":16,"turns":9}],"seed_played":"-4071106803066079341","potions_obtained":[{"floor":1.0,"key":"FearPotion"},{"floor":5.0,"key":"DuplicationPotion"}],"is_trial":false,"path_per_floor":["M","$","T","?","M","R","?","R","T","?","E","R","?","E","R","B"],"character_chosen":"THE_SILENT","items_purchased":["Dash"],"campfire_rested":0,"item_purchase_floors":[2],"current_hp_per_floor":[59,59,59,39,39,39,35,35,35,24,24,24,17,8,8,0,0],"gold":183,"neow_bonus":"UPGRADE_CARD","is_daily":false,"chose_seed":false,"campfire_upgraded":4,"win_rate":0.0,"timestamp":1608087733,"path_taken":["M","$","?","?","M","R","?","R","T","?","E","R","?","E","R","BOSS"],"items_purchased_type":["Card"],"build_version":"2020-12-13","purchased_purges":0,"victory":false,"max_hp_per_floor":[66,66,66,66,66,66,80,80,80,80,80,80,80,80,80,80,80],"relic_stats":{"counters":[5,27],"Juzu Bracelet":1,"Art of War":[1],"obtain_stats":[{"Du-Vu Doll":9,"Anchor":14,"Mango":7,"Juzu Bracelet":3,"Art of War":11,"Ring of the Snake":0},{"Du-Vu Doll":2,"Anchor":4,"Mango":2,"Juzu Bracelet":1,"Art of War":3,"Ring of the Snake":0},{"Du-Vu Doll":7,"Anchor":18,"Mango":7,"Juzu Bracelet":4,"Art of War":10,"Ring of the Snake":0}],"Ring of the Snake":[10]},"card_choices":[{"not_picked":["Cloak And Dagger","Deflect"],"picked":"Well Laid Plans","floor":1.0},{"not_picked":["Acrobatics","PiercingWail"],"picked":"Caltrops","floor":5.0},{"not_picked":["Underhanded Strike","Deflect","Grand Finale"],"picked":"SKIP","floor":11.0},{"not_picked":["Heel Hook","Dodge and Roll","Well Laid Plans"],"picked":"SKIP","floor":14.0}],"player_experience":2792972,"relics_obtained":[{"floor":3.0,"key":"Juzu Bracelet"},{"floor":9.0,"key":"Du-Vu Doll"},{"floor":11.0,"key":"Art of War"},{"floor":14.0,"key":"Anchor"}],"event_choices":[{"damage_healed":0.0,"max_hp_gain":0.0,"max_hp_loss":0.0,"gold_gain":0.0,"event_name":"Shining Light","player_choice":"Entered Light","floor":4.0,"gold_loss":0.0,"damage_taken":20.0,"cards_upgraded":["Strike_G","Defend_G"]},{"damage_healed":0.0,"max_hp_gain":0.0,"max_hp_loss":0.0,"gold_gain":0.0,"event_name":"Scrap Ooze","player_choice":"Success","floor":7.0,"gold_loss":0.0,"damage_taken":18.0,"relics_obtained":["Mango"]},{"damage_healed":0.0,"max_hp_gain":0.0,"max_hp_loss":0.0,"gold_gain":75.0,"event_name":"World of Goop","player_choice":"Gather Gold","floor":10.0,"gold_loss":0.0,"damage_taken":11.0},{"cards_removed":["Strike_G"],"damage_healed":0.0,"max_hp_gain":0.0,"max_hp_loss":0.0,"gold_gain":0.0,"event_name":"Golden Wing","player_choice":"Card Removal","floor":13.0,"gold_loss":0.0,"damage_taken":7.0}],"is_beta":false,"boss_relics":[],"items_purged_floors":[],"is_endless":false,"potions_floor_spawned":[1,5],"killed_by":"Hexaghost","ascension_level":20}}