{"host":"kmq7aw60w430zvtx","time":1608134821,"event":{"mods":["BaseMod","Downfall","GifTheSpireLib","Hermit","Hubris","Minty Spire (QoL Compilation)","Replay The Spire","StSLib","The Construct","The Cursed","The Hierophant","The Jungle","The Necromancer","The Runesmith"],"gold_per_floor":[116,116,127,127,144,144,173,173,197,404,416,445,445,521,521,616,666,686,697,169,181,181,181,209,209,236,267,287,299,311,322,322,421,421,434,454,76,126,138,138,158,158,158,174,174,38,72,72,72,72,72],"floor_reached":50,"playtime":2312,"items_purged":["Strike_R","Strike_R"],"score":706,"play_id":"37989934-e404-4f71-a859-9a542d11d1e0","local_time":"20201216170701","is_ascension_mode":true,"campfire_choices":[{"floor":6,"key":"RECALL"},{"data":"Havoc","floor":15,"key":"SMITH"},{"data":"Exhume","floor":23,"key":"SMITH"},{"floor":25,"key":"REST"},{"data":"Dark Embrace","floor":32,"key":"SMITH"},{"floor":40,"key":"REST"},{"floor":45,"key":"REST"},{"floor":49,"key":"REST"}],"circlet_count":0,"master_deck":["Strike_R","Strike_R+1","Strike_R","Defend_R+1","Defend_R","Defend_R+1","Defend_R","Bash+1","hubris:Compulsion","expansioncontent:DashGenerateEvil","ReplayTheSpireMod:Strike From Hell","Fire Breathing","True Grit+1","Reckless Charge","Havoc+1","Replay:Undeath\u0027s Touch","Demon Form","Bludgeon","Flex","Cleave+1","Exhume+1","Fire Breathing+1","Clothesline+1","Whirlwind+1","Warcry+1","Dark Embrace+1","Inflame","Clash","Reckless Charge+1","Immolate","CurseOfTheBell","Pommel Strike","Havoc","Feel No Pain","Fiend Fire","expansioncontent:Corrupt","Blood for Blood+1","Heavy Blade+1","Defy Death+1","Cleave","ReplayTheSpireMod:Strike From Hell","ReplayTheSpireMod:Strike From Hell","Havoc+1"],"relics":["Burning Blood","hubris:Icosahedron","War Paint","Sundial","hubris:Reverence","Tiny House","Sling","Replay:Towering Pillar of Hats","Happy Flower","Whetstone","Iron Hammer","Calling Bell","Lantern","White Beast Statue","hubris:AstralHammer","hubris:Zylophone","Chameleon Ring","Oddly Smooth Stone","StoneCalendar"],"acts_visited":["Exordium","TheCity","TheBeyond"],"potions_floor_usage":[7,12,12,16,21,24,27,33,33,39,39,47,47,50,50],"damage_taken":[{"damage":0,"enemies":"2 Louse","floor":1,"turns":1},{"damage":0,"enemies":"Jaw Worm","floor":3,"turns":3},{"damage":1,"enemies":"Small Slimes","floor":5,"turns":4},{"damage":6,"enemies":"Gremlin Nob","floor":7,"turns":3},{"damage":0,"enemies":"2 Fungi Beasts","floor":11,"turns":2},{"damage":15,"enemies":"Lagavulin","floor":12,"turns":6},{"damage":25,"enemies":"Slime Boss","floor":16,"turns":9},{"damage":8,"enemies":"Shell Parasite","floor":18,"turns":5},{"damage":13,"enemies":"2 Thieves","floor":19,"turns":3},{"damage":11,"enemies":"Shelled Parasite and Fungi","floor":21,"turns":3},{"damage":15,"enemies":"Gremlin Leader","floor":24,"turns":4},{"damage":34,"enemies":"Slavers","floor":27,"turns":5},{"damage":12,"enemies":"Snecko","floor":28,"turns":4},{"damage":0,"enemies":"Cultist and Chosen","floor":29,"turns":3},{"damage":0,"enemies":"Snake Plant","floor":30,"turns":2},{"damage":15,"enemies":"Centurion and Healer","floor":31,"turns":4},{"damage":46,"enemies":"hubris:MusketHawk","floor":33,"turns":7},{"damage":38,"enemies":"3 Darklings","floor":35,"turns":4},{"damage":30,"enemies":"Orb Walker","floor":36,"turns":3},{"damage":5,"enemies":"Mind Bloom Boss Battle","floor":38,"turns":5},{"damage":0,"enemies":"Sphere and 2 Shapes","floor":39,"turns":2},{"damage":17,"enemies":"4 Shapes","floor":41,"turns":2},{"damage":11,"enemies":"Jaw Worm Horde","floor":44,"turns":2},{"damage":39,"enemies":"Giant Head","floor":47,"turns":7},{"damage":64,"enemies":"hubris:GrandSnecko","floor":50,"turns":6}],"seed_played":"-7777445883508511445","potions_obtained":[{"floor":3,"key":"BlessingOfTheForge"},{"floor":5,"key":"DistilledChaos"},{"floor":7,"key":"SkillPotion"},{"floor":12,"key":"Energy Potion"},{"floor":17,"key":"DistilledChaos"},{"floor":19,"key":"AttackPotion"},{"floor":27,"key":"Elixir"},{"floor":29,"key":"GamblersBrew"},{"floor":31,"key":"DuplicationPotion"},{"floor":35,"key":"AttackPotion"},{"floor":36,"key":"GamblersBrew"},{"floor":38,"key":"Energy Potion"},{"floor":39,"key":"hexamod:EctoCoolerPotion"},{"floor":41,"key":"Dexterity Potion"},{"floor":44,"key":"Strength Potion"},{"floor":47,"key":"Energy Potion"}],"is_trial":false,"path_per_floor":["M","?","M","?","M","R","E","?","T","?","M","E","T","?","R","B",null,"M","M","$","M","?","R","E","R","T","E","M","M","M","M","R","B",null,"M","M","$","?","M","R","M","T","T","M","R","$","E","?","R","B"],"character_chosen":"IRONCLAD","items_purchased":["Sling","Replay:Towering Pillar of Hats","Feel No Pain","Fiend Fire","expansioncontent:Corrupt","ReplayTheSpireMod:Strike From Hell"],"campfire_rested":4,"item_purchase_floors":[20,20,37,37,37,46],"current_hp_per_floor":[80,80,80,80,80,80,80,80,80,80,80,71,71,71,71,52,85,83,76,76,71,71,71,62,85,85,57,51,57,63,54,54,14,85,53,29,29,30,36,61,50,50,50,45,70,70,37,37,62,0,0],"gold":72,"neow_bonus":"RANDOM_COLORLESS_2","is_daily":false,"chose_seed":false,"campfire_upgraded":3,"win_rate":0.0,"timestamp":1608134821,"path_taken":["M","?","M","?","M","R","E","?","T","?","?","E","?","?","R","BOSS","M","M","$","M","?","R","E","R","T","E","M","M","M","?","R","BOSS","M","M","$","?","M","R","M","?","T","M","R","$","E","?","R","BOSS"],"items_purchased_type":["Relic","Relic","Card","Card","Card","Card"],"build_version":"2020-12-13","purchased_purges":2,"victory":false,"max_hp_per_floor":[80,80,80,80,80,80,80,80,80,80,80,80,80,80,80,80,85,85,85,85,85,85,85,85,85,85,85,85,85,85,85,85,85,85,85,85,85,85,85,85,85,85,85,85,85,85,85,85,85,85,85],"card_choices":[{"not_picked":["Sadistic Nature","Magnetism"],"picked":"expansioncontent:DashGenerateEvil","floor":0},{"not_picked":["Sentinel","hubris:ReadiedAction"],"picked":"ReplayTheSpireMod:Strike From Hell","floor":1},{"not_picked":["Metallicize","Flex"],"picked":"Fire Breathing","floor":3},{"not_picked":["ReplayTheSpireMod:LeadingStrike","ReplayTheSpireMod:Strike From Hell"],"picked":"True Grit","floor":5},{"not_picked":["Life Link","Rupture"],"picked":"Reckless Charge","floor":7},{"not_picked":["Armaments","hubris:CleavingFinish"],"picked":"Havoc","floor":10},{"not_picked":["Iron Wave","Whirlwind"],"picked":"Replay:Undeath\u0027s Touch","floor":11},{"not_picked":["Thunderclap","hubris:ReadiedAction"],"picked":"Demon Form","floor":12},{"not_picked":["Corruption","Replay:Many Hands"],"picked":"Bludgeon","floor":16},{"not_picked":["Clothesline","Clash"],"picked":"Flex","floor":17},{"not_picked":["Twin Strike+1","Clash"],"picked":"Cleave+1","floor":18},{"not_picked":["Sword Boomerang","hubris:ReadiedAction"],"picked":"Exhume","floor":19},{"not_picked":["Intimidate+1","Reckless Charge"],"picked":"Fire Breathing+1","floor":21},{"not_picked":["Armaments","Sword Boomerang+1"],"picked":"Whirlwind+1","floor":24},{"not_picked":["ReplayTheSpireMod:Limb From Limb","Twin Strike"],"picked":"Warcry+1","floor":27},{"not_picked":["Dropkick+1","Rupture"],"picked":"Dark Embrace","floor":28},{"not_picked":["Perfected Strike","Cleave+1"],"picked":"Inflame","floor":29},{"not_picked":["Anger","Inflame"],"picked":"Clash","floor":30},{"not_picked":["Flame Barrier","Clash+1"],"picked":"Reckless Charge+1","floor":31},{"not_picked":["Offering","Bludgeon"],"picked":"Immolate","floor":33},{"not_picked":["Abandon","Whirlwind+1"],"picked":"Pommel Strike","floor":35},{"not_picked":["Rupture","Cleave"],"picked":"Havoc","floor":36},{"not_picked":["Flex","hubris:ReadiedAction+1"],"picked":"Blood for Blood+1","floor":38},{"not_picked":["ReplayTheSpireMod:Strike From Hell+1","ReplayTheSpireMod:LeadingStrike+1"],"picked":"Heavy Blade+1","floor":39},{"not_picked":["Cleave+1","Berserk"],"picked":"Defy Death+1","floor":41},{"not_picked":["Run Through","Clash"],"picked":"Cleave","floor":44},{"not_picked":["Shockwave","Second Wind"],"picked":"Havoc+1","floor":47}],"player_experience":236866,"relics_obtained":[{"floor":7,"key":"War Paint"},{"floor":12,"key":"Sundial"},{"floor":13,"key":"hubris:Reverence"},{"floor":24,"key":"Happy Flower"},{"floor":26,"key":"Whetstone"},{"floor":27,"key":"Iron Hammer"},{"floor":34,"key":"Lantern"},{"floor":34,"key":"White Beast Statue"},{"floor":34,"key":"hubris:AstralHammer"},{"floor":38,"key":"hubris:Zylophone"},{"floor":42,"key":"Chameleon Ring"},{"floor":43,"key":"Oddly Smooth Stone"},{"floor":47,"key":"StoneCalendar"}],"event_choices":[{"damage_healed":0,"gold_gain":0,"player_choice":"Grow","damage_taken":0,"max_hp_gain":0,"max_hp_loss":0,"event_name":"Living Wall","floor":8,"gold_loss":0,"cards_upgraded":["True Grit"]},{"damage_healed":0,"gold_gain":76,"player_choice":"Gained Gold","damage_taken":0,"max_hp_gain":0,"max_hp_loss":0,"event_name":"Golden Wing","floor":14,"gold_loss":0},{"damage_healed":0,"gold_gain":0,"player_choice":"1 cards matched","damage_taken":0,"max_hp_gain":0,"max_hp_loss":0,"event_name":"Match and Keep!","floor":22,"gold_loss":0,"cards_obtained":["Clothesline"]},{"damage_healed":0,"gold_gain":0,"player_choice":"Fight","damage_taken":0,"max_hp_gain":0,"max_hp_loss":0,"event_name":"MindBloom","floor":38,"gold_loss":0},{"damage_healed":0,"gold_gain":0,"player_choice":"Ignored","damage_taken":0,"max_hp_gain":0,"max_hp_loss":0,"event_name":"Mysterious Sphere","floor":48,"gold_loss":0}],"is_beta":false,"boss_relics":[{"not_picked":["Replay:Drink Me","Runic Dome"],"picked":"Tiny House"},{"not_picked":["Philosopher\u0027s Stone","Ring of Chaos"],"picked":"Calling Bell"}],"items_purged_floors":[20,46],"is_endless":false,"potions_floor_spawned":[3,5,7,12,19,27,29,31,35,36,38,39,41,44,47],"killed_by":"hubris:GrandSnecko","ascension_level":4}}