{"host":"thn8o1tmql8xszd5","time":1608154767,"event":{"mods":["AchievementEnabler","BaseMod","Block Reminder","Colored Map","DeckTracker","Highlight Path","Minty Spire (QoL Compilation)","Permanent Neow","Quick Restart","Relic Stats","Robot Space Explorer","StSLib","The Blue Laboratory"],"gold_per_floor":[218,168,168,189,7,41,41,41,41,75,96,121,157,170,170,299,299,315,334,116,135,135,135,175,175,175,215,230,254,270,303,303,303,303],"floor_reached":33,"playtime":6071,"items_purged":["RobotSpaceExplorer:Strike"],"score":458,"play_id":"62862931-4bcb-4ba9-8cb5-5d404e24769d","local_time":"20201216163927","is_ascension_mode":true,"campfire_choices":[{"floor":7,"key":"REST"},{"floor":15,"key":"REST"},{"data":"RobotSpaceExplorer:FreezingShield","floor":23,"key":"SMITH"},{"data":"RobotSpaceExplorer:FreezingShield","floor":25,"key":"SMITH"},{"floor":32,"key":"REST"}],"circlet_count":0,"master_deck":["RobotSpaceExplorer:Strike","RobotSpaceExplorer:Strike","RobotSpaceExplorer:Defend","RobotSpaceExplorer:Defend","RobotSpaceExplorer:Defend","RobotSpaceExplorer:Defend","RobotSpaceExplorer:Scan","RobotSpaceExplorer:MiniLasers","RobotSpaceExplorer:LuckyStrike","RobotSpaceExplorer:MetalStrike","RobotSpaceExplorer:ScrapToss+1","RobotSpaceExplorer:GearShield","RobotSpaceExplorer:StarLightning","RobotSpaceExplorer:FreezingShield+1","RobotSpaceExplorer:FreezingShield+1","RobotSpaceExplorer:DroneSwarm","RobotSpaceExplorer:BlastShield","RobotSpaceExplorer:StarLightning+1","RobotSpaceExplorer:Pulsar+1","RobotSpaceExplorer:ChargingLaser","RobotSpaceExplorer:Autoloader","RobotSpaceExplorer:FrostMissile+1","RobotSpaceExplorer:Multitool"],"relics":["RobotSpaceExplorer:TurboCore","Golden Idol","Bronze Scales","Orichalcum","Bottled Flame","Bottled Lightning","HornCleat","Nloth\u0027s Gift","Whetstone","InkBottle","Sundial","White Beast Statue"],"acts_visited":["Exordium","TheCity"],"potions_floor_usage":[12,21,21,27,27,33,33],"damage_taken":[{"damage":7,"enemies":"Small Slimes","floor":1,"turns":4},{"damage":0,"enemies":"Jaw Worm","floor":4,"turns":3},{"damage":37,"enemies":"Gremlin Nob","floor":6,"turns":4},{"damage":4,"enemies":"3 Sentries","floor":10,"turns":6},{"damage":0,"enemies":"Cultist","floor":11,"turns":2},{"damage":3,"enemies":"Exordium Wildlife","floor":12,"turns":4},{"damage":27,"enemies":"Lagavulin","floor":13,"turns":7},{"damage":0,"enemies":"Lots of Slimes","floor":14,"turns":3},{"damage":7,"enemies":"The Guardian","floor":16,"turns":12},{"damage":3,"enemies":"Spheric Guardian","floor":18,"turns":4},{"damage":0,"enemies":"3 Byrds","floor":19,"turns":3},{"damage":8,"enemies":"Snecko","floor":21,"turns":5},{"damage":5,"enemies":"Book of Stabbing","floor":24,"turns":5},{"damage":0,"enemies":"Gremlin Leader","floor":27,"turns":6},{"damage":10,"enemies":"Snake Plant","floor":28,"turns":4},{"damage":4,"enemies":"3 Cultists","floor":29,"turns":4},{"damage":14,"enemies":"Snecko","floor":30,"turns":4},{"damage":7,"enemies":"Slavers","floor":31,"turns":5},{"damage":27,"enemies":"Collector","floor":33,"turns":5}],"seed_played":"-3578851699429981232","potions_obtained":[{"floor":10,"key":"AttackPotion"},{"floor":11,"key":"BlessingOfTheForge"},{"floor":13,"key":"blueLaboratory:LouseDecoction"},{"floor":14,"key":"Strength Potion"},{"floor":18,"key":"blueLaboratory:BottledHope"},{"floor":24,"key":"Energy Potion"},{"floor":27,"key":"GamblersBrew"},{"floor":28,"key":"PowerPotion"},{"floor":30,"key":"blueLaboratory:Moonshine"}],"is_trial":false,"path_per_floor":["M","?","?","M","$","E","R","$","T","E","M","M","E","M","R","B",null,"M","M","$","M","?","R","E","R","T","E","M","M","M","E","R","B"],"character_chosen":"RobotSpaceExplorer","items_purchased":["Bronze Scales","RobotSpaceExplorer:ScrapToss","DollysMirror"],"campfire_rested":3,"item_purchase_floors":[5,5,20],"current_hp_per_floor":[61,61,61,61,61,24,44,44,44,40,40,37,10,10,30,23,58,55,55,55,47,47,47,42,42,42,42,32,28,14,7,27,0,0],"gold":303,"neow_bonus":"HUNDRED_GOLD","is_daily":false,"chose_seed":false,"campfire_upgraded":2,"win_rate":0.0,"timestamp":1608154767,"path_taken":["M","?","?","M","$","E","R","?","T","E","M","M","E","?","R","BOSS","M","M","$","M","?","R","E","R","T","E","?","M","?","E","R","BOSS"],"items_purchased_type":["Relic","Card","Relic"],"build_version":"2020-12-13","purchased_purges":1,"victory":false,"max_hp_per_floor":[75,75,69,69,69,69,69,69,69,69,69,69,69,69,69,69,69,69,69,69,69,69,69,69,69,69,69,69,69,69,69,69,69,69],"relic_stats":{"counters":[19,90],"Golden Idol":108,"Sundial":[2],"Bronze Scales":[237],"Nloth\u0027s Gift":5,"Whetstone":["RobotSpaceExplorer:ScrapToss","RobotSpaceExplorer:StarLightning"],"Orichalcum":[54],"obtain_stats":[{"Golden Idol":3,"RobotSpaceExplorer:RoboCore":0,"Whetstone":24,"Orichalcum":6,"RobotSpaceExplorer:TurboCore":17,"White Beast Statue":31,"Bottled Flame":9,"HornCleat":13,"DollysMirror":20,"Sundial":27,"Bronze Scales":5,"Nloth\u0027s Gift":22,"Bottled Lightning":10,"InkBottle":26},{"Golden Idol":1,"RobotSpaceExplorer:RoboCore":0,"Whetstone":13,"Orichalcum":3,"RobotSpaceExplorer:TurboCore":9,"White Beast Statue":18,"Bottled Flame":3,"HornCleat":7,"DollysMirror":11,"Sundial":14,"Bronze Scales":2,"Nloth\u0027s Gift":12,"Bottled Lightning":4,"InkBottle":13},{"Golden Idol":4,"RobotSpaceExplorer:RoboCore":0,"Whetstone":62,"Orichalcum":11,"RobotSpaceExplorer:TurboCore":45,"White Beast Statue":85,"Bottled Flame":11,"HornCleat":30,"DollysMirror":52,"Sundial":68,"Bronze Scales":7,"Nloth\u0027s Gift":57,"Bottled Lightning":17,"InkBottle":62}],"InkBottle":[12]},"card_choices":[{"not_picked":["RobotSpaceExplorer:SlimeMissile","RobotSpaceExplorer:Fix"],"picked":"RobotSpaceExplorer:LuckyStrike","floor":1},{"not_picked":["RobotSpaceExplorer:Probe","RobotSpaceExplorer:SelfCleaning"],"picked":"RobotSpaceExplorer:MetalStrike","floor":4},{"not_picked":["RobotSpaceExplorer:Calculate","RobotSpaceExplorer:DoubleFind"],"picked":"RobotSpaceExplorer:GearShield","floor":6},{"not_picked":["RobotSpaceExplorer:Smokescreen","RobotSpaceExplorer:IronShell"],"picked":"RobotSpaceExplorer:StarLightning","floor":10},{"not_picked":["RobotSpaceExplorer:Blitz","RobotSpaceExplorer:MetalStrike"],"picked":"RobotSpaceExplorer:FreezingShield","floor":11},{"not_picked":["RobotSpaceExplorer:Multitool","RobotSpaceExplorer:GlueShot"],"picked":"RobotSpaceExplorer:FreezingShield","floor":12},{"not_picked":["RobotSpaceExplorer:FranticSearch","RobotSpaceExplorer:ExhaustFan"],"picked":"RobotSpaceExplorer:DroneSwarm","floor":13},{"not_picked":["RobotSpaceExplorer:FranticSearch","RobotSpaceExplorer:MiniDrones","RobotSpaceExplorer:MetalStrike"],"picked":"SKIP","floor":14},{"not_picked":["RobotSpaceExplorer:Explosion","RobotSpaceExplorer:TrailblazerForm"],"picked":"RobotSpaceExplorer:BlastShield","floor":16},{"not_picked":["RobotSpaceExplorer:ShovelStrike","RobotSpaceExplorer:ScrapMissile","RobotSpaceExplorer:Pulsar"],"picked":"SKIP","floor":18},{"not_picked":["RobotSpaceExplorer:SurgingShield","RobotSpaceExplorer:MetalStrike","RobotSpaceExplorer:ImprovisedAttack"],"picked":"SKIP","floor":19},{"not_picked":["RobotSpaceExplorer:Ammunition","RobotSpaceExplorer:FrostMissile+1"],"picked":"RobotSpaceExplorer:Pulsar+1","floor":21},{"not_picked":["RobotSpaceExplorer:Probe","RobotSpaceExplorer:LuckyStrike+1"],"picked":"RobotSpaceExplorer:ChargingLaser","floor":24},{"not_picked":["RobotSpaceExplorer:HighVoltage","RobotSpaceExplorer:Discharger+1"],"picked":"RobotSpaceExplorer:Autoloader","floor":27},{"not_picked":["RobotSpaceExplorer:StunGrenade","RobotSpaceExplorer:DoubleFind","RobotSpaceExplorer:Pulsar"],"picked":"SKIP","floor":28},{"not_picked":["RobotSpaceExplorer:GlueShot","RobotSpaceExplorer:Scanner","RobotSpaceExplorer:HighVoltage"],"picked":"SKIP","floor":29},{"not_picked":["RobotSpaceExplorer:MiniBoosters","RobotSpaceExplorer:ShovelStrike"],"picked":"RobotSpaceExplorer:FrostMissile+1","floor":30},{"not_picked":["RobotSpaceExplorer:ShovelStrike","RobotSpaceExplorer:Electroshield+1"],"picked":"RobotSpaceExplorer:Multitool","floor":31}],"player_experience":490984,"relics_obtained":[{"floor":6,"key":"Orichalcum"},{"floor":9,"key":"Bottled Flame"},{"floor":10,"key":"Bottled Lightning"},{"floor":13,"key":"HornCleat"},{"floor":24,"key":"Whetstone"},{"floor":26,"key":"InkBottle"},{"floor":27,"key":"Sundial"},{"floor":31,"key":"White Beast Statue"}],"event_choices":[{"cards_removed":["RobotSpaceExplorer:Strike"],"damage_healed":0,"gold_gain":0,"player_choice":"Card Removal","damage_taken":0,"max_hp_gain":0,"max_hp_loss":0,"event_name":"The Cleric","floor":2,"gold_loss":50},{"damage_healed":0,"gold_gain":0,"player_choice":"Lose Max HP","damage_taken":0,"relics_obtained":["Golden Idol"],"max_hp_gain":0,"max_hp_loss":6,"event_name":"Golden Idol","floor":3,"gold_loss":0},{"damage_healed":0,"gold_gain":0,"player_choice":"Traded Relic","damage_taken":0,"relics_obtained":["Nloth\u0027s Gift"],"max_hp_gain":0,"max_hp_loss":0,"event_name":"N\u0027loth","floor":22,"relics_lost":["DollysMirror"],"gold_loss":0}],"is_beta":false,"boss_relics":[{"not_picked":["Empty Cage","Ectoplasm"],"picked":"RobotSpaceExplorer:TurboCore"}],"items_purged_floors":[20],"is_endless":false,"potions_floor_spawned":[10,11,13,14,18,24,27,28,30],"killed_by":"Collector","ascension_level":6}}