{"host":"6hzrz31j95f2y1pa","time":1608161152,"event":{"mods":["BaseMod","Colored Map","Downfall","Minty Spire (QoL Compilation)","StSLib"],"gold_per_floor":[99,119,569,579,594,114,114,139,151,180,193,210,226,237,249,249,249],"floor_reached":16,"playtime":2087,"items_purged":["Slimebound:Icky"],"score":130,"play_id":"befd74c8-6812-4c5e-818f-c557c45dfbf0","local_time":"20201216182552","is_ascension_mode":true,"campfire_choices":[{"data":"champ:Taunt","floor":1,"key":"SMITH"}],"circlet_count":0,"master_deck":["champ:Strike","champ:Strike","champ:Strike","champ:Strike","champ:Defend","champ:Defend","champ:Defend","champ:Defend","champ:Execute","champ:Taunt+1","champ:BerserkersShout","Slimebound:Icky","Slimebound:Icky","champ:Duel","champ:FocusedGladiator","champ:FaceSlap","champ:Riposte","champ:BringItOn","champ:RisingSlash","champ:BladeFlurry","champ:ArenaPreparation","champ:DefensiveShout","champ:BringItOn","champ:FocusedBerserking","champ:SkillfulDodge","champ:Aggression","champ:Haymaker","champ:GladiatorsShout"],"relics":["champ:ChampionCrown","Blood Vial","Torii","Dream Catcher","Bottled Lightning"],"acts_visited":["Exordium"],"potions_floor_usage":[10,14],"damage_taken":[{"damage":8,"enemies":"Jaw Worm","floor":2,"turns":6},{"damage":27,"enemies":"Cultist","floor":4,"turns":6},{"damage":5,"enemies":"2 Louse","floor":5,"turns":4},{"damage":5,"enemies":"downfall:FleeingMerchant","floor":6,"turns":4},{"damage":42,"enemies":"3 Sentries","floor":8,"turns":9},{"damage":9,"enemies":"2 Fungi Beasts","floor":9,"turns":3},{"damage":38,"enemies":"Lagavulin","floor":10,"turns":8},{"damage":21,"enemies":"Exordium Wildlife","floor":11,"turns":3},{"damage":14,"enemies":"Red Slaver","floor":12,"turns":3},{"damage":21,"enemies":"3 Louse","floor":13,"turns":5},{"damage":11,"enemies":"Large Slime","floor":14,"turns":6},{"damage":18,"enemies":"Exordium Thugs","floor":15,"turns":5},{"damage":32,"enemies":"downfall:Watcher","floor":16,"turns":5}],"seed_played":"-5508734762431881581","potions_obtained":[{"floor":4,"key":"champ:OpenerPotion"},{"floor":8,"key":"SkillPotion"},{"floor":12,"key":"DistilledChaos"},{"floor":13,"key":"Explosive Potion"},{"floor":14,"key":"sneckomod:MuddlingPotion"},{"floor":15,"key":"Energy Potion"}],"is_trial":false,"path_per_floor":["R","M","?","M","M","$","T","E","M","E","M","M","M","M","M","B"],"character_chosen":"THE_CHAMP","items_purchased":["champ:Riposte","champ:BringItOn","Blood Vial","champ:RisingSlash","champ:BladeFlurry"],"campfire_rested":0,"item_purchase_floors":[6,6,6,6,6],"current_hp_per_floor":[99,96,96,83,83,78,78,60,61,35,36,29,23,24,19,0,0],"gold":249,"neow_bonus":"TEN_PERCENT_HP_BONUS","is_daily":false,"chose_seed":false,"campfire_upgraded":1,"win_rate":0.0,"timestamp":1608161152,"path_taken":["R","M","?","M","M","$","T","E","M","E","M","M","M","M","M","BOSS"],"items_purchased_type":["Card","Card","Relic","Card","Card"],"build_version":"2020-12-13","purchased_purges":1,"victory":false,"max_hp_per_floor":[99,99,99,99,99,99,99,99,99,99,99,99,99,99,99,99,99],"card_choices":[{"not_picked":["champ:Circumvent","champ:Encircle"],"picked":"champ:BerserkersShout","floor":2},{"not_picked":["champ:CrookedStrike","champ:BerserkersShout"],"picked":"champ:Duel","floor":4},{"not_picked":["champ:FalseCounter","champ:FocusedDefense"],"picked":"champ:FocusedGladiator","floor":5},{"not_picked":["champ:Lariat","champ:DefensiveStyle"],"picked":"champ:FaceSlap","floor":6},{"not_picked":["champ:CalledShot","champ:RecklessLeap"],"picked":"champ:ArenaPreparation","floor":8},{"not_picked":["champ:HeartStrike","champ:TornadoPunch"],"picked":"champ:DefensiveShout","floor":9},{"not_picked":["champ:DefensiveShout","champ:EnchantSword"],"picked":"champ:BringItOn","floor":10},{"not_picked":["champ:BringItOn","champ:PreciseThrust"],"picked":"champ:FocusedBerserking","floor":11},{"not_picked":["champ:Riposte","champ:CrookedStrike"],"picked":"champ:SkillfulDodge","floor":12},{"not_picked":["champ:PreciseThrust","champ:BerserkersShout"],"picked":"champ:Aggression","floor":13},{"not_picked":["champ:AdrenalArmor","champ:PerfectedStrike"],"picked":"champ:Haymaker","floor":14},{"not_picked":["champ:RageSigil","champ:BladeFlurry"],"picked":"champ:GladiatorsShout","floor":15}],"player_experience":1195435,"relics_obtained":[{"floor":7,"key":"Torii"},{"floor":8,"key":"Dream Catcher"},{"floor":10,"key":"Bottled Lightning"}],"event_choices":[],"is_beta":false,"boss_relics":[],"items_purged_floors":[6],"is_endless":false,"potions_floor_spawned":[4,8,12,13,14,15],"killed_by":"downfall:Watcher","ascension_level":2}}