{"host":"ueef25wtkg2eer3h","time":1608082321,"event":{"mods":["AchievementEnabler","BaseMod","Colored Map","Colored Powertips","DeckTracker","Displayed Cursed Tome","Googly Eyes","Highlight Path","Minty Spire (QoL Compilation)","Slay the Relics Exporter","StSLib"],"gold_per_floor":[118,118,128,141,211,241,241,241,241,241,281,57,75,89,89,219,219,238,277,298,298,23,67,67,102,102,138,138,138,149,149,149,251,251,261,281,299,299,310,338,338,338,363,393,175,175,175,195,195,195],"floor_reached":51,"playtime":13059,"items_purged":["Injury","Defend_B"],"score":1143,"play_id":"413f45eb-f253-4553-91d1-2bd7197829f5","local_time":"20201216023201","is_ascension_mode":true,"campfire_choices":[{"data":"White Noise","floor":7,"key":"SMITH"},{"data":"Sunder","floor":10,"key":"SMITH"},{"data":"Sweeping Beam","floor":15,"key":"SMITH"},{"floor":24,"key":"REST"},{"floor":28,"key":"REST"},{"data":"Defragment","floor":32,"key":"SMITH"},{"floor":42,"key":"REST"},{"floor":47,"key":"REST"},{"data":"Echo Form","floor":49,"key":"SMITH"}],"circlet_count":0,"master_deck":["AscendersBane","Strike_B","Strike_B","Defend_B","Defend_B","Defend_B","Zap","Dualcast","Sweeping Beam+1","Sunder+1","Self Repair","White Noise+1","Cold Snap","Glacier","Turbo","Cold Snap","Static Discharge","Turbo","Core Surge","Streamline","Capacitor","Rebound","Defragment+1","Ball Lightning","Creative AI","Hologram+1","Beam Cell","Beam Cell+1","Echo Form+1","Barrage+1","Streamline+1","Glacier","Force Field","Glacier+1","Reinforced Body","Coolheaded+1"],"relics":["FrozenCore","NeowsBlessing","Bird Faced Urn","Bloody Idol","Kunai","Sundial","Red Mask","Membership Card","Happy Flower","DataDisk","Nunchaku","Bag of Preparation","PreservedInsect","Runic Pyramid","Omamori","Akabeko","Centennial Puzzle","Vajra"],"acts_visited":["Exordium","TheCity","TheBeyond"],"potions_floor_usage":[11,19,19,20,23,33,37,40,44,48],"damage_taken":[{"damage":0,"enemies":"Jaw Worm","floor":1,"turns":1},{"damage":0,"enemies":"Cultist","floor":3,"turns":1},{"damage":0,"enemies":"Small Slimes","floor":4,"turns":1},{"damage":35,"enemies":"3 Sentries","floor":6,"turns":6},{"damage":24,"enemies":"Gremlin Nob","floor":11,"turns":4},{"damage":8,"enemies":"Blue Slaver","floor":13,"turns":2},{"damage":2,"enemies":"3 Louse","floor":14,"turns":3},{"damage":34,"enemies":"Slime Boss","floor":16,"turns":7},{"damage":7,"enemies":"Spheric Guardian","floor":18,"turns":4},{"damage":25,"enemies":"Masked Bandits","floor":19,"turns":6},{"damage":18,"enemies":"2 Thieves","floor":20,"turns":5},{"damage":41,"enemies":"Book of Stabbing","floor":23,"turns":5},{"damage":7,"enemies":"Gremlin Leader","floor":25,"turns":7},{"damage":25,"enemies":"Book of Stabbing","floor":27,"turns":5},{"damage":8,"enemies":"Snake Plant","floor":30,"turns":4},{"damage":65,"enemies":"Automaton","floor":33,"turns":10},{"damage":25,"enemies":"3 Darklings","floor":35,"turns":7},{"damage":13,"enemies":"Orb Walker","floor":36,"turns":4},{"damage":18,"enemies":"Maw","floor":37,"turns":7},{"damage":48,"enemies":"Jaw Worm Horde","floor":39,"turns":5},{"damage":34,"enemies":"Nemesis","floor":40,"turns":7},{"damage":31,"enemies":"Giant Head","floor":44,"turns":9},{"damage":18,"enemies":"Writhing Mass","floor":48,"turns":8},{"damage":89,"enemies":"Donu and Deca","floor":50,"turns":16}],"seed_played":"-455292689603739191","potions_obtained":[{"floor":3,"key":"SteroidPotion"},{"floor":13,"key":"FearPotion"},{"floor":14,"key":"AttackPotion"},{"floor":19,"key":"Block Potion"},{"floor":20,"key":"Dexterity Potion"},{"floor":30,"key":"SneckoOil"},{"floor":33,"key":"Ancient Potion"},{"floor":35,"key":"FearPotion"},{"floor":40,"key":"Strength Potion"},{"floor":44,"key":"Weak Potion"}],"is_trial":false,"path_per_floor":["M","?","M","M","?","E","R","?","T","R","E","$","M","M","R","B",null,"M","?","M","?","$","E","R","E","T","E","R","?","M","?","R","B",null,"M","M","M","?","M","E","?","R","T","E","$","?","R","M","R","B",null],"character_chosen":"DEFECT","items_purchased":["Glacier","Turbo","Cold Snap","Membership Card","Happy Flower","Defragment","Ball Lightning","Vajra","FairyPotion","Reinforced Body"],"campfire_rested":4,"item_purchase_floors":[12,12,12,22,22,22,22,45,45,45],"current_hp_per_floor":[68,68,68,68,68,40,40,40,40,40,27,27,30,41,41,11,59,65,53,39,39,39,13,35,45,45,37,59,59,71,71,71,36,65,75,71,75,75,43,22,22,44,49,53,53,53,75,75,75,15],"gold":195,"neow_bonus":"THREE_ENEMY_KILL","is_daily":false,"chose_seed":false,"campfire_upgraded":5,"win_rate":0.0,"timestamp":1608082321,"path_taken":["M","?","M","?","?","E","R","?","T","R","E","?","M","M","R","BOSS","M","?","M","?","$","E","R","E","T","E","R","?","?","?","R","BOSS","M","M","M","?","M","E","?","R","T","E","$","?","R","?","R","BOSS"],"items_purchased_type":["Card","Card","Card","Relic","Relic","Card","Card","Relic","Potion","Card"],"build_version":"2020-12-13","purchased_purges":2,"victory":true,"max_hp_per_floor":[75,75,75,75,75,75,75,75,75,75,75,75,75,75,75,75,75,75,75,75,75,75,75,75,75,75,75,75,75,75,75,75,75,75,75,75,75,75,75,75,75,75,75,75,75,75,75,75,75,75],"card_choices":[{"not_picked":["Conserve Battery","Fusion"],"picked":"Sweeping Beam","floor":1},{"not_picked":["Streamline","BootSequence"],"picked":"Sunder","floor":3},{"not_picked":["Compile Driver","Reinforced Body"],"picked":"Self Repair","floor":4},{"not_picked":["Leap","Barrage"],"picked":"White Noise","floor":6},{"not_picked":["Consume","Reinforced Body"],"picked":"Cold Snap","floor":11},{"not_picked":["Genetic Algorithm","Cold Snap"],"picked":"Static Discharge","floor":13},{"not_picked":["Lockon","Leap"],"picked":"Turbo","floor":14},{"not_picked":["Creative AI","Fission"],"picked":"Core Surge","floor":16},{"not_picked":["Cold Snap","Stack"],"picked":"Streamline","floor":18},{"not_picked":["Rebound","Go for the Eyes"],"picked":"Capacitor","floor":19},{"not_picked":["Scrape","Rip and Tear"],"picked":"Rebound","floor":20},{"not_picked":["Compile Driver","Stack"],"picked":"Creative AI","floor":23},{"not_picked":["Streamline+1","Barrage"],"picked":"Hologram+1","floor":25},{"not_picked":["Cold Snap","Steam Power"],"picked":"Beam Cell","floor":27},{"not_picked":["Streamline","Redo"],"picked":"Beam Cell+1","floor":30},{"not_picked":["Electrodynamics","Machine Learning"],"picked":"Echo Form","floor":33},{"not_picked":["Melter","Hologram+1"],"picked":"Barrage+1","floor":35},{"not_picked":["Barrage","Self Repair"],"picked":"Beam Cell","floor":36},{"not_picked":["Fusion","Stack"],"picked":"Streamline+1","floor":37},{"not_picked":["Scrape+1","Lockon"],"picked":"Glacier","floor":39},{"not_picked":["Turbo","Hello World"],"picked":"Force Field","floor":40},{"not_picked":["Self Repair","Beam Cell+1"],"picked":"Glacier+1","floor":44},{"not_picked":["Lockon","Scrape+1"],"picked":"Coolheaded+1","floor":48}],"player_experience":262497,"relics_obtained":[{"floor":6,"key":"Bird Faced Urn"},{"floor":9,"key":"Kunai"},{"floor":11,"key":"Sundial"},{"floor":19,"key":"Red Mask"},{"floor":23,"key":"DataDisk"},{"floor":25,"key":"Nunchaku"},{"floor":26,"key":"Bag of Preparation"},{"floor":27,"key":"PreservedInsect"},{"floor":40,"key":"Omamori"},{"floor":43,"key":"Akabeko"},{"floor":44,"key":"Centennial Puzzle"}],"event_choices":[{"cards_removed":["Strike_B"],"damage_healed":0,"gold_gain":0,"player_choice":"Purged","damage_taken":0,"max_hp_gain":0,"max_hp_loss":0,"event_name":"Purifier","floor":2,"gold_loss":0},{"damage_healed":0,"gold_gain":70,"player_choice":"Gained Gold","damage_taken":0,"max_hp_gain":0,"max_hp_loss":0,"event_name":"Golden Wing","floor":5,"gold_loss":0},{"damage_healed":0,"gold_gain":0,"player_choice":"Take Wound","damage_taken":0,"relics_obtained":["Golden Idol"],"max_hp_gain":0,"max_hp_loss":0,"event_name":"Golden Idol","floor":8,"gold_loss":0,"cards_obtained":["Injury"]},{"damage_healed":0,"gold_gain":0,"player_choice":"Fought Bandits","damage_taken":0,"max_hp_gain":0,"max_hp_loss":0,"event_name":"Masked Bandits","floor":19,"gold_loss":0},{"cards_removed":["Strike_B"],"damage_healed":0,"gold_gain":0,"player_choice":"Elegance","damage_taken":0,"max_hp_gain":0,"max_hp_loss":0,"event_name":"Back to Basics","floor":21,"gold_loss":0},{"damage_healed":0,"gold_gain":0,"player_choice":"Gave Idol","damage_taken":0,"relics_obtained":["Bloody Idol"],"max_hp_gain":0,"max_hp_loss":0,"event_name":"Forgotten Altar","floor":29,"relics_lost":["Golden Idol"],"gold_loss":0},{"damage_healed":0,"gold_gain":0,"player_choice":"Ignored","damage_taken":0,"max_hp_gain":0,"max_hp_loss":0,"event_name":"Ghosts","floor":31,"gold_loss":0},{"damage_healed":0,"gold_gain":0,"player_choice":"Memory 1","damage_taken":0,"max_hp_gain":0,"max_hp_loss":0,"event_name":"SensoryStone","floor":38,"gold_loss":0},{"damage_healed":0,"gold_gain":0,"player_choice":"Ignored","damage_taken":0,"max_hp_gain":0,"max_hp_loss":0,"event_name":"Mysterious Sphere","floor":41,"gold_loss":0},{"cards_removed":["Beam Cell"],"damage_healed":0,"gold_gain":0,"player_choice":"Removed Attack","damage_taken":0,"max_hp_gain":0,"max_hp_loss":0,"event_name":"Falling","floor":46,"gold_loss":0}],"is_beta":false,"boss_relics":[{"not_picked":["Ectoplasm","Fusion Hammer"],"picked":"FrozenCore"},{"not_picked":["Cursed Key","Tiny House"],"picked":"Runic Pyramid"}],"items_purged_floors":[12,45],"is_endless":false,"potions_floor_spawned":[3,13,14,16,19,20,30,33,35,36,40,44],"ascension_level":11}}