{"host":"llpusn9usp8rznkj","time":1608105453,"event":{"mods":["2.2 Compatiblity","BaseMod","Colored Map","Colored Powertips","Conspire","Downfall","Hubris","Minty Spire (QoL Compilation)","Rare Cards Sparkle","Replay The Spire","StSLib","The Cursed"],"gold_per_floor":[118,118,118,144,219,249,249,11,37,161,161,193,205,225,225,308,308,329,329,241,241],"floor_reached":20,"playtime":730,"items_purged":[],"score":410,"play_id":"c59a87ff-c7fd-4b93-a697-61fb8faeba6f","local_time":"20201216025733","is_ascension_mode":true,"campfire_choices":[{"data":"Zap","floor":7.0,"key":"SMITH"},{"floor":11.0,"key":"REST"},{"floor":15.0,"key":"REST"}],"circlet_count":0,"master_deck":["AscendersBane","Strike_B","Strike_B","Strike_B","Strike_B+1","Defend_B","Defend_B","Defend_B","Defend_B","Zap+1","Dualcast","Sweeping Beam+1","Defragment","Coolheaded","ReplayTheSpireMod:Calculation Training","Machine Learning","Ball Lightning","Electrodynamics","Defragment"],"relics":["Cracked Core","NeowsBlessing","hubris:Icosahedron","StoneCalendar","ReplayTheSpireMod:Lightbulb","Raider\u0027s Mask","Replay:Bandana","Darkstone Periapt","conspire:RunicOctahedron"],"acts_visited":["Exordium","TheCity"],"potions_floor_usage":[18],"damage_taken":[{"damage":0.0,"enemies":"2 Louse","floor":1.0,"turns":1.0},{"damage":0.0,"enemies":"conspire:MimicChest","floor":4.0,"turns":1.0},{"damage":0.0,"enemies":"Gremlin Nob","floor":6.0,"turns":1.0},{"damage":5.0,"enemies":"Small Slimes","floor":10.0,"turns":2.0},{"damage":20.0,"enemies":"Lagavulin","floor":12.0,"turns":6.0},{"damage":8.0,"enemies":"Jaw Worm","floor":13.0,"turns":4.0},{"damage":5.0,"enemies":"2 Fungi Beasts","floor":14.0,"turns":3.0},{"damage":41.0,"enemies":"Fading Forest","floor":16.0,"turns":13.0},{"damage":0,"enemies":"conspire:FuzzyDice","floor":18,"turns":4},{"damage":57,"enemies":"2 Thieves","floor":20,"turns":3}],"seed_played":"-3141068554754967409","potions_obtained":[{"floor":1.0,"key":"Swift Potion"},{"floor":12.0,"key":"Dexterity Potion"},{"floor":14.0,"key":"SkillPotion"},{"floor":16.0,"key":"FearPotion"}],"is_trial":false,"path_per_floor":["M","?","?","?","?","E","R","$","T","M","R","E","M","M","R","B",null,"M","?","M"],"character_chosen":"DEFECT","items_purchased":["Raider\u0027s Mask","ReplayTheSpireMod:Calculation Training"],"campfire_rested":2,"item_purchase_floors":[8,8],"current_hp_per_floor":[64,64,43,43,32,32,32,32,32,27,48,28,20,15,36,3,54,54,54,0,0],"gold":241,"neow_bonus":"THREE_ENEMY_KILL","is_daily":false,"chose_seed":false,"campfire_upgraded":1,"win_rate":0.0,"timestamp":1608105453,"path_taken":["M","?","?","?","?","E","R","$","T","M","R","E","M","M","R","BOSS","M","?","M"],"items_purchased_type":["Relic","Card"],"build_version":"2020-12-13","purchased_purges":0,"victory":false,"max_hp_per_floor":[71,71,71,71,71,71,71,71,71,71,71,71,71,71,71,71,71,71,71,71,71],"card_choices":[{"not_picked":["Recycle","Leap"],"picked":"Sweeping Beam","floor":1.0},{"not_picked":["Loop","Panic Button"],"picked":"Defragment","floor":4.0},{"not_picked":["Genetic Algorithm","Stack"],"picked":"Coolheaded","floor":6.0},{"not_picked":["Gash","Turbo","Beam Cell"],"picked":"SKIP","floor":10.0},{"not_picked":["Melter","Beam Cell","Compile Driver"],"picked":"SKIP","floor":12.0},{"not_picked":["Fusion","ReplaySort"],"picked":"Machine Learning","floor":13.0},{"not_picked":["hubris:Ukulele","FIFO Queue"],"picked":"Ball Lightning","floor":14.0},{"not_picked":["Creative AI","hubris:DoWhile"],"picked":"Electrodynamics","floor":16.0},{"not_picked":["Cold Snap","Go for the Eyes","BasicCrystalCard"],"picked":"SKIP","floor":18},{"not_picked":["Cold Snap","Go for the Eyes","BasicCrystalCard"],"picked":"SKIP","floor":18}],"player_experience":973491,"relics_obtained":[{"floor":4.0,"key":"StoneCalendar"},{"floor":6.0,"key":"ReplayTheSpireMod:Lightbulb"},{"floor":9.0,"key":"Replay:Bandana"},{"floor":12.0,"key":"Darkstone Periapt"}],"event_choices":[{"damage_healed":0.0,"max_hp_gain":0.0,"max_hp_loss":0.0,"gold_gain":0.0,"event_name":"Shining Light","player_choice":"Entered Light","floor":3.0,"gold_loss":0.0,"damage_taken":21.0,"cards_upgraded":["Strike_B","Sweeping Beam"]},{"damage_healed":0.0,"max_hp_gain":0.0,"max_hp_loss":0.0,"gold_gain":75.0,"event_name":"World of Goop","player_choice":"Gather Gold","floor":5.0,"gold_loss":0.0,"damage_taken":11.0},{"damage_healed":0,"gold_gain":0,"player_choice":"Copied","damage_taken":0,"max_hp_gain":0,"max_hp_loss":0,"event_name":"Duplicator","floor":19,"gold_loss":0,"cards_obtained":["Defragment"]}],"is_beta":false,"boss_relics":[{"not_picked":["Painkiller Herb","FrozenCore"],"picked":"conspire:RunicOctahedron"}],"items_purged_floors":[],"is_endless":false,"potions_floor_spawned":[1,12,14,16],"killed_by":"2 Thieves","ascension_level":20}}