{"host":"69rply1jf2d1wbmp","time":1608099568,"event":{"mods":["BaseMod","Minty Spire (QoL Compilation)","Quick Restart"],"gold_per_floor":[116,130,130,150,165,203,203,203,203,203,4,28,28,53,53,173,173,189,39,62,62,80,116,116,116],"floor_reached":24,"playtime":717,"items_purged":["Defend_B"],"score":218,"play_id":"9b5361f7-d3f1-4513-8c8e-68ec715e7d00","local_time":"20201216011928","is_ascension_mode":false,"campfire_choices":[{"data":"Defragment","floor":8,"key":"SMITH"},{"floor":15,"key":"REST"}],"circlet_count":0,"master_deck":["Strike_B","Strike_B","Strike_B","Defend_B","Defend_B","Defend_B","Zap","Dualcast","Electrodynamics","Defragment+1","Sweeping Beam","Auto Shields","Ball Lightning","Gash","Lockon","Leap","Seek","Static Discharge","Defragment","Capacitor","White Noise"],"relics":["Cracked Core","Golden Idol","Sundial","Bottled Flame","Bag of Preparation","Empty Cage","White Beast Statue"],"acts_visited":["Exordium","TheCity"],"potions_floor_usage":[5,20,23,24],"damage_taken":[{"damage":0,"enemies":"2 Louse","floor":1,"turns":3},{"damage":6,"enemies":"Jaw Worm","floor":2,"turns":4},{"damage":8,"enemies":"Small Slimes","floor":4,"turns":2},{"damage":3,"enemies":"Exordium Thugs","floor":5,"turns":3},{"damage":17,"enemies":"3 Sentries","floor":6,"turns":5},{"damage":2,"enemies":"Blue Slaver","floor":12,"turns":3},{"damage":4,"enemies":"3 Louse","floor":14,"turns":3},{"damage":23,"enemies":"The Guardian","floor":16,"turns":8},{"damage":15,"enemies":"2 Thieves","floor":18,"turns":3},{"damage":6,"enemies":"Chosen","floor":20,"turns":4},{"damage":17,"enemies":"Snake Plant","floor":22,"turns":4},{"damage":32,"enemies":"Book of Stabbing","floor":23,"turns":6},{"damage":10,"enemies":"Sentry and Sphere","floor":24,"turns":3}],"seed_played":"3733364690784939737","potions_obtained":[{"floor":1,"key":"SpeedPotion"},{"floor":2,"key":"Strength Potion"},{"floor":12,"key":"Swift Potion"},{"floor":22,"key":"LiquidMemories"}],"is_trial":false,"path_per_floor":["M","M","?","M","M","E","?","R","T","?","$","M","$","M","R","B",null,"M","$","M","?","M","E","M"],"character_chosen":"DEFECT","items_purchased":["Bag of Preparation","Dexterity Potion","Static Discharge"],"campfire_rested":1,"item_purchase_floors":[11,11,19],"current_hp_per_floor":[75,69,69,61,58,41,59,59,59,52,52,50,50,46,68,45,72,57,57,51,51,34,2,0,0],"gold":116,"neow_bonus":"ONE_RANDOM_RARE_CARD","is_daily":false,"chose_seed":false,"campfire_upgraded":1,"win_rate":0.0,"timestamp":1608099568,"path_taken":["M","M","?","M","M","E","?","R","T","?","$","?","$","M","R","BOSS","M","$","M","?","M","E","M"],"items_purchased_type":["Relic","Potion","Card"],"build_version":"2020-12-13","purchased_purges":1,"victory":false,"max_hp_per_floor":[75,75,75,75,75,75,75,75,75,75,75,75,75,75,75,75,72,72,72,72,72,72,72,72,72],"card_choices":[{"not_picked":["Sweeping Beam","Force Field"],"picked":"Defragment","floor":1},{"not_picked":["Compile Driver","Barrage"],"picked":"Sweeping Beam","floor":2},{"not_picked":["Stack","Storm"],"picked":"Auto Shields","floor":4},{"not_picked":["Stack","Sweeping Beam"],"picked":"Ball Lightning","floor":5},{"not_picked":["Thunder Strike","Coolheaded"],"picked":"Gash","floor":6},{"not_picked":["Barrage","Redo"],"picked":"Lockon","floor":12},{"not_picked":["Compile Driver","Doom and Gloom"],"picked":"Leap","floor":14},{"not_picked":["Buffer","Fission"],"picked":"Seek","floor":16},{"not_picked":["Cold Snap+1","Chaos","Stack"],"picked":"SKIP","floor":18},{"not_picked":["Steam","Lockon"],"picked":"Defragment","floor":20},{"not_picked":["Lockon","Streamline","Reprogram"],"picked":"SKIP","floor":22},{"not_picked":["Streamline","Thunder Strike"],"picked":"White Noise","floor":23}],"player_experience":345647,"relics_obtained":[{"floor":6,"key":"Sundial"},{"floor":9,"key":"Bottled Flame"},{"floor":23,"key":"White Beast Statue"}],"event_choices":[{"damage_healed":0,"gold_gain":0,"player_choice":"Take Wound","damage_taken":0,"relics_obtained":["Golden Idol"],"max_hp_gain":0,"max_hp_loss":0,"event_name":"Golden Idol","floor":3,"gold_loss":0,"cards_obtained":["Injury"]},{"damage_healed":18,"gold_gain":0,"player_choice":"Healed and dodged fight","damage_taken":0,"max_hp_gain":0,"max_hp_loss":0,"event_name":"Mushrooms","floor":7,"gold_loss":0,"cards_obtained":["Parasite"]},{"cards_removed":["Strike_B"],"damage_healed":0,"gold_gain":0,"player_choice":"Card Removal","damage_taken":7,"max_hp_gain":0,"max_hp_loss":0,"event_name":"Golden Wing","floor":10,"gold_loss":0},{"damage_healed":0,"gold_gain":0,"player_choice":"Read","damage_taken":0,"max_hp_gain":0,"max_hp_loss":0,"event_name":"The Library","floor":21,"gold_loss":0,"cards_obtained":["Capacitor"]}],"is_beta":false,"boss_relics":[{"not_picked":["Sozu","Calling Bell"],"picked":"Empty Cage"}],"items_purged_floors":[19],"is_endless":false,"potions_floor_spawned":[1,2,12,16,22],"killed_by":"Sentry and Sphere","ascension_level":0}}