{"host":"f14d6hm2349s9jse","time":1608087062,"event":{"mods":["2.2 Compatiblity","BaseMod","CapriCore","Minty Spire (QoL Compilation)","StSLib","The Immortal"],"gold_per_floor":[112,112,112,37,62,98,24,99,148,148,182,196,211,211,211,332,332,332,332,332,332,83,83,83,83,83,83,83,83,83,83,83,83,83,83,83,83,83,31,31,31,31,31,31,31,31,31,31,31,31,31,31,31,31,31,31],"floor_reached":54,"playtime":3792,"items_purged":["Regret"],"score":672,"play_id":"283817c1-a354-4c42-8d6d-9d2c1615395b","local_time":"20201215215102","is_ascension_mode":false,"campfire_choices":[{"floor":10,"key":"REST"},{"floor":15,"key":"REST"},{"data":"The Bomb","floor":23,"key":"SMITH"},{"floor":28,"key":"REST"},{"floor":30,"key":"REST"},{"data":"MokouMod:RisingSunBarrier","floor":32,"key":"SMITH"},{"floor":41,"key":"REST"},{"floor":49,"key":"RECALL"},{"floor":52,"key":"DIG"}],"circlet_count":0,"master_deck":["MokouMod:Strike+1","MokouMod:Strike+1","MokouMod:Strike+1","MokouMod:Strike+1","MokouMod:Strike+1","MokouMod:Defend+1","MokouMod:Defend+1","MokouMod:Defend+1","MokouMod:Defend+1","MokouMod:HeatSpark","MokouMod:InfernalWave","MokouMod:Refresh","MokouMod:Ventilation","MokouMod:IgnitionBarrier","MokouMod:CrimsonArmoury","MokouMod:Rekindle","MokouMod:ResonatingAura","MokouMod:BlazingComet","MokouMod:FusionFlare","MokouMod:FujiyamaVolcano","MokouMod:RisingSunBarrier+1","The Bomb+1","MokouMod:Firecracker+1","MokouMod:IgnitionBarrier","MokouMod:HeartofFire","MokouMod:SearingBlow+1","MokouMod:InfernalWave+1","MokouMod:GuidingSmoke","MokouMod:SpontaneousHumanCombustion","MokouMod:Rebirth","MokouMod:IcarusDive","MokouMod:HouraiForge","HandOfGreed","MokouMod:Refresh+1"],"relics":["Sozu","Golden Idol","Orichalcum","Toy Ornithopter","War Paint","StoneCalendar","Ectoplasm","Anchor","Nloth\u0027s Gift","Black Star","Toxic Egg 2","Du-Vu Doll","Blood Vial","Shovel","Blue Candle"],"acts_visited":["Exordium","TheCity","TheBeyond","TheEnding"],"potions_floor_usage":[],"damage_taken":[{"damage":1,"enemies":"Jaw Worm","floor":1,"turns":3},{"damage":2,"enemies":"Small Slimes","floor":5,"turns":3},{"damage":36,"enemies":"Lagavulin","floor":6,"turns":6},{"damage":20,"enemies":"3 Sentries","floor":11,"turns":11},{"damage":7,"enemies":"2 Louse","floor":12,"turns":3},{"damage":6,"enemies":"Blue Slaver","floor":13,"turns":4},{"damage":33,"enemies":"The Guardian","floor":16,"turns":16},{"damage":12,"enemies":"Shell Parasite","floor":18,"turns":7},{"damage":12,"enemies":"Spheric Guardian","floor":20,"turns":4},{"damage":31,"enemies":"Slavers","floor":24,"turns":7},{"damage":9,"enemies":"3 Cultists","floor":25,"turns":5},{"damage":4,"enemies":"Chosen and Byrds","floor":29,"turns":6},{"damage":31,"enemies":"Automaton","floor":33,"turns":10},{"damage":0,"enemies":"Orb Walker","floor":35,"turns":3},{"damage":0,"enemies":"3 Shapes","floor":36,"turns":4},{"damage":65,"enemies":"Maw","floor":37,"turns":10},{"damage":0,"enemies":"4 Shapes","floor":38,"turns":4},{"damage":60,"enemies":"Reptomancer","floor":40,"turns":8},{"damage":10,"enemies":"Transient","floor":42,"turns":5},{"damage":29,"enemies":"Sphere and 2 Shapes","floor":44,"turns":7},{"damage":6,"enemies":"Spire Growth","floor":45,"turns":6},{"damage":4,"enemies":"Maw","floor":48,"turns":9},{"damage":114,"enemies":"Donu and Deca","floor":50,"turns":13},{"damage":137,"enemies":"Shield and Spear","floor":54,"turns":6}],"seed_played":"-7709643925510214117","potions_obtained":[],"is_trial":false,"path_per_floor":["M","?","?","$","M","E","$","?","T","R","E","M","M","T","R","B",null,"M","?","M","?","$","R","E","M","T","?","R","M","R","?","R","B",null,"M","M","M","M","?","E","R","M","T","M","M","?","?","M","R","B",null,"R","$","E"],"character_chosen":"MKU","items_purchased":["MokouMod:Ventilation","MokouMod:RisingSunBarrier","The Bomb"],"campfire_rested":5,"item_purchase_floors":[7,22,22],"current_hp_per_floor":[74,56,56,56,54,18,18,7,7,29,9,2,18,18,40,7,75,63,63,51,51,51,51,20,11,11,11,33,29,51,51,51,20,75,75,75,10,10,10,6,28,20,20,18,14,66,66,62,62,16,66,66,66,0,0,0],"gold":31,"neow_bonus":"BOSS_RELIC","is_daily":false,"chose_seed":false,"campfire_upgraded":2,"win_rate":0.0,"timestamp":1608087062,"path_taken":["M","?","?","$","M","E","$","?","T","R","E","M","M","?","R","BOSS","M","?","M","?","$","R","E","M","T","?","R","?","R","?","R","BOSS","M","M","M","M","?","E","R","M","T","?","?","?","?","M","R","BOSS","R","$","E"],"items_purchased_type":["Card","Card","Card"],"build_version":"2020-12-13","purchased_purges":1,"victory":false,"max_hp_per_floor":[75,75,75,75,75,75,75,75,75,75,75,75,75,75,75,75,75,75,75,75,75,75,75,75,75,75,75,75,75,75,75,75,75,75,75,75,75,75,75,75,75,75,75,75,75,66,66,66,66,66,66,66,66,66,66,66],"card_choices":[{"not_picked":["MokouMod:SearingShot","MokouMod:PhoenixFeathers"],"picked":"MokouMod:InfernalWave","floor":1},{"not_picked":["MokouMod:Meltdown","MokouMod:BlazingComet"],"picked":"MokouMod:Refresh","floor":5},{"not_picked":["MokouMod:IndiscriminateIgnition","MokouMod:Ember","MokouMod:Sear"],"picked":"SKIP","floor":6},{"not_picked":["MokouMod:Ember","MokouMod:ControlledCombustion"],"picked":"MokouMod:IgnitionBarrier","floor":11},{"not_picked":["MokouMod:RetainTemperature","MokouMod:Trailblazer"],"picked":"MokouMod:CrimsonArmoury","floor":12},{"not_picked":["MokouMod:SearingShot","MokouMod:Trailblazer"],"picked":"MokouMod:Rekindle","floor":13},{"not_picked":["MokouMod:Ventilation","MokouMod:RadiantBlade"],"picked":"MokouMod:ResonatingAura","floor":16},{"not_picked":["MokouMod:FlamingFireTalons","MokouMod:HeatCyclone"],"picked":"MokouMod:BlazingComet","floor":18},{"not_picked":["MokouMod:Firecracker","MokouMod:ResoluteFlare"],"picked":"MokouMod:FujiyamaVolcano","floor":20},{"not_picked":["MokouMod:BlazingComet+1","MokouMod:IndiscriminateIgnition"],"picked":"MokouMod:Firecracker+1","floor":24},{"not_picked":["MokouMod:HeatTransfer+1","MokouMod:Ember"],"picked":"MokouMod:IgnitionBarrier","floor":25},{"not_picked":["MokouMod:FujiyamaVolcano","MokouMod:EnchantingBambooForest"],"picked":"MokouMod:HeartofFire","floor":29},{"not_picked":["MokouMod:EnchantingBambooForest","MokouMod:Extinguish"],"picked":"MokouMod:SearingBlow","floor":33},{"not_picked":["MokouMod:Sear","MokouMod:Singe+1","MokouMod:Trailblazer"],"picked":"SKIP","floor":35},{"not_picked":["MokouMod:Scorch+1","MokouMod:EternalBurstReactor+1"],"picked":"MokouMod:InfernalWave+1","floor":36},{"not_picked":["MokouMod:Stoke","MokouMod:IgnitionBarrier+1"],"picked":"MokouMod:GuidingSmoke","floor":37},{"not_picked":["MokouMod:SearingShot+1","MokouMod:IgneousBlow+1"],"picked":"MokouMod:SpontaneousHumanCombustion","floor":38},{"not_picked":["MokouMod:RadiantBlade","MokouMod:HouraiForge"],"picked":"MokouMod:Rebirth","floor":40},{"not_picked":["MokouMod:Combust+1","MokouMod:FujiyamaVolcano"],"picked":"MokouMod:IcarusDive","floor":42},{"not_picked":["MokouMod:RoaringFlare+1","MokouMod:EnchantingBambooForest"],"picked":"MokouMod:HouraiForge","floor":44},{"not_picked":["MokouMod:EternalBurstReactor","MokouMod:InfernalWave","MokouMod:Singe+1"],"picked":"SKIP","floor":45},{"not_picked":["Thinking Ahead+1","PanicButton+1"],"picked":"HandOfGreed","floor":47},{"not_picked":["MokouMod:Afterburner+1","MokouMod:ResoluteFlare"],"picked":"MokouMod:Refresh+1","floor":48}],"player_experience":2465972,"relics_obtained":[{"floor":6,"key":"Toy Ornithopter"},{"floor":9,"key":"War Paint"},{"floor":11,"key":"StoneCalendar"},{"floor":24,"key":"Ancient Tea Set"},{"floor":26,"key":"Anchor"},{"floor":40,"key":"Du-Vu Doll"},{"floor":40,"key":"Blood Vial"},{"floor":43,"key":"Shovel"},{"floor":52,"key":"Blue Candle"}],"event_choices":[{"damage_healed":0,"gold_gain":0,"player_choice":"Take Damage","damage_taken":18,"relics_obtained":["Golden Idol"],"max_hp_gain":0,"max_hp_loss":0,"event_name":"Golden Idol","floor":2,"gold_loss":0},{"damage_healed":0,"gold_gain":0,"player_choice":"Box","damage_taken":0,"relics_obtained":["Orichalcum"],"max_hp_gain":0,"max_hp_loss":0,"event_name":"Big Fish","floor":3,"gold_loss":0,"cards_obtained":["Regret"]},{"damage_healed":0,"gold_gain":75,"player_choice":"Gather Gold","damage_taken":11,"max_hp_gain":0,"max_hp_loss":0,"event_name":"World of Goop","floor":8,"gold_loss":0},{"damage_healed":0,"gold_gain":0,"player_choice":"Read","damage_taken":0,"max_hp_gain":0,"max_hp_loss":0,"event_name":"The Library","floor":19,"gold_loss":0,"cards_obtained":["MokouMod:FusionFlare"]},{"damage_healed":0,"gold_gain":0,"player_choice":"Simplicity","damage_taken":0,"max_hp_gain":0,"max_hp_loss":0,"event_name":"Back to Basics","floor":21,"gold_loss":0,"cards_upgraded":["MokouMod:Strike","MokouMod:Strike","MokouMod:Strike","MokouMod:Strike","MokouMod:Strike","MokouMod:Defend","MokouMod:Defend"]},{"damage_healed":0,"gold_gain":0,"player_choice":"Traded Relic","damage_taken":0,"relics_obtained":["Nloth\u0027s Gift"],"max_hp_gain":0,"max_hp_loss":0,"event_name":"N\u0027loth","floor":27,"relics_lost":["Ancient Tea Set"],"gold_loss":0},{"damage_healed":0,"gold_gain":0,"player_choice":"Ignored","damage_taken":0,"max_hp_gain":0,"max_hp_loss":0,"event_name":"Ghosts","floor":31,"gold_loss":0},{"damage_healed":0,"gold_gain":0,"player_choice":"Paid Gold","damage_taken":0,"relics_obtained":["Toxic Egg 2"],"max_hp_gain":0,"max_hp_loss":0,"event_name":"WeMeetAgain","floor":39,"gold_loss":52},{"damage_healed":66,"gold_gain":0,"player_choice":"Heal","damage_taken":0,"max_hp_gain":0,"max_hp_loss":9,"event_name":"The Moai Head","floor":46,"gold_loss":0},{"damage_healed":0,"gold_gain":0,"player_choice":"Memory 1","damage_taken":0,"max_hp_gain":0,"max_hp_loss":0,"event_name":"SensoryStone","floor":47,"gold_loss":0}],"is_beta":false,"boss_relics":[{"not_picked":["SacredBark","Coffee Dripper"],"picked":"Ectoplasm"},{"not_picked":["Calling Bell","Pandora\u0027s Box"],"picked":"Black Star"}],"items_purged_floors":[4],"is_endless":false,"potions_floor_spawned":[6,12,16,25,29,33,35,38,44,48],"killed_by":"Shield and Spear","ascension_level":0}}