{"host":"15dd7v8o90xso62x","time":1608130714,"event":{"mods":["BaseMod","Minty Spire (QoL Compilation)","Quick Restart","StSLib"],"gold_per_floor":[110,185,197,208,208,208,228,254,254,254,14,27,361,376,376,465,465,479,499,499,563,463,497,522,565,565,655,705,705,726,740,740,831,831,852,866,741,1124,631,665,681,681,681,731,759,827,841,867,867,867,867],"floor_reached":52,"playtime":1883,"items_purged":["Strike_P","Defend_P","Strike_P","Defend_P"],"score":2413,"play_id":"dcf33daf-c738-4ebc-b497-2819b9292185","local_time":"20201216235834","is_ascension_mode":true,"campfire_choices":[{"data":"Eruption","floor":6.0,"key":"SMITH"},{"floor":15.0,"key":"REST"},{"data":"Adaptation","floor":29.0,"key":"SMITH"},{"data":"MentalFortress","floor":32,"key":"SMITH"},{"data":"Master of Strategy","floor":42,"key":"SMITH"},{"data":"InnerPeace","floor":49,"key":"SMITH"}],"circlet_count":0,"master_deck":["AscendersBane","Strike_P+1","Strike_P+1","Defend_P+1","Eruption+1","Vigilance+1","Judgement+1","ClearTheMind+1","Tantrum+1","Adaptation+1","WheelKick+1","MentalFortress+1","MentalFortress+1","FearNoEvil+1","Adaptation+1","LessonLearned+1","InnerPeace+1","Master of Strategy+1"],"relics":["PureWater","HornCleat","Calipers","War Paint","Old Coin","Coffee Dripper","SsserpentHead","Meat on the Bone","Dream Catcher","StrikeDummy","Red Mask","VioletLotus","Blood Vial","Kunai","Bottled Tornado","Mercury Hourglass","Oddly Smooth Stone"],"acts_visited":["Exordium","TheCity","TheBeyond"],"potions_floor_usage":[31,35,41,41,50],"damage_taken":[{"damage":0.0,"enemies":"Jaw Worm","floor":1.0,"turns":3.0},{"damage":2.0,"enemies":"2 Louse","floor":3.0,"turns":3.0},{"damage":0.0,"enemies":"Small Slimes","floor":4.0,"turns":3.0},{"damage":1.0,"enemies":"Exordium Wildlife","floor":7.0,"turns":4.0},{"damage":10.0,"enemies":"3 Sentries","floor":8.0,"turns":3.0},{"damage":0.0,"enemies":"Blue Slaver","floor":12.0,"turns":2.0},{"damage":0.0,"enemies":"Gremlin Nob","floor":13.0,"turns":2.0},{"damage":0.0,"enemies":"Red Slaver","floor":14.0,"turns":1.0},{"damage":0.0,"enemies":"Slime Boss","floor":16.0,"turns":5.0},{"damage":2.0,"enemies":"Chosen","floor":18.0,"turns":4.0},{"damage":0.0,"enemies":"2 Thieves","floor":19.0,"turns":2.0},{"damage":0.0,"enemies":"Snake Plant","floor":21.0,"turns":4.0},{"damage":6.0,"enemies":"Gremlin Leader","floor":23.0,"turns":5.0},{"damage":10.0,"enemies":"Shelled Parasite and Fungi","floor":24.0,"turns":3.0},{"damage":16.0,"enemies":"Slavers","floor":25.0,"turns":4.0},{"damage":0.0,"enemies":"Masked Bandits","floor":27.0,"turns":2.0},{"damage":3.0,"enemies":"Cultist and Chosen","floor":30.0,"turns":4.0},{"damage":18,"enemies":"3 Cultists","floor":31,"turns":4},{"damage":2,"enemies":"Automaton","floor":33,"turns":8},{"damage":0,"enemies":"Orb Walker","floor":35,"turns":3},{"damage":1,"enemies":"3 Darklings","floor":36,"turns":3},{"damage":1,"enemies":"Giant Head","floor":40,"turns":2},{"damage":0,"enemies":"Jaw Worm Horde","floor":41,"turns":2},{"damage":0,"enemies":"Reptomancer","floor":45,"turns":3},{"damage":0,"enemies":"Sphere and 2 Shapes","floor":46,"turns":1},{"damage":0,"enemies":"Maw","floor":47,"turns":2},{"damage":0,"enemies":"Giant Head","floor":48,"turns":2},{"damage":0,"enemies":"Donu and Deca","floor":50,"turns":1},{"damage":15,"enemies":"Awakened One","floor":51,"turns":4}],"seed_played":"5406562886725837850","potions_obtained":[{"floor":7.0,"key":"DuplicationPotion"},{"floor":12.0,"key":"Strength Potion"},{"floor":16.0,"key":"SkillPotion"},{"floor":24.0,"key":"Weak Potion"},{"floor":27.0,"key":"Energy Potion"},{"floor":31,"key":"Ambrosia"},{"floor":35,"key":"LiquidBronze"},{"floor":40,"key":"GamblersBrew"},{"floor":44,"key":"GamblersBrew"},{"floor":44,"key":"Ancient Potion"}],"is_trial":false,"path_per_floor":["M","?","M","M","?","R","M","E","T","?","$","M","E","M","R","B",null,"M","M","?","M","$","E","M","E","T","?","?","R","M","M","R","B",null,"M","M","$","?","$","E","M","R","T","?","E","M","M","E","R","B","B",null],"character_chosen":"WATCHER","items_purchased":["War Paint","InnerPeace","Blood Vial","Master of Strategy"],"campfire_rested":1,"item_purchase_floors":[11,39,39,39],"current_hp_per_floor":[61,50,48,48,41,41,40,30,30,7,7,7,7,7,27,27,58,56,56,56,56,56,50,40,36,36,36,36,36,45,39,39,37,60,60,59,59,59,59,60,62,62,62,62,64,66,68,68,68,68,53],"gold":867,"neow_bonus":"ONE_RANDOM_RARE_CARD","is_daily":false,"chose_seed":false,"campfire_upgraded":5,"win_rate":0.0,"timestamp":1608130714,"path_taken":["M","?","M","M","?","R","?","E","T","?","?","M","E","M","R","BOSS","M","M","?","?","$","E","M","E","T","?","?","R","M","M","R","BOSS","M","M","$","?","?","E","M","R","T","?","E","?","M","E","R","BOSS","BOSS"],"items_purchased_type":["Relic","Card","Relic","Card"],"build_version":"2020-12-13","purchased_purges":4,"victory":true,"max_hp_per_floor":[68,68,68,68,68,68,68,68,68,68,68,68,68,68,68,68,68,68,68,68,68,68,68,68,68,68,68,68,68,68,68,68,68,68,68,68,68,68,68,68,68,68,68,68,68,68,68,68,68,68,68],"card_choices":[{"not_picked":["Evaluate","JustLucky"],"picked":"ClearTheMind","floor":1.0},{"not_picked":["FlyingSleeves","ThirdEye"],"picked":"Tantrum","floor":3.0},{"not_picked":["InnerPeace","Indignation"],"picked":"Adaptation","floor":4.0},{"not_picked":["Protect","ReachHeaven"],"picked":"WheelKick","floor":7.0},{"not_picked":["Protect","FlyingSleeves","Meditate"],"picked":"SKIP","floor":8.0},{"not_picked":["BowlingBash","Wish"],"picked":"MentalFortress","floor":12.0},{"not_picked":["ClearTheMind","FlurryOfBlows","Weave"],"picked":"SKIP","floor":13.0},{"not_picked":["PathToVictory","SashWhip"],"picked":"MentalFortress","floor":14.0},{"not_picked":["FollowUp","FlyingSleeves+1"],"picked":"FearNoEvil","floor":18.0},{"not_picked":["Conclude","FlyingSleeves","CutThroughFate"],"picked":"SKIP","floor":19.0},{"not_picked":["EmptyBody","Fasting2"],"picked":"Adaptation+1","floor":21.0},{"not_picked":["Swivel","SashWhip","Weave"],"picked":"SKIP","floor":23.0},{"not_picked":["EmptyBody","WreathOfFlame","ThirdEye"],"picked":"SKIP","floor":24.0},{"not_picked":["SashWhip","Consecrate","Nirvana"],"picked":"SKIP","floor":25.0},{"not_picked":["Pray+1","Protect"],"picked":"LessonLearned","floor":27.0},{"not_picked":["SashWhip+1","BowlingBash","JustLucky"],"picked":"SKIP","floor":30.0},{"not_picked":["BowlingBash","FlyingSleeves","CutThroughFate"],"picked":"SKIP","floor":31},{"not_picked":["Tantrum","LikeWater","WheelKick+1"],"picked":"SKIP","floor":35},{"not_picked":["EmptyFist","Evaluate","CrushJoints"],"picked":"SKIP","floor":36},{"not_picked":["BowlingBash","CutThroughFate","SashWhip+1"],"picked":"SKIP","floor":40},{"not_picked":["PathToVictory+1","FlurryOfBlows","Evaluate"],"picked":"SKIP","floor":41},{"not_picked":["DevaForm","SandsOfTime","SashWhip+1"],"picked":"SKIP","floor":45},{"not_picked":["DeceiveReality","Prostrate+1","Halt"],"picked":"SKIP","floor":46},{"not_picked":["CutThroughFate","WheelKick","Weave+1"],"picked":"SKIP","floor":47},{"not_picked":["PathToVictory+1","Evaluate","Meditate"],"picked":"SKIP","floor":48}],"player_experience":917499,"relics_obtained":[{"floor":8.0,"key":"HornCleat"},{"floor":9.0,"key":"Calipers"},{"floor":13.0,"key":"Old Coin"},{"floor":23.0,"key":"Meat on the Bone"},{"floor":25.0,"key":"Dream Catcher"},{"floor":26.0,"key":"StrikeDummy"},{"floor":27.0,"key":"Red Mask"},{"floor":40,"key":"Kunai"},{"floor":43,"key":"Bottled Tornado"},{"floor":45,"key":"Mercury Hourglass"},{"floor":48,"key":"Oddly Smooth Stone"}],"event_choices":[{"damage_healed":0.0,"max_hp_gain":0.0,"max_hp_loss":0.0,"gold_gain":75.0,"event_name":"World of Goop","player_choice":"Gather Gold","floor":2.0,"gold_loss":0.0,"damage_taken":11.0},{"cards_removed":["Defend_P"],"damage_healed":0.0,"max_hp_gain":0.0,"max_hp_loss":0.0,"gold_gain":0.0,"event_name":"Golden Wing","player_choice":"Card Removal","floor":5.0,"gold_loss":0.0,"damage_taken":7.0},{"damage_healed":0.0,"max_hp_gain":0.0,"max_hp_loss":0.0,"gold_gain":0.0,"event_name":"Golden Idol","player_choice":"Take Damage","floor":10.0,"gold_loss":0.0,"damage_taken":23.0,"relics_obtained":["Golden Idol"]},{"damage_healed":0.0,"max_hp_gain":0.0,"max_hp_loss":0.0,"gold_gain":0.0,"event_name":"FaceTrader","player_choice":"Trade","floor":20.0,"gold_loss":0.0,"damage_taken":0.0,"relics_obtained":["SsserpentHead"]},{"damage_healed":0.0,"max_hp_gain":0.0,"max_hp_loss":0.0,"gold_gain":0.0,"event_name":"Masked Bandits","player_choice":"Fought Bandits","floor":27.0,"gold_loss":0.0,"damage_taken":0.0},{"damage_healed":0.0,"max_hp_gain":0.0,"max_hp_loss":0.0,"gold_gain":0.0,"event_name":"The Mausoleum","player_choice":"Ignored","floor":28.0,"gold_loss":0.0,"damage_taken":0.0},{"damage_healed":0,"gold_gain":333,"player_choice":"Gave Idol","damage_taken":0,"max_hp_gain":0,"max_hp_loss":0,"event_name":"The Moai Head","floor":38,"relics_lost":["Golden Idol"],"gold_loss":0},{"damage_healed":0,"gold_gain":0,"player_choice":"Got Potions","damage_taken":0,"max_hp_gain":0,"max_hp_loss":0,"event_name":"Lab","floor":44,"gold_loss":0}],"is_beta":false,"boss_relics":[{"not_picked":["Calling Bell","Fusion Hammer"],"picked":"Coffee Dripper"},{"not_picked":["Philosopher\u0027s Stone","Sozu"],"picked":"VioletLotus"}],"items_purged_floors":[11,22,37,39],"is_endless":false,"potions_floor_spawned":[7,12,13,16,21,24,27,31,35,40,45,48],"ascension_level":20}}