{"host":"1c52r9kaxdyo25eq","time":1608119963,"event":{"mods":["AchievementEnabler","BaseMod","Minty Spire (QoL Compilation)","Rare Cards Sparkle","SuperFastMode","everything is the same but u backflip on backflip"],"gold_per_floor":[115,115,115,129,139,139,158,191,191,191,216,233,247,261,261,334,334,352,352,364,414,339,339,339,339],"floor_reached":24,"playtime":554,"items_purged":[],"score":396,"play_id":"3c5d1a8d-9b15-4cde-bc0c-dc87354aa1e6","local_time":"20201216205923","is_ascension_mode":true,"campfire_choices":[{"data":"Choke","floor":6.0,"key":"SMITH"},{"data":"Blade Dance","floor":10.0,"key":"SMITH"},{"data":"Neutralize","floor":15.0,"key":"SMITH"},{"floor":23.0,"key":"REST"}],"circlet_count":0,"master_deck":["AscendersBane","Strike_G","Strike_G","Strike_G","Defend_G","Defend_G","Defend_G","Defend_G","Survivor","Neutralize+1","Blade Dance+1","Bane","Choke+1","Backflip","Infinite Blades","Footwork","Cloak And Dagger","Corpse Explosion","Concentrate"],"relics":["Ring of the Snake","Bronze Scales","Ancient Tea Set","Blood Vial","Runic Pyramid"],"acts_visited":["Exordium","TheCity"],"potions_floor_usage":[24],"damage_taken":[{"damage":2.0,"enemies":"2 Louse","floor":1.0,"turns":3.0},{"damage":4.0,"enemies":"Jaw Worm","floor":4.0,"turns":3.0},{"damage":0.0,"enemies":"Small Slimes","floor":5.0,"turns":2.0},{"damage":0.0,"enemies":"Red Slaver","floor":7.0,"turns":3.0},{"damage":25.0,"enemies":"Lagavulin","floor":8.0,"turns":6.0},{"damage":1.0,"enemies":"Looter","floor":12.0,"turns":2.0},{"damage":1.0,"enemies":"Blue Slaver","floor":13.0,"turns":4.0},{"damage":14.0,"enemies":"3 Louse","floor":14.0,"turns":4.0},{"damage":12.0,"enemies":"The Guardian","floor":16.0,"turns":13.0},{"damage":39.0,"enemies":"3 Byrds","floor":18.0,"turns":3.0},{"damage":1.0,"enemies":"Chosen","floor":20.0,"turns":5.0},{"damage":10,"enemies":"Gremlin Leader","floor":24,"turns":6}],"seed_played":"5221762039745042450","potions_obtained":[{"floor":4.0,"key":"PowerPotion"},{"floor":7.0,"key":"Dexterity Potion"},{"floor":13.0,"key":"Block Potion"},{"floor":16.0,"key":"LiquidMemories"},{"floor":18.0,"key":"Fire Potion"}],"is_trial":false,"path_per_floor":["M","?","?","M","M","R","M","E","T","R","T","M","M","M","R","B",null,"M","?","M","?","?","R","E"],"character_chosen":"THE_SILENT","items_purchased":[],"campfire_rested":1,"item_purchase_floors":[],"current_hp_per_floor":[57,57,57,53,53,53,53,28,28,28,28,29,30,18,18,8,52,15,15,16,16,16,35,27,27],"gold":339,"neow_bonus":"RANDOM_COMMON_RELIC","is_daily":false,"chose_seed":false,"campfire_upgraded":3,"win_rate":0.0,"timestamp":1608119963,"path_taken":["M","?","?","M","M","R","M","E","T","R","?","M","M","M","R","BOSS","M","?","?","?","?","R","E"],"items_purchased_type":[],"build_version":"2020-12-13","purchased_purges":0,"victory":false,"max_hp_per_floor":[66,66,66,66,66,66,66,66,66,66,66,66,66,66,66,66,66,66,66,66,66,66,66,66,66],"card_choices":[{"not_picked":["Underhanded Strike","Finisher"],"picked":"Blade Dance","floor":1.0},{"not_picked":["Poisoned Stab","Flechettes","Slice"],"picked":"SKIP","floor":4.0},{"not_picked":["Eviscerate","Setup"],"picked":"Choke","floor":5.0},{"not_picked":["Calculated Gamble","Bane"],"picked":"Backflip","floor":7.0},{"not_picked":["Eviscerate","Backflip"],"picked":"Infinite Blades","floor":8.0},{"not_picked":["Deflect","Poisoned Stab"],"picked":"Footwork","floor":12.0},{"not_picked":["Underhanded Strike","Flechettes","Concentrate"],"picked":"SKIP","floor":13.0},{"not_picked":["Poisoned Stab","Prepared"],"picked":"Cloak And Dagger","floor":14.0},{"not_picked":["Tools of the Trade","Malaise"],"picked":"Corpse Explosion","floor":16.0},{"not_picked":["Deflect","PiercingWail","Distraction"],"picked":"SKIP","floor":18.0},{"not_picked":["Deflect","Setup","Footwork"],"picked":"SKIP","floor":20.0}],"player_experience":485825,"relics_obtained":[{"floor":8.0,"key":"Ancient Tea Set"},{"floor":11.0,"key":"Blood Vial"}],"event_choices":[{"damage_healed":0.0,"max_hp_gain":0.0,"max_hp_loss":0.0,"gold_gain":0.0,"event_name":"Liars Game","player_choice":"Ignored","floor":2.0,"gold_loss":0.0,"damage_taken":0.0},{"damage_healed":0.0,"max_hp_gain":0.0,"max_hp_loss":0.0,"gold_gain":0.0,"cards_transformed":["Defend_G"],"event_name":"Living Wall","player_choice":"Change","floor":3.0,"gold_loss":0.0,"damage_taken":0.0,"cards_obtained":["Bane"]},{"damage_healed":0.0,"max_hp_gain":0.0,"max_hp_loss":0.0,"gold_gain":0.0,"cards_transformed":["Strike_G"],"event_name":"Transmorgrifier","player_choice":"Transformed","floor":19.0,"gold_loss":0.0,"damage_taken":0.0,"cards_obtained":["Concentrate"]},{"damage_healed":0.0,"max_hp_gain":0.0,"max_hp_loss":0.0,"gold_gain":50.0,"event_name":"Nest","player_choice":"Stole From Cult","floor":21.0,"gold_loss":0.0,"damage_taken":0.0},{"cards_removed":["Strike_G"],"damage_healed":0.0,"max_hp_gain":0.0,"max_hp_loss":0.0,"gold_gain":0.0,"event_name":"Beggar","player_choice":"Gave Gold","floor":22.0,"gold_loss":75.0,"damage_taken":0.0}],"is_beta":false,"boss_relics":[{"not_picked":["Philosopher\u0027s Stone","Ring of the Serpent"],"picked":"Runic Pyramid"}],"items_purged_floors":[],"is_endless":false,"potions_floor_spawned":[4,7,13,14,16,18],"killed_by":"Gremlin Leader","ascension_level":20}}