{"host":"6xsbn6ynqlzwllfm","time":1608138482,"event":{"mods":["2.2 Compatiblity","BaseMod","Bestiary","Colored Map","Colored Powertips","Curses Come First","Downfall","Highlight Path","Minty Spire (QoL Compilation)","Quick Restart","Relic Stats","Slay the Relics Exporter","StSLib","SuperFastMode"],"gold_per_floor":[118,135,35,48,68,102,102,136,187,187,187,2,2,22,22,96,96,110,120,136,29,49,49,79,129,129,129,157,157,167,183,183,258,258,273,60,75,75,93,93,104,104,127,127,127,152,169,169,169,169,169],"floor_reached":50,"playtime":1850,"items_purged":["Strike_R","Strike_R","Strike_R"],"score":1394,"play_id":"f013aae6-c7f4-4520-89e0-8254fab06a4e","local_time":"20201216120802","is_ascension_mode":true,"campfire_choices":[{"data":"Whirlwind","floor":7.0,"key":"SMITH"},{"data":"Fiend Fire","floor":11.0,"key":"SMITH"},{"data":"True Grit","floor":13.0,"key":"SMITH"},{"data":"True Grit","floor":15.0,"key":"SMITH"},{"data":"Demon Form","floor":23.0,"key":"SMITH"},{"floor":27.0,"key":"REST"},{"data":"Pommel Strike","floor":29.0,"key":"SMITH"},{"floor":32.0,"key":"REST"},{"floor":40.0,"key":"REST"},{"floor":42.0,"key":"REST"},{"data":"Brutality","floor":45.0,"key":"SMITH"},{"floor":49.0,"key":"REST"}],"circlet_count":0,"master_deck":["AscendersBane","Strike_R","Strike_R","Defend_R","Defend_R","Defend_R","Bash","Flame Barrier","True Grit+1","Headbutt","Whirlwind+1","Thunderclap","Sentinel","Fiend Fire+1","True Grit+1","Ghostly Armor","Demon Form+1","CurseOfTheBell","Pommel Strike+1","Pommel Strike","Power Through+1","Dark Embrace","Warcry","Shrug It Off","Warcry","Infernal Blade","Brutality+1","Shrug It Off","Evolve+1","Metallicize+1"],"relics":["Philosopher\u0027s Stone","Smiling Mask","Sundial","Bag of Preparation","HornCleat","Membership Card","Calling Bell","Regal Pillow","InkBottle","Charon\u0027s Ashes","Strawberry","Letter Opener","Ancient Tea Set","Sozu","Strange Spoon","Anchor","Nunchaku"],"acts_visited":["Exordium","TheCity","TheBeyond"],"potions_floor_usage":[],"damage_taken":[{"damage":0.0,"enemies":"Cultist","floor":1.0,"turns":3.0},{"damage":6.0,"enemies":"Jaw Worm","floor":2.0,"turns":3.0},{"damage":1.0,"enemies":"Small Slimes","floor":4.0,"turns":4.0},{"damage":0.0,"enemies":"Gremlin Gang","floor":5.0,"turns":2.0},{"damage":26.0,"enemies":"Gremlin Nob","floor":6.0,"turns":4.0},{"damage":12.0,"enemies":"3 Sentries","floor":8.0,"turns":4.0},{"damage":0.0,"enemies":"Blue Slaver","floor":14.0,"turns":1.0},{"damage":15.0,"enemies":"Slime Boss","floor":16.0,"turns":9.0},{"damage":0.0,"enemies":"Chosen","floor":18.0,"turns":2.0},{"damage":17.0,"enemies":"Shell Parasite","floor":19.0,"turns":6.0},{"damage":0.0,"enemies":"Snake Plant","floor":20.0,"turns":1.0},{"damage":0.0,"enemies":"Centurion and Healer","floor":22.0,"turns":5.0},{"damage":39.0,"enemies":"Book of Stabbing","floor":24.0,"turns":6.0},{"damage":0.0,"enemies":"Gremlin Leader","floor":28.0,"turns":3.0},{"damage":0.0,"enemies":"3 Cultists","floor":30.0,"turns":2.0},{"damage":22.0,"enemies":"Shelled Parasite and Fungi","floor":31.0,"turns":6.0},{"damage":42.0,"enemies":"Collector","floor":33.0,"turns":6.0},{"damage":0.0,"enemies":"3 Shapes","floor":35.0,"turns":3.0},{"damage":0.0,"enemies":"Orb Walker","floor":37.0,"turns":2.0},{"damage":46.0,"enemies":"Spire Growth","floor":39.0,"turns":7.0},{"damage":16.0,"enemies":"3 Darklings","floor":41.0,"turns":3.0},{"damage":44.0,"enemies":"Nemesis","floor":46.0,"turns":5.0},{"damage":19.0,"enemies":"Transient","floor":47.0,"turns":6.0},{"damage":81,"enemies":"Awakened One","floor":50,"turns":3}],"seed_played":"599798155072565779","potions_obtained":[{"floor":2.0,"key":"Explosive Potion"},{"floor":14.0,"key":"Block Potion"},{"floor":16.0,"key":"Block Potion"},{"floor":24.0,"key":"ColorlessPotion"},{"floor":30.0,"key":"Fruit Juice"},{"floor":31.0,"key":"Ancient Potion"},{"floor":33.0,"key":"Explosive Potion"}],"is_trial":false,"path_per_floor":["M","M","$","M","M","E","R","E","T","T","R","$","R","M","R","B",null,"M","M","M","$","M","R","E","?","T","R","E","R","M","M","R","B",null,"M","$","M","?","M","R","M","R","T","?","R","E","M","?","R","B"],"character_chosen":"IRONCLAD","items_purchased":["Headbutt","Membership Card","True Grit","Dark Embrace","Warcry","Strange Spoon","Anchor"],"campfire_rested":5,"item_purchase_floors":[3,12,12,21,21,36,36],"current_hp_per_floor":[68,62,62,61,61,35,35,23,23,23,23,23,23,23,23,8,58,58,41,41,41,41,41,9,9,9,48,48,48,48,31,72,30,73,73,73,73,68,22,63,47,87,87,87,87,43,24,24,65,0,0],"gold":169,"neow_bonus":"BOSS_RELIC","is_daily":false,"chose_seed":false,"campfire_upgraded":7,"win_rate":0.0,"timestamp":1608138482,"path_taken":["M","M","$","M","M","E","R","E","T","?","R","$","R","M","R","BOSS","M","M","M","$","?","R","E","?","T","R","E","R","M","M","R","BOSS","M","$","M","?","M","R","?","R","T","?","R","E","?","?","R","BOSS"],"items_purchased_type":["Card","Relic","Card","Card","Card","Relic","Relic"],"build_version":"2020-12-13","purchased_purges":3,"victory":false,"max_hp_per_floor":[75,75,75,75,75,75,75,75,75,75,75,75,75,75,75,75,75,75,75,75,75,75,75,82,82,82,82,82,82,82,87,87,87,87,87,87,87,87,87,87,87,87,87,87,87,87,87,87,87,87,87],"relic_stats":{"Sozu":4,"Strange Spoon":[9],"Regal Pillow":74,"Nunchaku":[1],"counters":[24,96],"Sundial":[8],"Charon\u0027s Ashes":[465],"Bag of Preparation":[36],"Letter Opener":[127],"Smiling Mask":13,"obtain_stats":[{"Regal Pillow":17,"Charon\u0027s Ashes":17,"Bag of Preparation":9,"Letter Opener":26,"Smiling Mask":6,"Ancient Tea Set":28,"Burning Blood":0,"Calling Bell":17,"Sozu":34,"Strange Spoon":36,"Anchor":36,"Nunchaku":46,"HornCleat":10,"Sundial":8,"Strawberry":24,"Philosopher\u0027s Stone":0,"Membership Card":12,"InkBottle":17},{"Regal Pillow":8,"Charon\u0027s Ashes":8,"Bag of Preparation":6,"Letter Opener":13,"Smiling Mask":5,"Ancient Tea Set":14,"Burning Blood":0,"Calling Bell":8,"Sozu":17,"Strange Spoon":18,"Anchor":18,"Nunchaku":22,"HornCleat":6,"Sundial":6,"Strawberry":13,"Philosopher\u0027s Stone":0,"Membership Card":6,"InkBottle":8},{"Regal Pillow":30,"Charon\u0027s Ashes":30,"Bag of Preparation":20,"Letter Opener":50,"Smiling Mask":16,"Ancient Tea Set":53,"Burning Blood":0,"Calling Bell":30,"Sozu":67,"Strange Spoon":70,"Anchor":70,"Nunchaku":87,"HornCleat":20,"Sundial":20,"Strawberry":50,"Philosopher\u0027s Stone":0,"Membership Card":20,"InkBottle":30}],"InkBottle":[23]},"card_choices":[{"not_picked":["Flex","Armaments"],"picked":"Flame Barrier","floor":1.0},{"not_picked":["Intimidate","Iron Wave"],"picked":"True Grit","floor":2.0},{"not_picked":["Warcry","Sword Boomerang"],"picked":"Whirlwind","floor":4.0},{"not_picked":["Headbutt","Intimidate"],"picked":"Thunderclap","floor":5.0},{"not_picked":["Rupture","Flex"],"picked":"Sentinel","floor":6.0},{"not_picked":["Cleave","Clothesline"],"picked":"Fiend Fire","floor":8.0},{"not_picked":["Heavy Blade","Cleave"],"picked":"Ghostly Armor","floor":14.0},{"not_picked":["Juggernaut","Immolate"],"picked":"Demon Form","floor":16.0},{"not_picked":["Anger","Clothesline"],"picked":"Pommel Strike","floor":18.0},{"not_picked":["Hemokinesis","Anger"],"picked":"Pommel Strike","floor":19.0},{"not_picked":["Rupture","Pummel+1"],"picked":"Power Through+1","floor":20.0},{"not_picked":["Power Through","Rupture"],"picked":"Shrug It Off","floor":22.0},{"not_picked":["Whirlwind","Pommel Strike","Body Slam"],"picked":"SKIP","floor":24.0},{"not_picked":["Body Slam","Hemokinesis","Whirlwind"],"picked":"SKIP","floor":28.0},{"not_picked":["Whirlwind","Sever Soul"],"picked":"Warcry","floor":30.0},{"not_picked":["Entrench","Headbutt"],"picked":"Infernal Blade","floor":31.0},{"not_picked":["Demon Form","Juggernaut"],"picked":"Brutality","floor":33.0},{"not_picked":["Pommel Strike","Sentinel"],"picked":"Shrug It Off","floor":35.0},{"not_picked":["Rampage","Combust"],"picked":"Evolve","floor":39.0},{"not_picked":["Headbutt+1","Infernal Blade"],"picked":"Metallicize+1","floor":41.0},{"not_picked":["Headbutt","True Grit","Thunderclap"],"picked":"SKIP","floor":46.0},{"not_picked":["Flex","Dark Embrace","Entrench"],"picked":"SKIP","floor":47.0}],"player_experience":1222345,"relics_obtained":[{"floor":6.0,"key":"Smiling Mask"},{"floor":8.0,"key":"Sundial"},{"floor":9.0,"key":"Bag of Preparation"},{"floor":10.0,"key":"HornCleat"},{"floor":17.0,"key":"Regal Pillow"},{"floor":17.0,"key":"InkBottle"},{"floor":17.0,"key":"Charon\u0027s Ashes"},{"floor":24.0,"key":"Strawberry"},{"floor":26.0,"key":"Letter Opener"},{"floor":28.0,"key":"Ancient Tea Set"},{"floor":46.0,"key":"Nunchaku"}],"event_choices":[{"damage_healed":0.0,"max_hp_gain":0.0,"max_hp_loss":0.0,"gold_gain":50.0,"event_name":"Nest","player_choice":"Stole From Cult","floor":25.0,"gold_loss":0.0,"damage_taken":0.0},{"damage_healed":0.0,"max_hp_gain":0.0,"max_hp_loss":0.0,"gold_gain":0.0,"event_name":"The Woman in Blue","player_choice":"Bought 0 Potions","floor":38.0,"gold_loss":0.0,"damage_taken":0.0},{"damage_healed":0.0,"max_hp_gain":0.0,"max_hp_loss":0.0,"gold_gain":0.0,"event_name":"Upgrade Shrine","player_choice":"Upgraded","floor":44.0,"gold_loss":0.0,"damage_taken":0.0,"cards_upgraded":["Evolve"]},{"cards_removed":["Defend_R"],"damage_healed":0.0,"max_hp_gain":0.0,"max_hp_loss":0.0,"gold_gain":0.0,"event_name":"Falling","player_choice":"Removed Skill","floor":48.0,"gold_loss":0.0,"damage_taken":0.0}],"is_beta":false,"boss_relics":[{"not_picked":["Ectoplasm","Black Star"],"picked":"Calling Bell"},{"not_picked":["Empty Cage","SacredBark"],"picked":"Sozu"}],"items_purged_floors":[3,21,36],"is_endless":false,"potions_floor_spawned":[2,14,16,24,30,31,33,39,41,46,47],"killed_by":"Awakened One","ascension_level":20}}