{"host":"a2lstcqnqliiu9ja","time":1608159393,"event":{"mods":["Aspiration","BaseMod","Conspire","Downfall","Energized Spire","Hubris","Infinite Spire","Marisa????????","Minty Spire (QoL Compilation)","Quick Restart","Replay The Spire","SOS???????","StSLib","The Animator","The Disciple","The Factory","The Jungle","The Runesmith","The Servant 0.9.4"],"gold_per_floor":[112,112,143,143,175,175,191,203,271,271,288,306,351,351,351,450,450,469,454,454],"floor_reached":19,"playtime":1296,"items_purged":[],"score":256,"play_id":"e1f5863b-d9e8-445f-be09-e8520c3d049d","local_time":"20201216225633","is_ascension_mode":true,"campfire_choices":[{"data":"animator:NagisaMomoe","floor":6,"key":"SMITH"},{"data":"animator:Archer","floor":10,"key":"SMITH"}],"circlet_count":0,"master_deck":["conspire:GhostlyStrike","conspire:GhostlyDefend","conspire:GhostlyStrike","conspire:GhostlyStrike","conspire:GhostlyStrike","conspire:GhostlyDefend","conspire:GhostlyDefend","conspire:GhostlyDefend","animator:Alexander","animator:NagisaMomoe+1","animator:Pride","animator:Archer+1","animator:Lancer","animator:Eris","animator:Eris","animator:Berserker","Amnesia","animator:Genos","animator:Kyubey"],"relics":["animator:LivingPicture","animator:TheMissingPiece","NeowsBlessing","conspire:DecoderRing","Juzu Bracelet","ReplayTheSpireMod:Ring of Sloth","Ring of Fury","Busted Crown"],"acts_visited":["Exordium","TheCity"],"potions_floor_usage":[13,16,16,18],"damage_taken":[{"damage":0,"enemies":"Small Slimes","floor":1,"turns":1},{"damage":0,"enemies":"Jaw Worm","floor":3,"turns":1},{"damage":0,"enemies":"infinitespire:Voidling","floor":5,"turns":1},{"damage":3,"enemies":"Blue Slaver","floor":7,"turns":4},{"damage":15,"enemies":"2 Fungi Beasts","floor":8,"turns":5},{"damage":22,"enemies":"Lots of Slimes","floor":11,"turns":5},{"damage":5,"enemies":"Looter","floor":12,"turns":4},{"damage":7,"enemies":"Lagavulin","floor":13,"turns":5},{"damage":26,"enemies":"The Guardian","floor":16,"turns":6},{"damage":30,"enemies":"conspire:FuzzyDice","floor":18,"turns":6},{"damage":10,"enemies":"2 Thieves","floor":19,"turns":1}],"seed_played":"-1601403891205378653","potions_obtained":[{"floor":7,"key":"Elixir"},{"floor":8,"key":"FearPotion"},{"floor":11,"key":"Strength Potion"},{"floor":12,"key":"Toxic Potion"},{"floor":16,"key":"EssenceOfSteel"},{"floor":18,"key":"Elixir"}],"is_trial":false,"path_per_floor":["M","?","M","?","M","R","M","M","T","R","M","M","E","?","R","B",null,"M","M"],"character_chosen":"THE_ANIMATOR","items_purchased":[],"campfire_rested":0,"item_purchase_floors":[],"current_hp_per_floor":[66,66,66,66,66,66,64,49,49,49,30,28,27,27,27,8,68,38,28,28],"gold":454,"neow_bonus":"THREE_ENEMY_KILL","is_daily":false,"chose_seed":false,"campfire_upgraded":2,"win_rate":0.0,"timestamp":1608159393,"path_taken":["M","?","M","?","M","R","M","M","T","R","M","?","E","?","R","BOSS","M","M"],"items_purchased_type":[],"build_version":"2020-12-13","purchased_purges":0,"victory":false,"max_hp_per_floor":[66,66,66,66,66,66,67,67,67,67,67,67,67,67,67,68,68,68,68,68],"card_choices":[{"not_picked":["animator:Pride","animator:Illya"],"picked":"animator:SilverFang","floor":1},{"not_picked":["animator:KyokoSakura","animator:SayakaMiki"],"picked":"animator:NagisaMomoe","floor":3},{"not_picked":["animator:YaoHaDucy","animator:MamiTomoe"],"picked":"animator:Archer","floor":5},{"not_picked":["animator:ShinjiMatou","animator:EmiyaShirou"],"picked":"animator:Lancer","floor":7},{"not_picked":["animator:OrikoMikuni","animator:RoyMustang"],"picked":"animator:Eris","floor":8},{"not_picked":["animator:DolaCouronne","animator:ZankiKiguchi","animator:ElricAlphonse"],"picked":"SKIP","floor":11},{"not_picked":["animator:IrohaTamaki","animator:Pride"],"picked":"animator:Eris","floor":12},{"not_picked":["animator:Illya","animator:Caster"],"picked":"animator:Berserker","floor":13},{"not_picked":["animator:Envy","animator:PinaCoLada"],"picked":"animator:Kyubey","floor":16},{"not_picked":["animator:SilverFang+1"],"picked":"SKIP","floor":18}],"player_experience":613052,"relics_obtained":[{"floor":9,"key":"conspire:DecoderRing"},{"floor":13,"key":"Juzu Bracelet"},{"floor":14,"key":"ReplayTheSpireMod:Ring of Sloth"},{"floor":14,"key":"Ring of Fury"}],"event_choices":[{"damage_healed":0,"gold_gain":0,"player_choice":"Agree","damage_taken":0,"max_hp_gain":0,"max_hp_loss":0,"event_name":"conspire:LoneGhost","floor":2,"gold_loss":0},{"damage_healed":0,"gold_gain":0,"cards_transformed":["animator:Rider"],"player_choice":"Transformed","damage_taken":0,"max_hp_gain":0,"max_hp_loss":0,"event_name":"Transmorgrifier","floor":4,"gold_loss":0,"cards_obtained":["animator:Pride"]}],"is_beta":false,"boss_relics":[{"not_picked":["infinitespire:Cupcake","conspire:SeveredTorchhead"],"picked":"Busted Crown"}],"items_purged_floors":[],"is_endless":false,"potions_floor_spawned":[7,8,11,12,16,18],"killed_by":"2 Thieves","ascension_level":1}}