{"host":"udyc8f81k2jocuhg","time":1608144694,"event":{"mods":["2.2 Compatiblity","BaseMod","Better Third Choice","Colored Powertips","Conspire","Custom Start","GifTheSpireLib","Hermit","Minty Spire (QoL Compilation)","Permanent Neow","Quick Restart","Relic Filter","Relic Stats","Replay The Spire","Shop Mod","Spikes Relics","StSLib","Stuff the Spire"],"gold_per_floor":[109,120,138,155,172,205,205,231,231,241,253,284,284,297,297,371,371,382,382,397,415,355,389,389,414,414,414,414,414,448,463,463,539,539,558,570,586,603,618,648,341,371,397,431,431,452,199,216,216,224,224,224,99,130,132,132],"floor_reached":55,"playtime":3071,"items_purged":["ReplayTheSpireMod:Restless Dread","Strike_B","Strike_B"],"score":1515,"play_id":"9b70d2c8-3c8e-4a1f-bf82-760db6aa268d","local_time":"20201216195134","is_ascension_mode":true,"campfire_choices":[{"data":"Defragment","floor":7.0,"key":"SMITH"},{"data":"Zap","floor":13.0,"key":"SMITH"},{"floor":15.0,"key":"REST"},{"data":"Conserve Battery","floor":24,"key":"SMITH"},{"data":"Seek","floor":32,"key":"SMITH"},{"floor":45,"key":"RECALL"},{"floor":49,"key":"REST"},{"data":"Amplify","floor":52,"key":"SMITH"}],"circlet_count":0,"master_deck":["AscendersBane","Strike_B","Strike_B","Defend_B","Defend_B","Defend_B","Defend_B","Zap+1","Dualcast","Electrodynamics","Defragment+1","Cold Snap","BootSequence","Conserve Battery+1","Steam","StuffTheSpire:Synthwave","Seek+1","Cold Snap","Chill","StuffTheSpire:Synthwave+1","Amplify+1","Conserve Battery","Machine Learning","Self Repair","Chill+1","Storm+1"],"relics":["Cracked Core","conspire:IceCreamScoop","RollingBoulder","DataDisk","AncientExoskeleton","RoseTintedShades","StoneCalendar","Divine Protection","StuffTheSpire:OldFever","Inserter","Replay:Bandana","Replay:Antivirus Software","Meat on the Bone","Pen Nib","Replay:Baseball","StuffTheSpire:BottledEssence","Replay:Ringing Soul"],"acts_visited":["Exordium","TheCity","TheBeyond","TheEnding"],"potions_floor_usage":[55,55],"damage_taken":[{"damage":2.0,"enemies":"Jaw Worm","floor":1.0,"turns":3.0},{"damage":7.0,"enemies":"2 Louse","floor":2.0,"turns":2.0},{"damage":4.0,"enemies":"Small Slimes","floor":3.0,"turns":4.0},{"damage":14.0,"enemies":"3 Louse","floor":4.0,"turns":2.0},{"damage":1.0,"enemies":"conspire:2 RoseBushes","floor":5.0,"turns":5.0},{"damage":15.0,"enemies":"3 Sentries","floor":6.0,"turns":7.0},{"damage":12.0,"enemies":"Gremlin Nob","floor":8.0,"turns":3.0},{"damage":0.0,"enemies":"Exordium Wildlife","floor":10.0,"turns":3.0},{"damage":0.0,"enemies":"3 Louse","floor":11.0,"turns":3.0},{"damage":10.0,"enemies":"Lagavulin","floor":12.0,"turns":8.0},{"damage":0.0,"enemies":"Blue Slaver","floor":14.0,"turns":3.0},{"damage":9,"enemies":"Fading Forest","floor":16,"turns":11},{"damage":3,"enemies":"2 Thieves","floor":18,"turns":3},{"damage":0,"enemies":"3 Byrds","floor":20,"turns":2},{"damage":0,"enemies":"Snecko","floor":21,"turns":5},{"damage":0,"enemies":"conspire:Head Lice","floor":23,"turns":5},{"damage":7,"enemies":"Replay:Snechameleon","floor":25,"turns":6},{"damage":0,"enemies":"Slavers","floor":30,"turns":4},{"damage":0,"enemies":"Snake Plant","floor":31,"turns":4},{"damage":24,"enemies":"conspire:MysteriousRune","floor":33,"turns":6},{"damage":0,"enemies":"Orb Walker","floor":35,"turns":4},{"damage":0,"enemies":"3 Shapes","floor":36,"turns":2},{"damage":0,"enemies":"Writhing Mass","floor":37,"turns":5},{"damage":10,"enemies":"Transient","floor":38,"turns":5},{"damage":0,"enemies":"Maw","floor":39,"turns":6},{"damage":0,"enemies":"Giant Head","floor":40,"turns":6},{"damage":2,"enemies":"Nemesis","floor":42,"turns":7},{"damage":17,"enemies":"Reptomancer","floor":44,"turns":4},{"damage":40,"enemies":"Sphere and 2 Shapes","floor":46,"turns":5},{"damage":0,"enemies":"3 Darklings","floor":48,"turns":4},{"damage":0,"enemies":"Donu and Deca","floor":50,"turns":6},{"damage":15,"enemies":"Shield and Spear","floor":54,"turns":4},{"damage":74,"enemies":"The Heart","floor":55,"turns":6}],"seed_played":"-3744775123645130034","potions_obtained":[{"floor":1.0,"key":"EssenceOfSteel"},{"floor":4.0,"key":"FocusPotion"},{"floor":11.0,"key":"Ancient Potion"},{"floor":12.0,"key":"Regen Potion"}],"is_trial":false,"path_per_floor":["M","M","M","M","M","E","R","E","T","M","M","E","R","M","R","B",null,"M","?","M","M","?","E","R","E","T","?","?","?","E","M","R","B",null,"M","M","M","M","M","E","$","E","T","E","R","M","$","M","R","B",null,"R","$","E","B"],"character_chosen":"DEFECT","items_purchased":["Self Repair","Replay:Antivirus Software","StuffTheSpire:BottledEssence"],"campfire_rested":2,"item_purchase_floors":[41,41,47],"current_hp_per_floor":[66,59,55,41,40,25,25,13,13,13,13,3,3,3,25,28,63,60,60,60,60,60,60,60,53,53,53,53,53,53,53,53,29,64,64,64,64,54,54,54,54,59,59,42,42,21,21,40,62,69,74,74,74,59,0,0],"gold":132,"neow_bonus":"THREE_RARE_CARDS","is_daily":false,"chose_seed":false,"campfire_upgraded":5,"win_rate":0.0,"timestamp":1608144694,"path_taken":["M","M","M","M","M","E","R","E","T","M","M","E","R","M","R","BOSS","M","?","M","M","?","E","R","E","T","?","?","?","E","M","R","BOSS","M","M","M","M","M","E","$","E","T","E","R","M","$","M","R","BOSS","R","$","E","BOSS"],"items_purchased_type":["Card","Relic","Relic"],"build_version":"2020-12-13","purchased_purges":3,"victory":false,"max_hp_per_floor":[75,75,75,75,75,75,75,75,75,75,75,75,75,75,75,75,75,75,75,75,75,75,75,75,75,75,75,75,75,75,75,75,75,75,75,75,75,75,75,75,75,75,75,75,75,75,75,75,75,75,75,75,75,75,75,75],"relic_stats":{"Inserter":[32],"counters":[33,153],"StoneCalendar":[16],"Pen Nib":[1],"obtain_stats":[{"Divine Protection":26,"Inserter":34,"AncientExoskeleton":17,"RoseTintedShades":23,"StoneCalendar":25,"Pen Nib":43,"StuffTheSpire:BottledEssence":47,"Replay:Ringing Soul":54,"DataDisk":12,"Replay:Bandana":40,"Replay:Baseball":44,"RollingBoulder":8,"Replay:Antivirus Software":41,"Cracked Core":0,"conspire:IceCreamScoop":6,"StuffTheSpire:OldFever":30,"Meat on the Bone":42},{"Divine Protection":17,"Inserter":20,"AncientExoskeleton":12,"RoseTintedShades":16,"StoneCalendar":17,"Pen Nib":27,"StuffTheSpire:BottledEssence":29,"Replay:Ringing Soul":32,"DataDisk":10,"Replay:Bandana":26,"Replay:Baseball":28,"RollingBoulder":7,"Replay:Antivirus Software":26,"Cracked Core":0,"conspire:IceCreamScoop":6,"StuffTheSpire:OldFever":18,"Meat on the Bone":27},{"Divine Protection":75,"Inserter":89,"AncientExoskeleton":54,"RoseTintedShades":69,"StoneCalendar":75,"Pen Nib":124,"StuffTheSpire:BottledEssence":133,"Replay:Ringing Soul":147,"DataDisk":40,"Replay:Bandana":117,"Replay:Baseball":128,"RollingBoulder":26,"Replay:Antivirus Software":117,"Cracked Core":0,"conspire:IceCreamScoop":23,"StuffTheSpire:OldFever":79,"Meat on the Bone":124}],"Meat on the Bone":24},"card_choices":[{"not_picked":["Seek","StuffTheSpire:EventHorizon"],"picked":"Electrodynamics","floor":0.0},{"not_picked":["Cold Snap","Sweeping Beam"],"picked":"Defragment","floor":1.0},{"not_picked":["Turbo","ReplayTheSpireMod:Dual Polarity","Beam Cell"],"picked":"SKIP","floor":2.0},{"not_picked":["ReplayTheSpireMod:System Scan","Hologram","Recycle"],"picked":"SKIP","floor":3.0},{"not_picked":["ReplayTheSpireMod:Repulse","Panic Button","FTL"],"picked":"SKIP","floor":4.0},{"not_picked":["ReplayTheSpireMod:Repulse","Recycle"],"picked":"Cold Snap","floor":5.0},{"not_picked":["Steam Power","Crystallizer"],"picked":"BootSequence","floor":6.0},{"not_picked":["Beam Cell","Gash","StuffTheSpire:Rend"],"picked":"SKIP","floor":8.0},{"not_picked":["Gash","Barrage"],"picked":"Conserve Battery","floor":10.0},{"not_picked":["Storm","BasicCrystalCard"],"picked":"Steam","floor":11.0},{"not_picked":["conspire:SharedLibrary","StuffTheSpire:ForEach","ReplayTheSpireMod:Reroute Power"],"picked":"SKIP","floor":12.0},{"not_picked":["Static Discharge","Gash"],"picked":"StuffTheSpire:Synthwave","floor":14.0},{"not_picked":["Hyperbeam","StuffTheSpire:LaunchingStrike"],"picked":"Seek","floor":16},{"not_picked":["Undo+1","BasicCrystalCard"],"picked":"Cold Snap","floor":18},{"not_picked":["Ball Lightning","StuffTheSpire:LoadUp","Rebound"],"picked":"SKIP","floor":20},{"not_picked":["StuffTheSpire:Plugnplay","StuffTheSpire:LoadUp+1","Sweeping Beam"],"picked":"SKIP","floor":21},{"not_picked":["Undo","Go for the Eyes"],"picked":"Chill","floor":23},{"not_picked":["Barrage","StuffTheSpire:Plugnplay","Streamline"],"picked":"SKIP","floor":25},{"not_picked":["ReplaySort","Scrape","Doom and Gloom"],"picked":"SKIP","floor":30},{"not_picked":["Mirror Shield","Go for the Eyes"],"picked":"StuffTheSpire:Synthwave+1","floor":31},{"not_picked":["ReplayRNGCard","Multi-Cast"],"picked":"Amplify","floor":33},{"not_picked":["Panic Button","Go for the Eyes+1","Reinforced Body+1"],"picked":"SKIP","floor":35},{"not_picked":["Streamline","Redo+1"],"picked":"Conserve Battery","floor":36},{"not_picked":["Panic Button+1","Streamline","Compile Driver"],"picked":"SKIP","floor":37},{"not_picked":["Rip and Tear+1","Chaos+1","StuffTheSpire:ShieldGenerator"],"picked":"SKIP","floor":38},{"not_picked":["ReplayTheSpireMod:Reroute Power","BasicCrystalCard","Conserve Battery"],"picked":"SKIP","floor":39},{"not_picked":["Conserve Battery","Rip and Tear"],"picked":"Machine Learning","floor":40},{"not_picked":["Auto Shields","Redo+1","StuffTheSpire:SnapShoot"],"picked":"SKIP","floor":42},{"not_picked":["Go for the Eyes","DiskWipe","Cold Snap"],"picked":"SKIP","floor":44},{"not_picked":["Recycle","Redo+1"],"picked":"Chill+1","floor":46},{"not_picked":["Barrage","Sweeping Beam"],"picked":"Storm+1","floor":48},{"not_picked":["Barrage","Steam","StuffTheSpire:LoadUp"],"picked":"SKIP","floor":54}],"player_experience":1917121,"relics_obtained":[{"floor":6.0,"key":"conspire:IceCreamScoop"},{"floor":8.0,"key":"RollingBoulder"},{"floor":12.0,"key":"DataDisk"},{"floor":23,"key":"RoseTintedShades"},{"floor":25,"key":"StoneCalendar"},{"floor":26,"key":"Divine Protection"},{"floor":30,"key":"StuffTheSpire:OldFever"},{"floor":40,"key":"Replay:Bandana"},{"floor":42,"key":"Meat on the Bone"},{"floor":43,"key":"Pen Nib"},{"floor":44,"key":"Replay:Baseball"},{"floor":54,"key":"Replay:Ringing Soul"}],"event_choices":[{"damage_healed":0,"gold_gain":0,"player_choice":"Leave","damage_taken":0,"max_hp_gain":0,"max_hp_loss":0,"event_name":"conspire:Investor","floor":19,"gold_loss":0},{"damage_healed":0,"gold_gain":0,"player_choice":"Ignored","damage_taken":0,"max_hp_gain":0,"max_hp_loss":0,"event_name":"Ghosts","floor":27,"gold_loss":0},{"damage_healed":0,"gold_gain":0,"player_choice":"Adaptability","damage_taken":0,"max_hp_gain":0,"max_hp_loss":0,"event_name":"betterThird:BetterWriting","floor":28,"gold_loss":0},{"damage_healed":0,"gold_gain":0,"player_choice":"Ignored","damage_taken":0,"max_hp_gain":0,"max_hp_loss":0,"event_name":"Vampires","floor":29,"gold_loss":0}],"is_beta":false,"boss_relics":[{"not_picked":["Fusion Hammer","StuffTheSpire:RunicHypercube"],"picked":"AncientExoskeleton"},{"not_picked":["Sandwich","CosmicIsotope"],"picked":"Inserter"}],"items_purged_floors":[41,47,53],"is_endless":false,"potions_floor_spawned":[1,4,5,11,12,16,23,31,37,40,42,48],"killed_by":"The Heart","ascension_level":13}}