{"host":"coame8l8goqx0svj","time":1608143024,"event":{"mods":["BaseMod","Downfall","Minty Spire (QoL Compilation)","StSLib"],"gold_per_floor":[99,127,52,52,52,77,128,156,169,195,195,141,47,62,73,73,73],"floor_reached":16,"playtime":1206,"items_purged":[],"score":211,"play_id":"91545cfe-e23a-4ddc-b958-8757fd69f2a1","local_time":"20201216192344","is_ascension_mode":true,"campfire_choices":[{"floor":1,"key":"RECALL"},{"data":"hexamod:NightmareGuise","floor":3,"key":"SMITH"}],"circlet_count":0,"master_deck":["hexamod:Strike","hexamod:Strike","hexamod:Strike","hexamod:Defend","hexamod:Defend","hexamod:Defend","hexamod:Defend","hexamod:Sear","hexamod:Float","hexamod:NightmareGuise+1","hexamod:GhostShield","hexamod:SearingWound","hexamod:ThirdSeal","hexamod:GhostLash","hexamod:DynamicBlow","hexamod:ApocalypseNow+1","hexamod:GhostLash","hexamod:PhantomCloak","hexamod:RadiantFlame","hexamod:Hexaguard+1","hexamod:PowerFromBeyond+1","hexamod:RadiantFlame","hexamod:Hexaguard+1","hexamod:EtherealExpedition+1"],"relics":["hexamod:SpiritBrand","downfall:HeartsMalice","Lantern","downfall:HeartBlessingRed","Blue Candle","PreservedInsect","Orichalcum","Toxic Egg 2"],"acts_visited":["Exordium"],"potions_floor_usage":[13,16,16],"damage_taken":[{"damage":0,"enemies":"Lagavulin","floor":2,"turns":1},{"damage":0,"enemies":"Jaw Worm","floor":5,"turns":1},{"damage":0,"enemies":"Gremlin Nob","floor":6,"turns":1},{"damage":14,"enemies":"3 Sentries","floor":8,"turns":10},{"damage":0,"enemies":"Cultist","floor":9,"turns":3},{"damage":12,"enemies":"Gremlin Nob","floor":10,"turns":3},{"damage":0,"enemies":"downfall:FleeingMerchant","floor":12,"turns":4},{"damage":8,"enemies":"downfall:FleeingMerchant","floor":13,"turns":4},{"damage":0,"enemies":"2 Louse","floor":14,"turns":3},{"damage":0,"enemies":"Blue Slaver","floor":15,"turns":4},{"damage":40,"enemies":"downfall:Defect","floor":16,"turns":6}],"seed_played":"-1060267204123152750","potions_obtained":[{"floor":8,"key":"CultistPotion"},{"floor":14,"key":"sneckomod:MuddlingPotion"},{"floor":15,"key":"LiquidMemories"}],"is_trial":false,"path_per_floor":["R","E","R","?","M","E","T","E","M","E","?","$","$","M","M","B"],"character_chosen":"THE_SPIRIT","items_purchased":["hexamod:PhantomCloak","hexamod:PowerFromBeyond+1"],"campfire_rested":0,"item_purchase_floors":[12,13],"current_hp_per_floor":[70,70,70,70,70,70,70,56,56,44,44,44,36,36,36,0,0],"gold":73,"neow_bonus":"THREE_ENEMY_KILL","is_daily":false,"chose_seed":false,"campfire_upgraded":1,"win_rate":0.0,"timestamp":1608143024,"path_taken":["R","E","R","?","M","E","T","E","?","E","?","$","$","M","M","BOSS"],"items_purchased_type":["Card","Card"],"build_version":"2020-12-13","purchased_purges":0,"victory":false,"max_hp_per_floor":[70,70,70,70,70,70,70,70,70,70,70,70,70,70,70,70,70],"card_choices":[{"not_picked":["hexamod:Hexaguard","hexamod:NightmareStrike"],"picked":"hexamod:NightmareGuise","floor":2},{"not_picked":["hexamod:SwordOfDarkness","hexamod:HauntingEcho"],"picked":"hexamod:GhostShield","floor":5},{"not_picked":["hexamod:SwordOfDarkness","hexamod:RadiantFlame"],"picked":"hexamod:SearingWound","floor":6},{"not_picked":["hexamod:RecurringNightmare","hexamod:InspiringFlames"],"picked":"hexamod:ThirdSeal","floor":8},{"not_picked":["hexamod:RetreatToShadows","hexamod:NightmareStrike"],"picked":"hexamod:GhostLash","floor":9},{"not_picked":["hexamod:Firestarter","hexamod:ShieldOfDarkness","hexamod:BacktrackSmack"],"picked":"SKIP","floor":9},{"not_picked":["hexamod:SwordOfDarkness","hexamod:BacktrackSmack"],"picked":"hexamod:DynamicBlow","floor":10},{"not_picked":["hexamod:HauntingEcho","hexamod:NecessarySacrifice+1","hexamod:CrushingStance"],"picked":"SKIP","floor":10},{"not_picked":["hexamod:GhostShield+1","hexamod:BurningTouch+1"],"picked":"hexamod:ApocalypseNow+1","floor":12},{"not_picked":["hexamod:Firestarter","hexamod:RainOfEmbers"],"picked":"hexamod:GhostLash","floor":12},{"not_picked":["hexamod:PhantomCloak","hexamod:SpectersWail"],"picked":"hexamod:RadiantFlame","floor":13},{"not_picked":["hexamod:ShieldOfDarkness+1","hexamod:BurningTouch+1"],"picked":"hexamod:Hexaguard+1","floor":13},{"not_picked":["hexamod:SwordOfDarkness","hexamod:GhostLash"],"picked":"hexamod:RadiantFlame","floor":14},{"not_picked":["hexamod:SuperheatedStrike","hexamod:GhostLash"],"picked":"hexamod:Hexaguard+1","floor":14},{"not_picked":["hexamod:BurningTouch+1","hexamod:NightmareGuise+1"],"picked":"hexamod:EtherealExpedition+1","floor":15},{"not_picked":["hexamod:RainOfEmbers","hexamod:SecondSeal","hexamod:ThermalTransfer"],"picked":"SKIP","floor":15}],"player_experience":1643363,"relics_obtained":[{"floor":2,"key":"Lantern"},{"floor":6,"key":"Blue Candle"},{"floor":7,"key":"PreservedInsect"},{"floor":8,"key":"Orichalcum"},{"floor":10,"key":"Toxic Egg 2"}],"event_choices":[{"cards_removed":["hexamod:Strike"],"damage_healed":0,"gold_gain":0,"player_choice":"Card Removal","damage_taken":0,"max_hp_gain":0,"max_hp_loss":0,"event_name":"Wheel of Change","floor":11,"gold_loss":0}],"is_beta":false,"boss_relics":[],"items_purged_floors":[],"is_endless":false,"potions_floor_spawned":[8,14,15],"killed_by":"downfall:Defect","ascension_level":4}}