{"host":"dntw6kil9p09eemm","time":1608080921,"event":{"mods":["Aspiration","BaseMod","Become a monster €›?Œ÷","BetterRewards","Colored Powertips","Downfall","Hermit","Hubris","Keyboard Shortcuts","Minty Spire (QoL Compilation)","Shop Mod","StSLib","The Runesmith","Waifu the Spire","vexMod"],"gold_per_floor":[119,119,134,153,153,153,153],"floor_reached":6,"playtime":227,"items_purged":["hexamod:Defend"],"score":36,"play_id":"fe40f558-a5bf-4c8f-b77a-541c0548928d","local_time":"20201216100841","is_ascension_mode":false,"campfire_choices":[],"circlet_count":0,"master_deck":["hexamod:Strike","hexamod:Strike","hexamod:Strike","hexamod:Strike","hexamod:Defend","hexamod:Defend","hexamod:Defend","hexamod:Sear","hexamod:Float","hexamod:ThermalTransfer"],"relics":["hexamod:SpiritBrand","hexamod:CandleOfCauterizing","MerchantsRug"],"acts_visited":["Exordium"],"potions_floor_usage":[],"damage_taken":[{"damage":0,"enemies":"Jaw Worm","floor":1,"turns":3},{"damage":0,"enemies":"Cultist","floor":3,"turns":3},{"damage":0,"enemies":"2 Louse","floor":4,"turns":2},{"damage":0,"enemies":"3 Sentries","floor":6,"turns":1}],"seed_played":"3571989072612007975","potions_obtained":[{"floor":4,"key":"champ:CounterPotion"}],"is_trial":false,"path_per_floor":["M","?","M","M","$","E"],"character_chosen":"THE_SPIRIT","items_purchased":["hexamod:CandleOfCauterizing","MerchantsRug"],"campfire_rested":0,"item_purchase_floors":[0,0],"current_hp_per_floor":[70,70,70,70,70,70,70],"gold":153,"neow_bonus":"","is_daily":false,"chose_seed":false,"campfire_upgraded":0,"win_rate":0.0,"timestamp":1608080921,"path_taken":["M","?","?","M","$","E"],"items_purchased_type":["Relic","Relic"],"build_version":"2020-12-13","purchased_purges":1,"victory":false,"max_hp_per_floor":[70,70,70,70,70,70,70],"card_choices":[{"not_picked":["hexamod:RainOfEmbers","hexamod:HauntingEcho","hexamod:Hexaguard"],"picked":"SKIP","floor":1},{"not_picked":["hexamod:Firestarter","hexamod:FastForward"],"picked":"hexamod:ThermalTransfer","floor":3},{"not_picked":["hexamod:SpectersWail","hexamod:CatchUp","hexamod:PowerFromBeyond"],"picked":"SKIP","floor":4}],"player_experience":366629,"relics_obtained":[],"event_choices":[{"damage_healed":0,"gold_gain":0,"player_choice":"Ignored","damage_taken":0,"max_hp_gain":0,"max_hp_loss":0,"event_name":"NoteForYourself","floor":2,"gold_loss":0}],"is_beta":false,"boss_relics":[],"items_purged_floors":[0],"is_endless":false,"potions_floor_spawned":[4],"killed_by":"3 Sentries","ascension_level":0}}