{"host":"lctcqud4f9t1q6q5","time":1608116631,"event":{"mods":["BaseMod","Better Vampires","Block Reminder","Colored Map","Colored Powertips","Downfall","Highlight Path","KinomotoSakuraMod(木之本樱)","Lobotomy","LobotomyExtend","Marisa（F雨　魔理沙）","Minty Spire (QoL Compilation)","Quick Restart","Reimu（博丽灵梦）","Relic Stats","Replay The Spire","RumiaBox-露米娅的神秘盒子","Shop Mod","Spicy Shops","StSLib","TestMod","The Bug Knight","Thieving Mod","WarShipGirlsR/战舰少女R mod","vexMod","【功能Mod】混沌之环修复补丁","篝火指南"],"gold_per_floor":[195,110,126,126,126,126,160,46,46,46],"floor_reached":8,"playtime":249,"items_purged":["Regret"],"score":62,"play_id":"7ca27073-79a3-4fe2-b6c2-60cccbca53d9","local_time":"20201216190351","is_ascension_mode":true,"campfire_choices":[],"circlet_count":0,"master_deck":["Strike_P","Strike_P","Strike_P","Strike_P","Defend_P","Defend_P","Defend_P","Eruption","Vigilance","testmod-SelfRegulatingSystem","Replay:Vibes","Pray"],"relics":["PureWater","testmod-TestBox","vexMod:PlasmaPancake","LetterFromLob","SSSystem","testmod-IndustrialRevolution","Membership Card"],"acts_visited":["Exordium"],"potions_floor_usage":[8],"damage_taken":[{"damage":0.0,"enemies":"Small Slimes","floor":1.0,"turns":1.0},{"damage":0.0,"enemies":"2 Louse","floor":2.0,"turns":1.0},{"damage":41.0,"enemies":"Replay:BlueRogue","floor":6.0,"turns":7.0},{"damage":32,"enemies":"3 Sentries","floor":8,"turns":3}],"seed_played":"-908739728954027898","potions_obtained":[{"floor":1.0,"key":"BottledMiracle"},{"floor":6.0,"key":"Strength Potion"}],"is_trial":false,"path_per_floor":["M","M","?","?","?","E","$","E"],"character_chosen":"WATCHER","items_purchased":["Membership Card"],"campfire_rested":0,"item_purchase_floors":[7],"current_hp_per_floor":[4,71,71,71,71,71,30,30,0,0],"gold":46,"neow_bonus":"ONE_RARE_RELIC","is_daily":false,"chose_seed":false,"campfire_upgraded":0,"win_rate":0.0,"timestamp":1608116631,"path_taken":["M","M","?","?","?","E","?","E"],"items_purchased_type":["Relic"],"build_version":"2020-12-13","purchased_purges":1,"victory":false,"max_hp_per_floor":[79,71,71,71,71,71,71,71,71,71],"relic_stats":{"counters":[4,12],"obtain_stats":[{"vexMod:PlasmaPancake":0,"testmod-TestBox":0,"SSSystem":3,"LetterFromLob":1,"Membership Card":7,"PureWater":0,"testmod-IndustrialRevolution":6},{"vexMod:PlasmaPancake":0,"testmod-TestBox":0,"SSSystem":2,"LetterFromLob":1,"Membership Card":3,"PureWater":0,"testmod-IndustrialRevolution":3},{"vexMod:PlasmaPancake":0,"testmod-TestBox":0,"SSSystem":2,"LetterFromLob":1,"Membership Card":9,"PureWater":0,"testmod-IndustrialRevolution":9}]},"card_choices":[{"not_picked":["CutThroughFate","Protect"],"picked":"Replay:Vibes","floor":1.0},{"not_picked":["ClearTheMind","ThirdEye","BowlingBash"],"picked":"SKIP","floor":2.0},{"not_picked":["FollowUp","CutThroughFate"],"picked":"Pray","floor":6.0}],"player_experience":331678,"relics_obtained":[{"floor":1.0,"key":"LetterFromLob"},{"floor":6.0,"key":"testmod-IndustrialRevolution"}],"event_choices":[{"damage_healed":0.0,"max_hp_gain":0.0,"max_hp_loss":0.0,"gold_gain":0.0,"event_name":"Big Fish","player_choice":"Box","floor":3.0,"gold_loss":0.0,"damage_taken":0.0,"relics_obtained":["SSSystem"],"cards_obtained":["Regret"]}],"is_beta":false,"boss_relics":[],"items_purged_floors":[7],"is_endless":false,"potions_floor_spawned":[1,6],"killed_by":"3 Sentries","ascension_level":3}}