{"host":"f0gpob8hq9vgebej","time":1608091613,"event":{"mods":["AchievementEnabler","BaseMod","Googly Eyes","Minty Spire (QoL Compilation)","Quick Restart","SuperFastMode"],"gold_per_floor":[113,113,127,127,141,141,180,194,218,237,162,162,181,200,200,200,200],"floor_reached":16,"playtime":2832,"items_purged":["Defend_G"],"score":135,"play_id":"0791f957-9c07-497c-b5a2-44b2894f1f79","local_time":"20201216130653","is_ascension_mode":true,"campfire_choices":[{"data":"Tactician","floor":6.0,"key":"SMITH"},{"data":"Glass Knife","floor":12.0,"key":"SMITH"},{"data":"Neutralize","floor":15,"key":"SMITH"}],"circlet_count":0,"master_deck":["Strike_G","Strike_G","Strike_G","Defend_G","Defend_G","Defend_G","Survivor","Neutralize+1","Backflip","Glass Knife+1","Tactician+1","Poisoned Stab","Blade Dance","Acrobatics"],"relics":["Ring of the Snake","Ancient Tea Set","CeramicFish","Lantern"],"acts_visited":["Exordium"],"potions_floor_usage":[16],"damage_taken":[{"damage":0.0,"enemies":"Jaw Worm","floor":1.0,"turns":7.0},{"damage":0.0,"enemies":"2 Louse","floor":3.0,"turns":2.0},{"damage":0.0,"enemies":"Cultist","floor":5.0,"turns":3.0},{"damage":17.0,"enemies":"Gremlin Nob","floor":7.0,"turns":4.0},{"damage":7.0,"enemies":"Red Slaver","floor":8.0,"turns":3.0},{"damage":9.0,"enemies":"Gremlin Gang","floor":10.0,"turns":5.0},{"damage":2,"enemies":"Large Slime","floor":13,"turns":3},{"damage":0,"enemies":"Exordium Wildlife","floor":14,"turns":2},{"damage":30,"enemies":"Hexaghost","floor":16,"turns":10}],"seed_played":"2952796743642506103","potions_obtained":[{"floor":3.0,"key":"DistilledChaos"},{"floor":7.0,"key":"Weak Potion"},{"floor":8.0,"key":"LiquidMemories"}],"is_trial":false,"path_per_floor":["M","?","M","?","M","R","E","M","T","M","$","R","M","M","R","B"],"character_chosen":"THE_SILENT","items_purchased":[],"campfire_rested":0,"item_purchase_floors":[],"current_hp_per_floor":[63,60,60,60,60,60,43,36,36,27,27,27,25,25,25,0,0],"gold":200,"neow_bonus":"REMOVE_TWO","is_daily":false,"chose_seed":false,"campfire_upgraded":3,"win_rate":0.0,"timestamp":1608091613,"path_taken":["M","?","M","?","M","R","E","?","T","M","?","R","M","M","R","BOSS"],"items_purchased_type":[],"build_version":"2020-12-13","purchased_purges":1,"victory":false,"max_hp_per_floor":[63,63,63,63,63,63,63,63,63,63,63,63,63,63,63,63,63],"card_choices":[{"not_picked":["Dodge and Roll","Deflect"],"picked":"Backflip","floor":1.0},{"not_picked":["Dagger Spray","Sucker Punch"],"picked":"Glass Knife","floor":3.0},{"not_picked":["Leg Sweep","PiercingWail"],"picked":"Tactician","floor":5.0},{"not_picked":["Leg Sweep","Quick Slash"],"picked":"Poisoned Stab","floor":7.0},{"not_picked":["Dodge and Roll","Deflect","Masterful Stab"],"picked":"SKIP","floor":8.0},{"not_picked":["Bane","Masterful Stab","Flying Knee"],"picked":"SKIP","floor":10.0},{"not_picked":["Deadly Poison","Eviscerate"],"picked":"Blade Dance","floor":13},{"not_picked":["Poisoned Stab","Footwork"],"picked":"Acrobatics","floor":14}],"player_experience":145522,"relics_obtained":[{"floor":7.0,"key":"CeramicFish"},{"floor":9.0,"key":"Lantern"}],"event_choices":[{"damage_healed":0.0,"max_hp_gain":0.0,"max_hp_loss":0.0,"gold_gain":0.0,"event_name":"Scrap Ooze","player_choice":"Success","floor":2.0,"gold_loss":0.0,"damage_taken":3.0,"relics_obtained":["Ancient Tea Set"]},{"cards_removed":["Strike_G"],"damage_healed":0.0,"max_hp_gain":0.0,"max_hp_loss":0.0,"gold_gain":0.0,"event_name":"Bonfire Elementals","player_choice":"Offered Basic","floor":4.0,"gold_loss":0.0,"damage_taken":0.0}],"is_beta":false,"boss_relics":[],"items_purged_floors":[11],"is_endless":false,"potions_floor_spawned":[3,7,8],"killed_by":"Hexaghost","ascension_level":6}}