{"host":"j4g6ia6asvpyu2b0","time":1608082311,"event":{"mods":["BaseMod","Colored Map","Minty Spire (QoL Compilation)","Permanent Neow","Quick Restart","Relic Stats","StSLib","Unceasing Turn Reminder"],"gold_per_floor":[113,113,128,146,146,146,119,153,201,201,244,266,294,347,347,487,487,515,430,462,492,501,551,551,591,591,623,623,623],"floor_reached":28,"playtime":868,"items_purged":[],"score":334,"play_id":"e6333724-adf6-4440-82a3-c00d8086eb58","local_time":"20201215183151","is_ascension_mode":true,"campfire_choices":[{"data":"Bouncing Flask","floor":6,"key":"SMITH"},{"data":"Skewer","floor":10,"key":"SMITH"},{"data":"Corpse Explosion","floor":15,"key":"SMITH"}],"circlet_count":0,"master_deck":["Strike_G","Strike_G","Strike_G","Strike_G","Strike_G","Defend_G","Defend_G","Defend_G","Defend_G","Defend_G","Survivor","Neutralize+1","Bouncing Flask+1","Deadly Poison","Skewer+1","Dagger Throw","Dodge and Roll","Corpse Explosion+1","Backstab","PiercingWail","Outmaneuver","Malaise","Deflect","Blade Dance+1","Blur","Well Laid Plans","Envenom","Dagger Spray","PiercingWail+1"],"relics":["Ring of the Snake","Golden Idol","Toy Ornithopter","Bag of Marbles","CeramicFish","Peace Pipe","Coffee Dripper","Juzu Bracelet","Toxic Egg 2","Letter Opener","Meat on the Bone"],"acts_visited":["Exordium","TheCity"],"potions_floor_usage":[11,21,23,25],"damage_taken":[{"damage":2,"enemies":"2 Louse","floor":1,"turns":4},{"damage":8,"enemies":"Small Slimes","floor":3,"turns":5},{"damage":1,"enemies":"Jaw Worm","floor":4,"turns":3},{"damage":7,"enemies":"Lagavulin","floor":8,"turns":7},{"damage":20,"enemies":"Gremlin Nob","floor":11,"turns":3},{"damage":0,"enemies":"2 Fungi Beasts","floor":12,"turns":2},{"damage":9,"enemies":"Exordium Thugs","floor":13,"turns":4},{"damage":8,"enemies":"Lagavulin","floor":14,"turns":7},{"damage":19,"enemies":"The Guardian","floor":16,"turns":10},{"damage":2,"enemies":"Chosen","floor":18,"turns":3},{"damage":0,"enemies":"Spheric Guardian","floor":20,"turns":3},{"damage":0,"enemies":"Snake Plant","floor":21,"turns":3},{"damage":21,"enemies":"Gremlin Leader","floor":23,"turns":7},{"damage":13,"enemies":"Book of Stabbing","floor":25,"turns":7},{"damage":3,"enemies":"Chosen and Byrds","floor":27,"turns":4},{"damage":40,"enemies":"Gremlin Leader","floor":28,"turns":5}],"seed_played":"3539277853821588257","potions_obtained":[{"floor":1,"key":"SkillPotion"},{"floor":4,"key":"Energy Potion"},{"floor":8,"key":"CultistPotion"},{"floor":13,"key":"Fire Potion"},{"floor":21,"key":"EssenceOfSteel"},{"floor":24,"key":"DuplicationPotion"}],"is_trial":false,"path_per_floor":["M","?","M","M","?","R","$","E","T","R","E","M","M","E","R","B",null,"M","?","M","M","?","E","?","E","T","M","E"],"character_chosen":"THE_SILENT","items_purchased":["Dagger Throw"],"campfire_rested":0,"item_purchase_floors":[7],"current_hp_per_floor":[68,65,57,56,61,61,61,54,54,54,39,39,30,22,22,3,70,68,68,68,70,70,49,49,41,41,38,0,0],"gold":623,"neow_bonus":"UPGRADE_CARD","is_daily":false,"chose_seed":false,"campfire_upgraded":3,"win_rate":0.0,"timestamp":1608082311,"path_taken":["M","?","M","M","?","R","$","E","T","R","E","M","M","E","R","BOSS","M","?","M","M","?","E","?","E","T","M","E"],"items_purchased_type":["Card"],"build_version":"2020-12-13","purchased_purges":0,"victory":false,"max_hp_per_floor":[70,65,65,65,70,70,70,70,70,70,70,70,70,70,70,70,70,70,70,70,70,70,70,70,70,70,70,70,70],"relic_stats":{"Peace Pipe":0,"counters":[16,77],"Golden Idol":95,"CeramicFish":108,"Juzu Bracelet":1,"Letter Opener":[5],"obtain_stats":[{"Peace Pipe":14,"Golden Idol":2,"CeramicFish":11,"Bag of Marbles":9,"Coffee Dripper":17,"Juzu Bracelet":19,"Letter Opener":25,"Toxic Egg 2":23,"Toy Ornithopter":8,"Ring of the Snake":0,"Meat on the Bone":26},{"Peace Pipe":8,"Golden Idol":1,"CeramicFish":5,"Bag of Marbles":4,"Coffee Dripper":9,"Juzu Bracelet":10,"Letter Opener":14,"Toxic Egg 2":13,"Toy Ornithopter":4,"Ring of the Snake":0,"Meat on the Bone":14},{"Peace Pipe":35,"Golden Idol":4,"CeramicFish":22,"Bag of Marbles":19,"Coffee Dripper":45,"Juzu Bracelet":48,"Letter Opener":68,"Toxic Egg 2":61,"Toy Ornithopter":19,"Ring of the Snake":0,"Meat on the Bone":68}],"Toy Ornithopter":12,"Ring of the Snake":[32],"Meat on the Bone":0},"card_choices":[{"not_picked":["Escape Plan","Deflect"],"picked":"Bouncing Flask","floor":1},{"not_picked":["Quick Slash","Outmaneuver"],"picked":"Deadly Poison","floor":3},{"not_picked":["Heel Hook","Cloak And Dagger"],"picked":"Skewer","floor":4},{"not_picked":["Cloak And Dagger","Underhanded Strike"],"picked":"Dodge and Roll","floor":8},{"not_picked":["Flying Knee","Calculated Gamble"],"picked":"Corpse Explosion","floor":11},{"not_picked":["Flying Knee","Crippling Poison"],"picked":"Backstab","floor":12},{"not_picked":["Deflect","Underhanded Strike"],"picked":"PiercingWail","floor":13},{"not_picked":["Underhanded Strike","Acrobatics"],"picked":"Outmaneuver","floor":14},{"not_picked":["Unload","Wraith Form v2"],"picked":"Malaise","floor":16},{"not_picked":["Outmaneuver","Concentrate+1"],"picked":"Deflect","floor":18},{"not_picked":["Underhanded Strike+1","Backflip"],"picked":"Blade Dance+1","floor":20},{"not_picked":["Dodge and Roll","Bane"],"picked":"Blur","floor":21},{"not_picked":["Backflip+1","Underhanded Strike"],"picked":"Envenom","floor":23},{"not_picked":["Accuracy+1","Underhanded Strike+1"],"picked":"Dagger Spray","floor":25},{"not_picked":["Dagger Spray","Deflect+1"],"picked":"PiercingWail+1","floor":27}],"player_experience":673800,"relics_obtained":[{"floor":8,"key":"Toy Ornithopter"},{"floor":9,"key":"Bag of Marbles"},{"floor":11,"key":"CeramicFish"},{"floor":14,"key":"Peace Pipe"},{"floor":23,"key":"Toxic Egg 2"},{"floor":25,"key":"Letter Opener"},{"floor":26,"key":"Meat on the Bone"}],"event_choices":[{"damage_healed":0,"gold_gain":0,"player_choice":"Lose Max HP","damage_taken":0,"relics_obtained":["Golden Idol"],"max_hp_gain":0,"max_hp_loss":5,"event_name":"Golden Idol","floor":2,"gold_loss":0},{"damage_healed":0,"gold_gain":0,"player_choice":"Donut","damage_taken":0,"max_hp_gain":5,"max_hp_loss":0,"event_name":"Big Fish","floor":5,"gold_loss":0},{"damage_healed":0,"gold_gain":0,"player_choice":"Obtained Relic","damage_taken":0,"relics_obtained":["Juzu Bracelet"],"max_hp_gain":0,"max_hp_loss":0,"event_name":"Addict","floor":19,"gold_loss":85},{"damage_healed":0,"gold_gain":0,"player_choice":"Read","damage_taken":0,"max_hp_gain":0,"max_hp_loss":0,"event_name":"The Library","floor":22,"gold_loss":0,"cards_obtained":["Well Laid Plans"]},{"damage_healed":0,"gold_gain":0,"player_choice":"Got Potions","damage_taken":0,"max_hp_gain":0,"max_hp_loss":0,"event_name":"Lab","floor":24,"gold_loss":0}],"is_beta":false,"boss_relics":[{"not_picked":["WristBlade","Runic Pyramid"],"picked":"Coffee Dripper"}],"items_purged_floors":[],"is_endless":false,"potions_floor_spawned":[1,4,8,13,16,20,21],"killed_by":"Gremlin Leader","ascension_level":4}}