{"host":"4u4xibnmtqpdl4qa","time":1608154519,"event":{"mods":["AchievementEnabler","BaseMod","Colored Map","Colored Powertips","DeckTracker","Highlight Path","Minty Spire (QoL Compilation)","Quick Restart","Relic Stats","Slay-I","StSLib","Waifu the Spire"],"gold_per_floor":[110,110,126,126,126,154,79,79,104,137,155,181,191,201,201,302,302,242,258,8,8,27,27,61,61,61,86,86,117,117,134,134,134,134],"floor_reached":33,"playtime":1858,"items_purged":["Regret","Strike_G"],"score":440,"play_id":"18ad0460-94ea-448f-97b6-72cb802154b2","local_time":"20201216223519","is_ascension_mode":true,"campfire_choices":[{"data":"Deadly Poison","floor":8.0,"key":"SMITH"},{"floor":15.0,"key":"REST"},{"data":"Dash","floor":23.0,"key":"SMITH"},{"data":"Bouncing Flask","floor":25.0,"key":"SMITH"},{"data":"PiercingWail","floor":28,"key":"SMITH"},{"floor":30,"key":"REST"},{"data":"Crippling Poison","floor":32,"key":"SMITH"}],"circlet_count":0,"master_deck":["Defend_G","Defend_G","Defend_G","Defend_G","Defend_G","Survivor","Neutralize","Finisher","Deadly Poison+1","Bane","PiercingWail+1","Dash+1","Bouncing Flask+1","Infinite Blades+1","Tools of the Trade+1","CurseOfTheBell","Backstab+1","Footwork+1","Terror","Bite","Bite","Bite","Bite","Bite","Bullet Time","Expertise","Crippling Poison+1","Caltrops+1"],"relics":["Ring of the Snake","NeowsBlessing","Boot","Blue Candle","PreservedInsect","Dream Catcher","Bag of Preparation","Frozen Egg 2","Calling Bell","Oddly Smooth Stone","The Specimen","Eternal Feather","Unceasing Top","Pear","Bottled Flame","Meat on the Bone"],"acts_visited":["Exordium","TheCity"],"potions_floor_usage":[27,33,33],"damage_taken":[{"damage":0.0,"enemies":"2 Louse","floor":1.0,"turns":1.0},{"damage":0.0,"enemies":"Jaw Worm","floor":3.0,"turns":1.0},{"damage":0.0,"enemies":"3 Sentries","floor":6.0,"turns":1.0},{"damage":10.0,"enemies":"Lagavulin","floor":10.0,"turns":6.0},{"damage":0.0,"enemies":"Cultist","floor":11.0,"turns":2.0},{"damage":19.0,"enemies":"3 Sentries","floor":12.0,"turns":7.0},{"damage":3.0,"enemies":"Red Slaver","floor":13.0,"turns":3.0},{"damage":6.0,"enemies":"2 Fungi Beasts","floor":14.0,"turns":4.0},{"damage":9.0,"enemies":"The Guardian","floor":16.0,"turns":8.0},{"damage":13.0,"enemies":"2 Thieves","floor":18.0,"turns":4.0},{"damage":7.0,"enemies":"Chosen","floor":19.0,"turns":4.0},{"damage":18.0,"enemies":"Snecko","floor":22.0,"turns":6.0},{"damage":45.0,"enemies":"Slavers","floor":24.0,"turns":6.0},{"damage":3,"enemies":"Book of Stabbing","floor":27,"turns":3},{"damage":58,"enemies":"Slavers","floor":29,"turns":6},{"damage":13,"enemies":"Snake Plant","floor":31,"turns":4},{"damage":97,"enemies":"Automaton","floor":33,"turns":10}],"seed_played":"5510428854828201418","potions_obtained":[{"floor":1.0,"key":"BlessingOfTheForge"},{"floor":6.0,"key":"PowerPotion"},{"floor":12.0,"key":"FairyPotion"},{"floor":22.0,"key":"Fruit Juice"},{"floor":29,"key":"Swift Potion"},{"floor":31,"key":"Strength Potion"}],"is_trial":false,"path_per_floor":["M","?","M","?","T","E","$","R","T","E","M","E","M","M","R","B",null,"M","M","$","?","M","R","E","R","T","E","R","E","R","M","R","B"],"character_chosen":"THE_SILENT","items_purchased":["Footwork+1","Terror"],"campfire_rested":2,"item_purchase_floors":[20,20],"current_hp_per_floor":[70,70,70,70,70,70,70,70,70,60,60,41,38,32,53,44,70,57,50,50,49,32,47,17,32,42,45,60,8,42,37,52,0,0],"gold":134,"neow_bonus":"THREE_ENEMY_KILL","is_daily":false,"chose_seed":false,"campfire_upgraded":5,"win_rate":0.0,"timestamp":1608154519,"path_taken":["M","?","M","?","?","E","$","R","T","E","M","E","M","?","R","BOSS","M","M","?","?","M","R","E","R","T","E","R","E","R","M","R","BOSS"],"items_purchased_type":["Card","Card"],"build_version":"2020-12-13","purchased_purges":2,"victory":false,"max_hp_per_floor":[70,70,70,70,70,70,70,70,70,70,70,70,70,70,70,70,70,70,70,70,49,49,49,54,54,64,64,64,64,64,64,64,64,64],"relic_stats":{"Dream Catcher":2,"counters":[17,76],"Blue Candle":[3],"Eternal Feather":75,"PreservedInsect":179,"Bag of Preparation":[26],"Boot":[52],"obtain_stats":[{"Pear":26,"NeowsBlessing":0,"The Specimen":17,"Blue Candle":5,"Oddly Smooth Stone":17,"Eternal Feather":17,"PreservedInsect":6,"Bag of Preparation":10,"Frozen Egg 2":12,"Boot":4,"Calling Bell":17,"Dream Catcher":9,"Bottled Flame":27,"Unceasing Top":24,"Ring of the Snake":0,"Meat on the Bone":29},{"Pear":13,"NeowsBlessing":0,"The Specimen":9,"Blue Candle":2,"Oddly Smooth Stone":9,"Eternal Feather":9,"PreservedInsect":3,"Bag of Preparation":4,"Frozen Egg 2":6,"Boot":2,"Calling Bell":9,"Dream Catcher":3,"Bottled Flame":14,"Unceasing Top":13,"Ring of the Snake":0,"Meat on the Bone":15},{"Pear":53,"NeowsBlessing":0,"The Specimen":33,"Blue Candle":2,"Oddly Smooth Stone":33,"Eternal Feather":33,"PreservedInsect":3,"Bag of Preparation":9,"Frozen Egg 2":18,"Boot":2,"Calling Bell":33,"Dream Catcher":3,"Bottled Flame":56,"Unceasing Top":53,"Ring of the Snake":0,"Meat on the Bone":62}],"Unceasing Top":[1],"Ring of the Snake":[34],"Meat on the Bone":0},"card_choices":[{"not_picked":["Heel Hook","Leg Sweep"],"picked":"Finisher","floor":1.0},{"not_picked":["Outmaneuver","Predator"],"picked":"Deadly Poison","floor":3.0},{"not_picked":["Prepared","Blade Dance"],"picked":"Bane","floor":6.0},{"not_picked":["Deflect","Riddle With Holes","Choke"],"picked":"SKIP","floor":10.0},{"not_picked":["Distraction","Deflect"],"picked":"PiercingWail","floor":11.0},{"not_picked":["Deadly Poison","PiercingWail"],"picked":"Dash","floor":12.0},{"not_picked":["Dagger Spray","Storm of Steel","Riddle With Holes"],"picked":"SKIP","floor":13.0},{"not_picked":["Underhanded Strike","Dagger Throw"],"picked":"Bouncing Flask","floor":14.0},{"not_picked":["Outmaneuver","Deflect"],"picked":"Infinite Blades+1","floor":15.0},{"not_picked":["Unload","Glass Knife"],"picked":"Tools of the Trade+1","floor":16.0},{"not_picked":["Cloak And Dagger+1","Flying Knee"],"picked":"Backstab+1","floor":18.0},{"not_picked":["Poisoned Stab+1","Skewer","Deflect"],"picked":"SKIP","floor":19.0},{"not_picked":["Flying Knee","Leg Sweep"],"picked":"Bullet Time","floor":22.0},{"not_picked":["Deflect","Bouncing Flask"],"picked":"Expertise","floor":24.0},{"not_picked":["Dagger Throw+1","Bane+1","Reflex+1"],"picked":"SKIP","floor":27},{"not_picked":["Skewer","Concentrate+1","Slice"],"picked":"SKIP","floor":29},{"not_picked":["Predator+1","Terror"],"picked":"Crippling Poison","floor":30},{"not_picked":["Bane","Deadly Poison+1"],"picked":"Caltrops+1","floor":31}],"player_experience":131294,"relics_obtained":[{"floor":5.0,"key":"Blue Candle"},{"floor":6.0,"key":"PreservedInsect"},{"floor":9.0,"key":"Dream Catcher"},{"floor":10.0,"key":"Bag of Preparation"},{"floor":12.0,"key":"Frozen Egg 2"},{"floor":17.0,"key":"Oddly Smooth Stone"},{"floor":17.0,"key":"The Specimen"},{"floor":17.0,"key":"Eternal Feather"},{"floor":24.0,"key":"Unceasing Top"},{"floor":26.0,"key":"Pear"},{"floor":27,"key":"Bottled Flame"},{"floor":29,"key":"Meat on the Bone"}],"event_choices":[{"cards_removed":["Strike_G"],"damage_healed":0.0,"max_hp_gain":0.0,"max_hp_loss":0.0,"gold_gain":0.0,"event_name":"Living Wall","player_choice":"Forget","floor":2.0,"gold_loss":0.0,"damage_taken":0.0},{"damage_healed":0.0,"max_hp_gain":0.0,"max_hp_loss":0.0,"gold_gain":0.0,"event_name":"Big Fish","player_choice":"Box","floor":4.0,"gold_loss":0.0,"damage_taken":0.0,"relics_obtained":["Boot"],"cards_obtained":["Regret"]},{"damage_healed":0.0,"max_hp_gain":0.0,"max_hp_loss":21.0,"gold_gain":0.0,"event_name":"Vampires","player_choice":"Became a vampire","floor":21.0,"gold_loss":0.0,"damage_taken":0.0,"cards_obtained":["Bite","Bite","Bite","Bite","Bite"]}],"is_beta":false,"boss_relics":[{"not_picked":["Sozu","Snecko Eye"],"picked":"Calling Bell"}],"items_purged_floors":[7,20],"is_endless":false,"potions_floor_spawned":[1,6,12,14,22,29,31],"killed_by":"Automaton","ascension_level":4}}