{"host":"ye7dkdlypz0ka1od","time":1608077701,"event":{"mods":["Act Like it!","Aspiration","BaseMod","Gensokyo","Hallownest","Hermit","Infinite Spire","Minty Spire (QoL Compilation)","Replay The Spire","StSLib","The Bug Knight","The Forsaken"],"gold_per_floor":[113,132,132,57,132,132,148,160,160,160,179,191,191,201,201,306,306,324,324,239,239,239,239,270,270,323,323,38,55,83,102,102,200,200,219,234,253,253,271,302,302,321,373,373,393,393,393,403,403,503,503,513,152,152,169,169,186,186,286,313,334,333,365,376,168,168,247,247,258,258,258,271,271,267,276,276,303,303,6,6,38,49,49,152,152,173,191,191,219,240,240,270,270,297,297,322,307,307],"floor_reached":97,"playtime":4161,"items_purged":["Strike_R","Strike_R","Strike_R","Catalyst","Bash","ReplayTheSpireMod:The Works","Immolate+1"],"score":2025,"play_id":"f5e0e5c9-8e79-4aa5-8f54-fe4f44a2d89f","local_time":"20201215191501","is_ascension_mode":false,"campfire_choices":[{"data":"Cleave","floor":6.0,"key":"SMITH"},{"data":"Body Slam","floor":10.0,"key":"SMITH"},{"data":"Rampage","floor":13.0,"key":"SMITH"},{"data":"Shrug It Off","floor":15.0,"key":"SMITH"},{"data":"Deep Breath","floor":23.0,"key":"SMITH"},{"data":"True Grit","floor":25.0,"key":"SMITH"},{"data":"Immolate","floor":27.0,"key":"SMITH"},{"data":"Entrench","floor":41.0,"key":"SMITH"},{"data":"Panacea","floor":44.0,"key":"SMITH"},{"data":"Body Slam","floor":46.0,"key":"SMITH"},{"floor":49.0,"key":"REST"},{"data":"Venomology","floor":58.0,"key":"SMITH"},{"data":"Brutality","floor":66.0,"key":"SMITH"},{"data":"Hemogenesis","floor":76,"key":"SMITH"},{"data":"infinitespire:TheBestDefense","floor":78,"key":"SMITH"},{"data":"Shrug It Off","floor":80,"key":"SMITH"},{"data":"Juggernaut","floor":83,"key":"SMITH"},{"data":"infinitespire:Execution","floor":91,"key":"SMITH"},{"data":"ReplayTheSpireMod:Limb From Limb","floor":93,"key":"SMITH"},{"data":"Replay:Bag of Tricks","floor":95,"key":"SMITH"}],"circlet_count":0,"master_deck":["Deep Breath+1","Cleave+1","Disarm+1","Body Slam+1","Rampage+1","Shrug It Off+1","Body Slam+1","True Grit+1","Panacea+1","Heavy Blade+1","Rupture+1","Demon Form","Shrug It Off+1","Entrench+1","ReplayTheSpireMod:Muscle Training+1","Offering","Body Slam+1","Brutality+1","Reaper+1","Venomology+1","infinitespire:TheBestDefense+1","Shrug It Off+1","Shrug It Off","Whirlwind","Limit Break+1","Juggernaut+1","infinitespire:Execution+1","Berserk","Shrug It Off+1","Replay:Bag of Tricks+1","ReplayTheSpireMod:Limb From Limb+1","Intimidate"],"relics":["Burning Blood","Eternal Feather","infinitespire:Burning Sword","aspiration:RitualStick","aspiration:Lifesprig","HandDrill","Blue Candle","Centennial Puzzle","ReplayTheSpireMod:Lightbulb","Red Mask","Ooze Armor","Blue Doll","Blood Vial","Black Star","Replay:Bandana","Membership Card","infinitespire:Beetle Shell","Replay:Baseball","theForsaken:Lifeblossom","Odd Mushroom","Durian","SlaversCollar","aspiration:DSix","infinitespire:Lucky Rock","theForsaken:ScaryMask","theForsaken:Gavel","Mummified Hand","aspiration:TomeofQuesting","Vajra","infinitespire:EvilPickle","aspiration:SilentSkillbook","Pet Ghost","Replay:PocketPolymizer","Red Skull","Toy Ornithopter","Akabeko"],"acts_visited":["Exordium","TheCity","TheBeyond","Exordium","TheCity","TheBeyond"],"potions_floor_usage":[69,74,74,81,81,82,84,89,92,97],"damage_taken":[{"damage":2.0,"enemies":"2 Louse","floor":1.0,"turns":4.0},{"damage":6.0,"enemies":"Jaw Worm","floor":2.0,"turns":4.0},{"damage":1.0,"enemies":"Cultist","floor":7.0,"turns":3.0},{"damage":13.0,"enemies":"Gremlin Gang","floor":8.0,"turns":3.0},{"damage":6.0,"enemies":"Large Slime","floor":11.0,"turns":5.0},{"damage":5.0,"enemies":"2 Fungi Beasts","floor":12.0,"turns":4.0},{"damage":8.0,"enemies":"Lots of Slimes","floor":14.0,"turns":3.0},{"damage":25.0,"enemies":"Hexaghost","floor":16.0,"turns":10.0},{"damage":23.0,"enemies":"2 Thieves","floor":18.0,"turns":3.0},{"damage":4.0,"enemies":"Gremlin Leader","floor":24.0,"turns":3.0},{"damage":5.0,"enemies":"Snake Plant","floor":29.0,"turns":2.0},{"damage":17.0,"enemies":"Masked Bandits","floor":30.0,"turns":4.0},{"damage":2.0,"enemies":"Snecko","floor":31.0,"turns":2.0},{"damage":20.0,"enemies":"Champ","floor":33.0,"turns":7.0},{"damage":7.0,"enemies":"3 Shapes","floor":35.0,"turns":3.0},{"damage":5.0,"enemies":"3 Darklings","floor":36.0,"turns":3.0},{"damage":4.0,"enemies":"Sphere and 2 Shapes","floor":37.0,"turns":3.0},{"damage":0.0,"enemies":"Jaw Worm Horde","floor":39.0,"turns":2.0},{"damage":59.0,"enemies":"Nightmare","floor":40.0,"turns":5.0},{"damage":8.0,"enemies":"3 Darklings","floor":42.0,"turns":3.0},{"damage":11.0,"enemies":"Writhing Mass","floor":45.0,"turns":4.0},{"damage":24.0,"enemies":"Transient","floor":48.0,"turns":5.0},{"damage":41.0,"enemies":"infinitespire:MassOfShapes","floor":50.0,"turns":6.0},{"damage":15.0,"enemies":"infinitespire:Voidling","floor":52.0,"turns":2.0},{"damage":0.0,"enemies":"2 Louse","floor":55.0,"turns":2.0},{"damage":8.0,"enemies":"Lagavulin","floor":57.0,"turns":3.0},{"damage":6.0,"enemies":"Small Slimes","floor":61.0,"turns":1.0},{"damage":32.0,"enemies":"Exordium Thugs","floor":62.0,"turns":4.0},{"damage":52.0,"enemies":"The Mushroom Lair","floor":63.0,"turns":3.0},{"damage":0.0,"enemies":"Blue Slaver","floor":64.0,"turns":1.0},{"damage":14.0,"enemies":"Hexaghost","floor":67.0,"turns":6.0},{"damage":0,"enemies":"Shell Parasite","floor":69,"turns":2},{"damage":11,"enemies":"Chosen","floor":72,"turns":2},{"damage":36,"enemies":"Nightmare","floor":74,"turns":7},{"damage":4,"enemies":"Shelled Parasite and Fungi","floor":75,"turns":3},{"damage":0,"enemies":"Replay:Snechameleon","floor":81,"turns":3},{"damage":0,"enemies":"Sentry and Sphere","floor":82,"turns":2},{"damage":0,"enemies":"Pondfish","floor":84,"turns":4},{"damage":2,"enemies":"3 Shapes","floor":86,"turns":1},{"damage":9,"enemies":"Orb Walker","floor":87,"turns":2},{"damage":0,"enemies":"4 Shapes","floor":89,"turns":2},{"damage":53,"enemies":"Spire Growth","floor":90,"turns":3},{"damage":0,"enemies":"HollowMod:StalkingDevout","floor":92,"turns":3},{"damage":89,"enemies":"Nightmare","floor":97,"turns":4}],"seed_played":"7587549318514172270","potions_obtained":[{"floor":1.0,"key":"SkillPotion"},{"floor":12.0,"key":"Elixir"},{"floor":18.0,"key":"Regen Potion"},{"floor":24.0,"key":"DistilledChaos"},{"floor":35.0,"key":"Regen Potion"},{"floor":37.0,"key":"FearPotion"},{"floor":39.0,"key":"EntropicBrew"},{"floor":63.0,"key":"BloodPotion"},{"floor":72,"key":"Languid Potion"},{"floor":82,"key":"PowerPotion"},{"floor":89,"key":"Milkshake"}],"is_trial":false,"path_per_floor":["M","M","?","$","?","R","M","M","T","R","M","M","R","M","R","B",null,"M","?","?","?","AVR","R","E","R","T","R","$","M","?","M","R","B",null,"M","M","M","?","M","NM","R","M","T","R","M","R","?","M","R","B",null,"M","$","?","M","AVR","E","R","?","T","M","M","?","M","$","R","B",null,"M","?","?","M","AVR","NM","M","R","T","R","$","R","E","M","R","B",null,"M","M","T","M","M","R","E","R","T","R","T","NM"],"character_chosen":"IRONCLAD","items_purchased":["ReplayTheSpireMod:Lightbulb","Panacea","Replay:Bandana","Reaper+1","Durian","Shrug It Off","Whirlwind","Limit Break+1","Mummified Hand"],"campfire_rested":1,"item_purchase_floors":[28,28,53,53,65,79,79,79,79],"current_hp_per_floor":[80,80,73,73,65,65,70,63,63,69,69,70,76,74,80,61,80,63,47,47,47,47,56,58,67,67,76,76,77,66,70,80,66,80,79,80,80,80,80,32,44,42,42,54,51,66,66,50,80,45,80,71,71,71,80,80,78,80,80,80,80,80,52,60,65,77,85,85,85,85,85,80,80,85,85,85,85,85,85,85,85,85,85,85,85,85,82,82,85,38,56,85,85,85,85,85,0,0],"gold":307,"neow_bonus":"RANDOM_COLORLESS","is_daily":false,"chose_seed":false,"campfire_upgraded":19,"win_rate":0.0,"timestamp":1608077701,"path_taken":["M","M","?","$","?","R","M","M","T","R","?","?","R","M","R","BOSS","M","?","?","?","AVR","R","E","R","T","R","$","?","?","M","R","BOSS","M","M","M","?","?","NM","R","M","T","R","M","R","?","M","R","BOSS","M","$","?","M","AVR","E","R","?","T","?","M","?","M","?","R","BOSS","M","?","?","?","AVR","NM","M","R","T","R","?","R","E","M","R","BOSS","M","M","?","?","M","R","E","R","T","R","?","NM"],"items_purchased_type":["Relic","Card","Relic","Card","Relic","Card","Card","Card","Relic"],"build_version":"2020-12-13","purchased_purges":7,"victory":false,"max_hp_per_floor":[80,80,80,80,80,80,80,80,80,80,80,80,80,80,80,80,80,80,80,80,80,80,80,80,80,80,80,80,80,80,80,80,80,80,80,80,80,80,80,80,80,80,80,80,80,80,80,80,80,80,80,80,80,80,80,80,80,80,80,80,80,80,80,80,85,85,85,85,85,85,85,85,85,85,85,85,85,85,85,85,85,85,85,85,85,85,85,85,85,85,85,85,85,85,85,85,85,85],"card_choices":[{"not_picked":["PanicButton","Replay:Sssssssssshield"],"picked":"Deep Breath","floor":0.0},{"not_picked":["Pommel Strike","Intimidate"],"picked":"Cleave","floor":1.0},{"not_picked":["Run Through","Pummel","Thunderclap"],"picked":"SKIP","floor":2.0},{"not_picked":["Anger","Metallicize"],"picked":"Disarm","floor":7.0},{"not_picked":["Thunderclap","True Grit"],"picked":"Body Slam","floor":8.0},{"not_picked":["Thunderclap","Iron Wave"],"picked":"Rampage","floor":11.0},{"not_picked":["Body Slam","Sword Boomerang"],"picked":"Shrug It Off","floor":12.0},{"not_picked":["ReplayTheSpireMod:Corrosion Curse","Run Through","Sword Boomerang"],"picked":"SKIP","floor":14.0},{"not_picked":["Bludgeon","Replay:Many Hands"],"picked":"Immolate","floor":16.0},{"not_picked":["Perfected Strike","Thunderclap","Sword Boomerang"],"picked":"SKIP","floor":18.0},{"not_picked":["Flex","Second Wind"],"picked":"True Grit","floor":24.0},{"not_picked":["Replay:Undeath\u0027s Touch","Wild Strike"],"picked":"Heavy Blade+1","floor":29.0},{"not_picked":["ReplayReversal+1","Anger+1"],"picked":"Rupture+1","floor":30.0},{"not_picked":["Warcry","Havoc+1","Clash"],"picked":"SKIP","floor":31.0},{"not_picked":["Exhume","Reaper"],"picked":"Demon Form","floor":33.0},{"not_picked":["Clothesline","Feel No Pain+1"],"picked":"Shrug It Off+1","floor":35.0},{"not_picked":["Headbutt+1","Sword Boomerang+1"],"picked":"Entrench","floor":36.0},{"not_picked":["Carnage+1","True Grit+1"],"picked":"ReplayTheSpireMod:Muscle Training+1","floor":37.0},{"not_picked":["Thunderclap+1","Ghostly Armor","Combust"],"picked":"SKIP","floor":39.0},{"not_picked":["Uppercut+1","Wild Strike"],"picked":"Offering","floor":40.0},{"not_picked":["Headbutt+1","Spot Weakness+1","Thunderclap+1"],"picked":"SKIP","floor":42.0},{"not_picked":["Feel No Pain+1","Headbutt"],"picked":"Body Slam","floor":45.0},{"not_picked":["Twin Strike","ReplayTheSpireMod:Strike From Hell+1","Iron Wave+1"],"picked":"SKIP","floor":48.0},{"not_picked":["Immolate","Bludgeon"],"picked":"Brutality","floor":50.0},{"not_picked":["ReplayTheSpireMod:LeadingStrike","Perfected Strike","Armaments"],"picked":"SKIP","floor":52.0},{"not_picked":["Twin Strike","Thunderclap","Clothesline"],"picked":"SKIP","floor":55.0},{"not_picked":["Dark Embrace","Clash","Feel No Pain"],"picked":"SKIP","floor":57.0},{"not_picked":["Wild Strike","Armaments","Perfected Strike"],"picked":"SKIP","floor":61.0},{"not_picked":["Warcry","Flex","Body Slam"],"picked":"SKIP","floor":62.0},{"not_picked":["Fiend Fire","Run Through","Hemokinesis"],"picked":"SKIP","floor":64.0},{"not_picked":["Eclipse","Reaper"],"picked":"Hemogenesis","floor":67.0},{"not_picked":["Replay:Undeath\u0027s Touch","Ghostly Armor+1","ReplayTheSpireMod:Strike From Hell+1"],"picked":"SKIP","floor":69},{"not_picked":["ReplayTheSpireMod:Strike From Hell","Sword Boomerang","Perfected Strike"],"picked":"SKIP","floor":72},{"not_picked":["ReplayTheSpireMod:Corrosion Curse","Shockwave+1","Run Through+1"],"picked":"SKIP","floor":74},{"not_picked":["Replay:Undeath\u0027s Touch","Abandon+1","Run Through"],"picked":"SKIP","floor":75},{"not_picked":["ReplayTheSpireMod:Strike From Hell","infinitespire:OneForAll","Twin Strike"],"picked":"SKIP","floor":81},{"not_picked":["Clothesline+1","Combust"],"picked":"Juggernaut","floor":82},{"not_picked":["infinitespire:FutureSight","ReplayTheSpireMod:Haul"],"picked":"infinitespire:Execution","floor":84},{"not_picked":["Limit Break","Immolate"],"picked":"Berserk","floor":84},{"not_picked":["Anger+1","Acrobatics","Reckless Charge"],"picked":"Shrug It Off+1","floor":86},{"not_picked":["Heel Hook","Expertise+1","Sucker Punch","Headbutt+1"],"picked":"SKIP","floor":87},{"not_picked":["Defy Death+1","Outmaneuver+1","Thunderclap+1","Leg Sweep+1"],"picked":"SKIP","floor":89},{"not_picked":["Pommel Strike+1","Replay:Poison Smokescreen+1","PiercingWail+1","ReplayTheSpireMod:Corrosion Curse"],"picked":"SKIP","floor":90},{"not_picked":["Inflame","Dagger Throw+1","Clash+1"],"picked":"Replay:Bag of Tricks","floor":92}],"player_experience":1239490,"relics_obtained":[{"floor":9.0,"key":"Eternal Feather"},{"floor":24.0,"key":"Blue Candle"},{"floor":26.0,"key":"Centennial Puzzle"},{"floor":30.0,"key":"Red Mask"},{"floor":40.0,"key":"Blue Doll"},{"floor":43.0,"key":"Blood Vial"},{"floor":57.0,"key":"infinitespire:Beetle Shell"},{"floor":57.0,"key":"Replay:Baseball"},{"floor":60.0,"key":"theForsaken:Lifeblossom"},{"floor":63.0,"key":"Odd Mushroom"},{"floor":74,"key":"infinitespire:Lucky Rock"},{"floor":74,"key":"theForsaken:ScaryMask"},{"floor":77,"key":"theForsaken:Gavel"},{"floor":81,"key":"aspiration:TomeofQuesting"},{"floor":81,"key":"Vajra"},{"floor":88,"key":"Pet Ghost"},{"floor":92,"key":"Replay:PocketPolymizer"},{"floor":92,"key":"Red Skull"},{"floor":94,"key":"Toy Ornithopter"},{"floor":96,"key":"Akabeko"}],"event_choices":[{"cards_removed":["Strike_R"],"damage_healed":0.0,"max_hp_gain":0.0,"max_hp_loss":0.0,"gold_gain":0.0,"event_name":"Golden Wing","player_choice":"Card Removal","floor":3.0,"gold_loss":0.0,"damage_taken":7.0},{"damage_healed":0.0,"max_hp_gain":0.0,"max_hp_loss":0.0,"gold_gain":75.0,"event_name":"FaceTrader","player_choice":"Touch","floor":5.0,"gold_loss":0.0,"damage_taken":8.0},{"damage_healed":0.0,"max_hp_gain":0.0,"max_hp_loss":0.0,"gold_gain":0.0,"event_name":"Addict","player_choice":"Obtained Relic","floor":20.0,"gold_loss":85.0,"damage_taken":0.0,"relics_obtained":["aspiration:Lifesprig"]},{"damage_healed":0.0,"max_hp_gain":0.0,"max_hp_loss":0.0,"gold_gain":0.0,"event_name":"Duplicator","player_choice":"Copied","floor":21.0,"gold_loss":0.0,"damage_taken":0.0,"cards_obtained":["Body Slam"]},{"damage_healed":0.0,"max_hp_gain":0.0,"max_hp_loss":0.0,"gold_gain":0.0,"event_name":"Masked Bandits","player_choice":"Fought Bandits","floor":30.0,"gold_loss":0.0,"damage_taken":0.0},{"damage_healed":0.0,"max_hp_gain":0.0,"max_hp_loss":0.0,"gold_gain":0.0,"event_name":"NoteForYourself","player_choice":"Ignored","floor":38.0,"gold_loss":0.0,"damage_taken":0.0},{"cards_removed":["Strike_R"],"damage_healed":0.0,"max_hp_gain":0.0,"max_hp_loss":0.0,"gold_gain":0.0,"event_name":"Falling","player_choice":"Removed Attack","floor":47.0,"gold_loss":0.0,"damage_taken":0.0},{"damage_healed":0.0,"max_hp_gain":0.0,"max_hp_loss":0.0,"gold_gain":100.0,"event_name":"Golden Shrine","player_choice":"Pray","floor":59.0,"gold_loss":0.0,"damage_taken":0.0},{"damage_healed":0.0,"max_hp_gain":0.0,"max_hp_loss":0.0,"gold_gain":0.0,"event_name":"Mushrooms","player_choice":"Fought Mushrooms","floor":63.0,"gold_loss":0.0,"damage_taken":0.0},{"damage_healed":0,"gold_gain":0,"player_choice":"Gave Potion","damage_taken":0,"relics_obtained":["aspiration:DSix"],"max_hp_gain":0,"max_hp_loss":0,"event_name":"WeMeetAgain","floor":71,"gold_loss":0}],"is_beta":false,"boss_relics":[{"not_picked":["Velvet Choker","aspiration:RitualDagger"],"picked":"infinitespire:Burning Sword"},{"not_picked":["Coffee Dripper","Snecko Eye"],"picked":"Ooze Armor"},{"not_picked":["aspiration:WatcherSkillbook","Pandora\u0027s Box"],"picked":"Black Star"},{"not_picked":["Calling Bell","Electric Blood"],"picked":"SlaversCollar"},{"not_picked":["Honey Jar","Astrolabe"],"picked":"aspiration:SilentSkillbook"}],"items_purged_floors":[4,22,53,56,65,73,79],"is_endless":true,"potions_floor_spawned":[1,12,18,24,35,37,39,61,63,72,75,82,84,89,92],"killed_by":"Nightmare","ascension_level":0}}