{"host":"3y2rtlgteqp2nuo3","time":1608128263,"event":{"mods":["2.2 Compatiblity","AchievementEnabler","BaseMod","Colored Map","DeckTracker","Highlight Path","Keyboard Shortcuts","Minty Spire (QoL Compilation)","Permanent Neow","Quick Restart","StSLib","SuperFastMode","everything is the same but u backflip on backflip"],"gold_per_floor":[113,133,151,76,87,87,114,114,114,114,143,161,171,201,201,297,297,312,20,33,33,49,49,49,49,49,65,65,100,100,100],"floor_reached":30,"playtime":911,"items_purged":["Strike_B"],"score":441,"play_id":"7e06fe05-a3c1-4166-94db-c6b131f7e675","local_time":"20201216231743","is_ascension_mode":true,"campfire_choices":[{"data":"Zap","floor":6.0,"key":"SMITH"},{"data":"Static Discharge","floor":8.0,"key":"SMITH"},{"floor":10.0,"key":"REST"},{"floor":15.0,"key":"REST"},{"floor":23.0,"key":"REST"},{"floor":25.0,"key":"REST"}],"circlet_count":0,"master_deck":["AscendersBane","Defend_B","Defend_B","Defend_B","Defend_B","Zap+1","Dualcast","Sweeping Beam","Cold Snap","Ball Lightning","Static Discharge+1","Machine Learning","Genetic Algorithm","Coolheaded","Fission","Self Repair","Heatsinks","Hologram+1","Double Energy","Pain","Undo+1"],"relics":["Cracked Core","Strawberry","Pear","Peace Pipe","Odd Mushroom","Inserter","Membership Card","Dead Branch","Pantograph","WarpedTongs","Unceasing Top"],"acts_visited":["Exordium","TheCity"],"potions_floor_usage":[],"damage_taken":[{"damage":2.0,"enemies":"Jaw Worm","floor":1.0,"turns":4.0},{"damage":4.0,"enemies":"2 Louse","floor":2.0,"turns":2.0},{"damage":0.0,"enemies":"Small Slimes","floor":3.0,"turns":3.0},{"damage":9.0,"enemies":"Red Slaver","floor":5.0,"turns":3.0},{"damage":8.0,"enemies":"3 Sentries","floor":7.0,"turns":5.0},{"damage":23.0,"enemies":"Lagavulin","floor":11.0,"turns":6.0},{"damage":8.0,"enemies":"Large Slime","floor":12.0,"turns":4.0},{"damage":1.0,"enemies":"Exordium Wildlife","floor":13.0,"turns":3.0},{"damage":17.0,"enemies":"The Mushroom Lair","floor":14.0,"turns":3.0},{"damage":46.0,"enemies":"Slime Boss","floor":16.0,"turns":9.0},{"damage":19.0,"enemies":"Shell Parasite","floor":18.0,"turns":6.0},{"damage":21.0,"enemies":"3 Byrds","floor":20.0,"turns":6.0},{"damage":26.0,"enemies":"Centurion and Healer","floor":22.0,"turns":5.0},{"damage":27.0,"enemies":"Chosen and Byrds","floor":27.0,"turns":5.0},{"damage":42.0,"enemies":"Book of Stabbing","floor":29.0,"turns":5.0},{"damage":9,"enemies":"Cultist and Chosen","floor":30,"turns":4}],"seed_played":"2819752287857773510","potions_obtained":[{"floor":2.0,"key":"AttackPotion"},{"floor":7.0,"key":"Swift Potion"},{"floor":11.0,"key":"DistilledChaos"},{"floor":14.0,"key":"BlessingOfTheForge"},{"floor":16.0,"key":"DuplicationPotion"},{"floor":22.0,"key":"AttackPotion"},{"floor":29.0,"key":"CultistPotion"}],"is_trial":false,"path_per_floor":["M","M","M","$","M","R","E","R","T","R","E","M","M","?","R","B",null,"M","$","M","?","M","R","?","R","T","M","?","E","M"],"character_chosen":"DEFECT","items_purchased":["Membership Card","Dead Branch"],"campfire_rested":4,"item_purchase_floors":[19,19],"current_hp_per_floor":[48,44,44,44,35,35,34,34,44,71,48,40,39,22,49,3,70,51,51,44,44,25,52,34,63,63,43,43,8,0,0],"gold":100,"neow_bonus":"REMOVE_TWO","is_daily":false,"chose_seed":false,"campfire_upgraded":2,"win_rate":0.0,"timestamp":1608128263,"path_taken":["M","M","M","$","M","R","E","R","T","R","E","M","M","?","R","BOSS","M","$","M","?","M","R","?","R","T","M","?","E","M"],"items_purchased_type":["Relic","Relic"],"build_version":"2020-12-13","purchased_purges":1,"victory":false,"max_hp_per_floor":[75,75,75,75,75,75,82,82,92,92,92,92,92,92,92,92,92,92,92,92,92,92,92,97,97,97,97,97,97,97,97],"card_choices":[{"not_picked":["Gash","Stack"],"picked":"Sweeping Beam","floor":1.0},{"not_picked":["Hologram","Barrage"],"picked":"Cold Snap","floor":2.0},{"not_picked":["Sweeping Beam","Recycle"],"picked":"Ball Lightning","floor":3.0},{"not_picked":["Double Energy","Ball Lightning"],"picked":"Static Discharge","floor":5.0},{"not_picked":["Gash","Stack","Force Field"],"picked":"SKIP","floor":7.0},{"not_picked":["Hyperbeam","Turbo"],"picked":"Machine Learning","floor":11.0},{"not_picked":["Sweeping Beam","Redo","Cold Snap"],"picked":"SKIP","floor":12.0},{"not_picked":["Chaos","Redo"],"picked":"Genetic Algorithm","floor":13.0},{"not_picked":["Rebound","Stack"],"picked":"Coolheaded","floor":14.0},{"not_picked":["Biased Cognition","Buffer"],"picked":"Fission","floor":16.0},{"not_picked":["Cold Snap","Capacitor+1"],"picked":"Self Repair","floor":18.0},{"not_picked":["Leap","Stack"],"picked":"Heatsinks","floor":20.0},{"not_picked":["Recycle","Doom and Gloom"],"picked":"Hologram+1","floor":22.0},{"not_picked":["Chaos","Redo"],"picked":"Double Energy","floor":27.0},{"not_picked":["Steam","Stack"],"picked":"Undo+1","floor":29.0}],"player_experience":857222,"relics_obtained":[{"floor":7.0,"key":"Strawberry"},{"floor":9.0,"key":"Pear"},{"floor":11.0,"key":"Peace Pipe"},{"floor":14.0,"key":"Odd Mushroom"},{"floor":26.0,"key":"Pantograph"},{"floor":29.0,"key":"Unceasing Top"}],"event_choices":[{"damage_healed":0.0,"max_hp_gain":0.0,"max_hp_loss":0.0,"gold_gain":0.0,"event_name":"Mushrooms","player_choice":"Fought Mushrooms","floor":14.0,"gold_loss":0.0,"damage_taken":0.0},{"cards_removed":["Strike_B"],"damage_healed":0.0,"max_hp_gain":0.0,"max_hp_loss":0.0,"gold_gain":0.0,"event_name":"Back to Basics","player_choice":"Elegance","floor":21.0,"gold_loss":0.0,"damage_taken":0.0},{"damage_healed":0.0,"max_hp_gain":5.0,"max_hp_loss":0.0,"gold_gain":0.0,"event_name":"Forgotten Altar","player_choice":"Shed Blood","floor":24.0,"gold_loss":0.0,"damage_taken":23.0},{"damage_healed":0.0,"max_hp_gain":0.0,"max_hp_loss":0.0,"gold_gain":0.0,"event_name":"Accursed Blacksmith","player_choice":"Rummage","floor":28.0,"gold_loss":0.0,"damage_taken":0.0,"relics_obtained":["WarpedTongs"],"cards_obtained":["Pain"]}],"is_beta":false,"boss_relics":[{"not_picked":["Busted Crown","Tiny House"],"picked":"Inserter"}],"items_purged_floors":[4],"is_endless":false,"potions_floor_spawned":[2,7,11,14,16,18,22,29],"killed_by":"Cultist and Chosen","ascension_level":12}}