{"host":"dwyzfvnzfcqffr30","time":1608113416,"event":{"mods":["2.2 Compatiblity","Act Like it!","BaseMod","Beaked The Cultist","Better Altar","Better Sensory Stone","Better Third Choice","Clockwork Mod","Colored Map","Colored Powertips","Conspire","Elementarium","GifTheSpireLib","Halation","Hubris","Jedi Mod","Menagerie","Mimic Mod","Minty Spire (QoL Compilation)","Permanent Neow","Random Character Button","Replay The Spire","Spicy Shops","StSLib","Stuff the Spire","The Construct","The Druid","TheFirefly","Trackpad","vexMod"],"gold_per_floor":[115,57,64,69,77,94,94,162,162,162,162,162,9,15,15,63,63,73,88,54,54,64,124,124,176,176,176,182,188,195,257,257,309,309,317,367,113,118,124,124,174,183,194,201,265,274,274,274],"floor_reached":47,"playtime":5392,"items_purged":["hubris:Defend_Merchant+1","construct:HeatedDefend+1"],"score":875,"play_id":"b0899c05-ca31-462b-969b-56cbbc40a05f","local_time":"20201216021016","is_ascension_mode":true,"campfire_choices":[{"floor":7,"key":"REST"},{"floor":15,"key":"REST"},{"floor":24,"key":"RECALL"},{"floor":27,"key":"REST"},{"floor":32,"key":"REST"},{"floor":40,"key":"REST"}],"circlet_count":0,"master_deck":["Strike_B+1","Strike_B+1","Strike_B+1","Strike_B+1","Defend_B+1","Defend_B+1","Defend_B+1","Defend_B+1","Zap+1","Dualcast+1","jedi:meditation+1","MasterReality+1","Stack+1","Chill+1","StuffTheSpire:Snapshot+1","ReplayTheSpireMod:Dual Polarity+1","Crystallizer+1","Menagerie:BeastSpirit+1","Electrodynamics+1","jedi:blockon+1","jedi:blockon+1","ReplayTheSpireMod:Calculation Training+1","StuffTheSpire:Plugnplay+1","jedi:overflow+1","jedi:overflow+1","FIFO Queue+1","BasicCrystalCard+1","StuffTheSpire:Synthwave+1","Mirror Shield+1"],"relics":["Cracked Core","Bottled Tornado","Quantum Egg","Frozen Egg 2","Toxic Egg 2","Molten Egg 2","Menagerie:Aurumvore","StuffTheSpire:TintedRock","Mango","Singing Bowl","beaked:SacredDeck","Elementarium:GoldenMirage","trackpad:ByrdBGone","Clockwork:MomentumEngine","Oddly Smooth Stone","Potion Belt","hubris:RGBLights","Replay:Multitool","Elementarium:ElementariumTrophy","conspire:SpecialSausage","trackpad:RapidFire","Toy Ornithopter","hubris:TenFootPole","Centennial Puzzle"],"acts_visited":["Menagerie:Menagerie","Elementarium:Elementarium","TheBeyond"],"potions_floor_usage":[5,14,19,23,28,33,35,42,45,47],"damage_taken":[{"damage":4,"enemies":"Menagerie:MonstrousExperiment","floor":1,"turns":4},{"damage":2,"enemies":"Menagerie:WhisperingWraith","floor":3,"turns":4},{"damage":0,"enemies":"Menagerie:StygianBoar","floor":4,"turns":2},{"damage":2,"enemies":"Menagerie:Hexasnake","floor":5,"turns":6},{"damage":23,"enemies":"Menagerie:VoidReaper","floor":6,"turns":7},{"damage":0,"enemies":"Menagerie:Hydra","floor":8,"turns":5},{"damage":5,"enemies":"Menagerie:RedMage","floor":14,"turns":4},{"damage":19,"enemies":"Menagerie:AVATARS","floor":16,"turns":4},{"damage":1,"enemies":"Elementarium:2_ELEMENTALS","floor":18,"turns":4},{"damage":0,"enemies":"Elementarium:GOLDEN_STATUES","floor":19,"turns":3},{"damage":15,"enemies":"Elementarium:VoidCorruption","floor":22,"turns":5},{"damage":19,"enemies":"Elementarium:ElementalPortal","floor":23,"turns":5},{"damage":28,"enemies":"Elementarium:WarGolem","floor":25,"turns":6},{"damage":1,"enemies":"Elementarium:3_ELEMENTALS","floor":28,"turns":1},{"damage":16,"enemies":"Elementarium:Hydrostalker","floor":29,"turns":6},{"damage":2,"enemies":"Elementarium:CYCLONE_AND_ORB_OF_FIRE","floor":30,"turns":7},{"damage":13,"enemies":"Elementarium:ElementalPortal","floor":31,"turns":5},{"damage":0,"enemies":"Elementarium:GolemEmperor","floor":33,"turns":7},{"damage":8,"enemies":"3 Darklings","floor":35,"turns":4},{"damage":22,"enemies":"3 Shapes","floor":38,"turns":4},{"damage":8,"enemies":"3 Darklings","floor":39,"turns":5},{"damage":38,"enemies":"Reptomancer","floor":41,"turns":6},{"damage":6,"enemies":"Writhing Mass","floor":42,"turns":4},{"damage":30,"enemies":"Jaw Worm Horde","floor":44,"turns":4},{"damage":5,"enemies":"Giant Head","floor":45,"turns":6},{"damage":8,"enemies":"Sphere and 2 Shapes","floor":46,"turns":3},{"damage":38,"enemies":"Reptomancer","floor":47,"turns":3}],"seed_played":"-7140719358163084880","potions_obtained":[{"floor":1,"key":"SpeedPotion"},{"floor":3,"key":"Weak Potion"},{"floor":6,"key":"jedi:wingpotion"},{"floor":8,"key":"LifebloodPotion"},{"floor":16,"key":"Elixir"},{"floor":18,"key":"Fire Potion"},{"floor":25,"key":"AttackPotion"},{"floor":31,"key":"LifebloodPotion"},{"floor":33,"key":"FocusPotion"},{"floor":41,"key":"AttackPotion"},{"floor":44,"key":"SpeedPotion"},{"floor":45,"key":"DuplicationPotion"}],"is_trial":false,"path_per_floor":["M","?","M","M","M","E","R","E","T","?","?","?","$","M","R","B",null,"M","?","$","?","M","E","R","E","T","R","M","M","M","E","R","B",null,"M","?","$","M","M","R","E","M","T","M","E","M","E"],"character_chosen":"DEFECT","items_purchased":["Electrodynamics+1","jedi:blockon+1","trackpad:RapidFire"],"campfire_rested":5,"item_purchase_floors":[13,20,37],"current_hp_per_floor":[64,64,62,62,60,37,59,73,73,73,73,75,75,72,90,73,87,88,90,90,90,75,58,58,30,30,59,58,42,42,29,59,61,92,84,84,84,62,56,87,51,50,50,22,24,18,0,0],"gold":274,"neow_bonus":"THREE_RARE_CARDS","is_daily":false,"chose_seed":false,"campfire_upgraded":0,"win_rate":0.0,"timestamp":1608113416,"path_taken":["M","?","M","?","M","E","R","E","T","?","?","?","$","?","R","BOSS","M","?","$","?","M","E","R","E","T","R","?","M","M","E","R","BOSS","M","?","$","M","?","R","E","M","T","M","E","?","E"],"items_purchased_type":["Card","Card","Relic"],"build_version":"2020-12-13","purchased_purges":2,"victory":false,"max_hp_per_floor":[75,75,75,75,75,75,75,89,89,86,86,88,88,90,90,92,92,94,96,96,96,96,98,98,98,98,98,98,98,100,100,100,102,102,102,102,102,102,104,104,106,106,106,108,110,112,112,112],"card_choices":[{"not_picked":["Rainbow","Amplify"],"picked":"jedi:meditation","floor":0},{"not_picked":["Auto Shields+1","Beam Cell+1"],"picked":"StuffTheSpire:SnapShoot+1","floor":1},{"not_picked":["ReplayTheSpireMod:Dual Polarity+1","Rebound+1","Sweeping Beam+1"],"picked":"SKIP","floor":3},{"not_picked":["Turbo+1","Steam+1"],"picked":"Stack+1","floor":4},{"not_picked":["Leap+1","Doom and Gloom+1"],"picked":"Chill+1","floor":5},{"not_picked":["Tempest+1","Leap+1"],"picked":"ReplayTheSpireMod:Dual Polarity+1","floor":6},{"not_picked":["jedi:sharpshooter+1","Time Bomb+1"],"picked":"Crystallizer+1","floor":8},{"not_picked":["HandOfGreed+1","Jack Of All Trades+1","Transmutation+1"],"picked":"Singing Bowl","floor":12},{"not_picked":["Ball Lightning+1","Beam Cell+1","ReplayTheSpireMod:Dual Polarity+1"],"picked":"Singing Bowl","floor":14},{"not_picked":["StuffTheSpire:LaunchingStrike+1","Reboot+1","Electrodynamics+1"],"picked":"Singing Bowl","floor":16},{"not_picked":["Time Bomb+1","Rip and Tear+1","StuffTheSpire:LoadUp+1"],"picked":"Singing Bowl","floor":18},{"not_picked":["StuffTheSpire:LoadUp+1","Rip and Tear+1","Cold Snap+1"],"picked":"Singing Bowl","floor":19},{"not_picked":["Go for the Eyes+1","Aggregate+1"],"picked":"ReplayTheSpireMod:Calculation Training+1","floor":22},{"not_picked":["ReplaySolidLightProjector+1","jedi:BurstLightning+1","Gash+1"],"picked":"Singing Bowl","floor":23},{"not_picked":["StuffTheSpire:EventHorizon+1","ReplayTheSpireMod:Repulse+1"],"picked":"StuffTheSpire:Plugnplay+1","floor":25},{"not_picked":["Ball Lightning+1","Rip and Tear+1"],"picked":"jedi:overflow+1","floor":28},{"not_picked":["Rebound+1","ReplayTheSpireMod:System Scan+1"],"picked":"jedi:overflow+1","floor":29},{"not_picked":["Steam Power+1","StuffTheSpire:Rend+1","Doom and Gloom+1"],"picked":"Singing Bowl","floor":30},{"not_picked":["Redo+1","Conserve Battery+1"],"picked":"FIFO Queue+1","floor":31},{"not_picked":["jedi:readyaimfire+1","jedi:BurstDark+1","Seek+1"],"picked":"Singing Bowl","floor":33},{"not_picked":["Steam+1","Go for the Eyes+1"],"picked":"BasicCrystalCard+1","floor":35},{"not_picked":["Streamline+1","FTL+1"],"picked":"StuffTheSpire:Synthwave+1","floor":38},{"not_picked":["Steam+1","Conserve Battery+1","Sweeping Beam+1"],"picked":"Singing Bowl","floor":39},{"not_picked":["Heatsinks+1","FTL+1","Leap+1"],"picked":"Singing Bowl","floor":41},{"not_picked":["StuffTheSpire:LoadUp+1","Rebound+1"],"picked":"Mirror Shield+1","floor":42},{"not_picked":["Redo+1","Go for the Eyes+1","Barrage+1"],"picked":"Singing Bowl","floor":44},{"not_picked":["StuffTheSpire:ShieldGenerator+1","Storm+1","Stack+1"],"picked":"Singing Bowl","floor":45},{"not_picked":["StuffTheSpire:LoadUp+1","Reinforced Body+1","Redo+1"],"picked":"Singing Bowl","floor":46}],"player_experience":1223915,"relics_obtained":[{"floor":6,"key":"StuffTheSpire:TintedRock"},{"floor":8,"key":"Mango"},{"floor":9,"key":"Singing Bowl"},{"floor":19,"key":"Elementarium:GoldenMirage"},{"floor":23,"key":"Oddly Smooth Stone"},{"floor":25,"key":"Potion Belt"},{"floor":26,"key":"hubris:RGBLights"},{"floor":31,"key":"Replay:Multitool"},{"floor":41,"key":"Toy Ornithopter"},{"floor":43,"key":"hubris:TenFootPole"},{"floor":45,"key":"Centennial Puzzle"}],"event_choices":[{"damage_healed":0,"gold_gain":0,"player_choice":"Simplicity","damage_taken":0,"max_hp_gain":0,"max_hp_loss":10,"event_name":"betterThird:BetterWriting","floor":0,"gold_loss":0},{"damage_healed":0,"gold_gain":0,"player_choice":"Upgraded","damage_taken":0,"max_hp_gain":0,"max_hp_loss":0,"event_name":"Upgrade Shrine","floor":0,"gold_loss":0,"cards_upgraded":["jedi:meditation"]},{"damage_healed":0,"gold_gain":0,"player_choice":"Upgraded","damage_taken":0,"max_hp_gain":0,"max_hp_loss":0,"event_name":"Upgrade Shrine","floor":0,"gold_loss":0,"cards_upgraded":["Zap"]},{"damage_healed":0,"gold_gain":0,"player_choice":"Upgraded","damage_taken":0,"max_hp_gain":0,"max_hp_loss":0,"event_name":"Upgrade Shrine","floor":0,"gold_loss":0,"cards_upgraded":["Dualcast"]},{"damage_healed":0,"gold_gain":0,"player_choice":"Pacify","damage_taken":0,"relics_obtained":["Menagerie:Aurumvore"],"max_hp_gain":0,"max_hp_loss":0,"event_name":"Menagerie:ScentOfGold","floor":2,"gold_loss":0},{"damage_healed":0,"gold_gain":0,"player_choice":"Knelt","damage_taken":0,"max_hp_gain":0,"max_hp_loss":3,"event_name":"Menagerie:BeastSpiritShrine","floor":10,"gold_loss":0,"cards_obtained":["Menagerie:BeastSpirit"]},{"damage_healed":0,"gold_gain":0,"player_choice":"Leave","damage_taken":0,"max_hp_gain":0,"max_hp_loss":0,"event_name":"conspire:Investor","floor":11,"gold_loss":0},{"damage_healed":0,"gold_gain":1,"player_choice":"1","damage_taken":0,"max_hp_gain":0,"max_hp_loss":0,"event_name":"betterStone:BetterStone","floor":12,"gold_loss":0},{"damage_healed":0,"gold_gain":0,"player_choice":"Fight","damage_taken":0,"max_hp_gain":0,"max_hp_loss":0,"event_name":"Elementarium:GoldenStatues","floor":19,"gold_loss":0},{"damage_healed":0,"gold_gain":100,"player_choice":"Pray","damage_taken":0,"max_hp_gain":0,"max_hp_loss":0,"event_name":"Golden Shrine","floor":36,"gold_loss":0}],"is_beta":false,"boss_relics":[{"not_picked":["halation:PlatinumPhoenix","halation:PinkAlligatorPlush"],"picked":"beaked:SacredDeck"},{"not_picked":["halation:Yufonium","Replay:Grab Bag"],"picked":"conspire:SpecialSausage"}],"items_purged_floors":[13,13],"is_endless":false,"potions_floor_spawned":[1,3,6,8,16,18,22,25,31,33,41,44,45],"killed_by":"Reptomancer","ascension_level":7}}