{"host":"cr9rpoy6dx9riis3","time":1608077453,"event":{"mods":["AchievementEnabler","BaseMod","Better Altar","Better Note","Better Sensory Stone","Better Skull","Better Third Choice","Better-Laid Plans","BetterRewards","Block Reminder","Curses Come First","Displayed Cursed Tome","Emptier Cage","Marked Mod","Minty Spire (QoL Compilation)","Permanent Neow","Relic Sorter","StSLib","The Blue Laboratory","Transform Curses"],"gold_per_floor":[118,118,30,30,41,60,60,80,125,125,125,135,135,169,169,267,267,284,284,65,84,99,99,114,131,131,131,144,144,419,3,3,3,3],"floor_reached":33,"playtime":1134,"items_purged":["Strike_R","Strike_R","Regret"],"score":399,"play_id":"0cb4c664-a9e9-4b36-b296-763eb98f453b","local_time":"20201216011053","is_ascension_mode":true,"campfire_choices":[{"data":"Limit Break","floor":7,"key":"SMITH"},{"data":"Carnage","floor":11,"key":"SMITH"},{"floor":15,"key":"REST"},{"floor":23,"key":"REST"},{"data":"Heavy Blade","floor":27,"key":"SMITH"},{"data":"Immolate","floor":29,"key":"SMITH"},{"floor":32,"key":"REST"}],"circlet_count":0,"master_deck":["Strike_R","Strike_R","Defend_R","Defend_R","Defend_R","Defend_R","Bash","Limit Break+1","Carnage+1","Flash of Steel","Spot Weakness+1","Immolate+1","CurseOfTheBell","Spot Weakness+1","Disarm+1","Good Instincts+1","Heavy Blade+1","Inflame+1","Demon Form","Spot Weakness+1"],"relics":["Burning Blood","Toxic Egg 2","Prayer Wheel","Blood Vial","Magic Flower","Vajra","Kunai"],"acts_visited":["Exordium","TheCity"],"potions_floor_usage":[12,14,16,21,22,22,25,28],"damage_taken":[{"damage":11,"enemies":"Small Slimes","floor":1,"turns":3},{"damage":2,"enemies":"2 Louse","floor":5,"turns":3},{"damage":0,"enemies":"Cultist","floor":6,"turns":2},{"damage":12,"enemies":"Looter","floor":8,"turns":3},{"damage":17,"enemies":"Exordium Thugs","floor":12,"turns":3},{"damage":28,"enemies":"Lagavulin","floor":14,"turns":5},{"damage":36,"enemies":"The Guardian","floor":16,"turns":7},{"damage":28,"enemies":"Spheric Guardian","floor":18,"turns":4},{"damage":69,"enemies":"3 Byrds","floor":21,"turns":7},{"damage":10,"enemies":"Shelled Parasite and Fungi","floor":22,"turns":5},{"damage":21,"enemies":"Snecko","floor":24,"turns":5},{"damage":24,"enemies":"Snake Plant","floor":25,"turns":2},{"damage":2,"enemies":"Centurion and Healer","floor":28,"turns":4},{"damage":87,"enemies":"Automaton","floor":33,"turns":6}],"seed_played":"-7487623454080075704","potions_obtained":[{"floor":1,"key":"blueLaboratory:TrueEctoplasm"},{"floor":5,"key":"blueLaboratory:LimitlessPotion"},{"floor":12,"key":"Dexterity Potion"},{"floor":14,"key":"Regen Potion"},{"floor":16,"key":"blueLaboratory:CorrosionFlask"},{"floor":19,"key":"Ancient Potion"},{"floor":19,"key":"blueLaboratory:HummingbirdPotion"},{"floor":22,"key":"LiquidMemories"},{"floor":25,"key":"blueLaboratory:ExaltedPotion"}],"is_trial":false,"path_per_floor":["M","?","$","?","M","M","R","M","T","?","R","M","?","E","R","B",null,"M","?","$","M","M","R","M","M","T","R","M","R","?","$","R","B"],"character_chosen":"IRONCLAD","items_purchased":["Vajra","Limit Break","Carnage","Kunai","Flash of Steel","Disarm+1","Good Instincts+1","Demon Form","DollysMirror"],"campfire_rested":3,"item_purchase_floors":[0,0,0,0,3,20,20,31,31],"current_hp_per_floor":[47,40,40,40,44,50,50,44,44,44,44,33,33,11,35,22,87,68,68,68,11,13,39,30,18,18,18,28,28,28,28,54,0,0],"gold":3,"neow_bonus":"","is_daily":false,"chose_seed":false,"campfire_upgraded":4,"win_rate":0.0,"timestamp":1608077453,"path_taken":["M","?","$","?","M","M","R","?","T","?","R","M","?","E","R","BOSS","M","?","$","M","M","R","?","M","T","R","M","R","?","?","R","BOSS"],"items_purchased_type":["Relic","Card","Card","Relic","Card","Card","Card","Card","Relic"],"build_version":"2020-12-13","purchased_purges":3,"victory":false,"max_hp_per_floor":[80,80,80,80,80,80,80,80,80,80,80,80,80,80,80,80,87,87,87,87,87,87,87,87,87,87,87,87,87,87,87,87,87,87],"card_choices":[{"not_picked":["Twin Strike","Sword Boomerang","Thunderclap"],"picked":"SKIP","floor":1},{"not_picked":["Shockwave","Combust","Twin Strike"],"picked":"SKIP","floor":5},{"not_picked":["Shrug It Off","Iron Wave","Evolve"],"picked":"SKIP","floor":6},{"not_picked":["Shockwave","Pommel Strike","True Grit"],"picked":"SKIP","floor":8},{"not_picked":["Evolve","Thunderclap"],"picked":"Intimidate","floor":12},{"not_picked":["Anger","Bloodletting","Warcry"],"picked":"SKIP","floor":14},{"not_picked":["Juggernaut","Impervious"],"picked":"Immolate","floor":16},{"not_picked":["Thunderclap","Anger"],"picked":"Spot Weakness+1","floor":18},{"not_picked":["Perfected Strike","Rage+1","Anger"],"picked":"SKIP","floor":21},{"not_picked":["Pummel+1","Carnage"],"picked":"Heavy Blade","floor":22},{"not_picked":["Clothesline","True Grit+1","Pommel Strike+1"],"picked":"SKIP","floor":24},{"not_picked":["Flex+1","Reckless Charge","Clothesline"],"picked":"SKIP","floor":25},{"not_picked":["Iron Wave","Power Through+1"],"picked":"Inflame+1","floor":28},{"not_picked":["Corruption","Flex+1","Pommel Strike"],"picked":"SKIP","floor":28}],"player_experience":710782,"relics_obtained":[{"floor":14,"key":"Blood Vial"},{"floor":17,"key":"Strawberry"},{"floor":17,"key":"Toxic Egg 2"},{"floor":17,"key":"Magic Flower"},{"floor":26,"key":"Prayer Wheel"}],"event_choices":[{"cards_removed":["Strike_R"],"damage_healed":0,"gold_gain":0,"player_choice":"Card Removal","damage_taken":7,"max_hp_gain":0,"max_hp_loss":0,"event_name":"Golden Wing","floor":2,"gold_loss":0},{"cards_removed":["Limit Break"],"damage_healed":0,"gold_gain":0,"player_choice":"Take \u0026 Give","damage_taken":0,"max_hp_gain":0,"max_hp_loss":0,"event_name":"betterNote:BetterNote","floor":4,"gold_loss":0,"cards_obtained":["Spot Weakness"]},{"damage_healed":0,"gold_gain":0,"player_choice":"Ignored","damage_taken":0,"max_hp_gain":0,"max_hp_loss":0,"event_name":"Golden Idol","floor":10,"gold_loss":0},{"damage_healed":0,"gold_gain":0,"player_choice":"Ignored","damage_taken":0,"max_hp_gain":0,"max_hp_loss":0,"event_name":"Transmorgrifier","floor":13,"gold_loss":0},{"damage_healed":0,"gold_gain":0,"player_choice":"Got Potions","damage_taken":0,"max_hp_gain":0,"max_hp_loss":0,"event_name":"Lab","floor":19,"gold_loss":0},{"damage_healed":0,"gold_gain":275,"player_choice":"Desecrate","damage_taken":0,"max_hp_gain":0,"max_hp_loss":0,"event_name":"Golden Shrine","floor":30,"gold_loss":0,"cards_obtained":["Regret"]}],"is_beta":false,"boss_relics":[{"not_picked":["Ectoplasm","Mark of Pain"],"picked":"Calling Bell"}],"items_purged_floors":[0,20,31],"is_endless":false,"potions_floor_spawned":[1,5,12,14,16,22,25],"killed_by":"Automaton","ascension_level":3}}