{"host":"jk8wop44dq7uc7ar","time":1608149320,"event":{"mods":["AchievementEnabler","BaseMod","Colored Map","Colored Powertips","Downfall","Hermit","Hubris","Infinite Spire","Marisa????????","Minty Spire (QoL Compilation)","StSLib","The Bug Knight","The Construct","The Cursed","The Disciple","The Mystic","The Necromancer","The Runesmith","The Servant 0.9.4"],"gold_per_floor":[110,129,129,129,142,173,193,210,210,210,225,242,242,59,59,156,156,166,191,101,21,32,32,32,32],"floor_reached":24,"playtime":1774,"items_purged":[],"score":208,"play_id":"25d7ed23-c096-4b6a-bd23-87efd209f89e","local_time":"20201216150840","is_ascension_mode":true,"campfire_choices":[{"floor":13.0,"key":"REST"},{"data":"Envenom","floor":15.0,"key":"SMITH"},{"floor":23.0,"key":"REST"}],"circlet_count":0,"master_deck":["Survivor","Neutralize","Backflip","Deadly Poison","Noxious Fumes","Bouncing Flask","Poisoned Stab","Bane","Footwork","Prepared","Escape Plan","Calculated Gamble","Prepared","Backstab","hubris:SlightOfHand","Envenom+1","Deadly Poison","Malaise","hubris:SlightOfHand+1","A Thousand Cuts","Finisher","Blade Dance","Bullet Time","infinitespire:Neurotoxin","Heel Hook","Predator","Flying Knee","Escape Plan","Bane","Noxious Fumes","Backflip","Bane+1"],"relics":["Ring of the Snake","NeowsBlessing","infinitespire:EmpoweringShard","Prayer Wheel","Tough Bandages","Pandora\u0027s Box","Red Mask"],"acts_visited":["Exordium","TheCity"],"potions_floor_usage":[],"damage_taken":[{"damage":0.0,"enemies":"Jaw Worm","floor":1.0,"turns":1.0},{"damage":0.0,"enemies":"2 Louse","floor":2.0,"turns":1.0},{"damage":0.0,"enemies":"Cultist","floor":5.0,"turns":1.0},{"damage":22.0,"enemies":"Lagavulin","floor":6.0,"turns":5.0},{"damage":4.0,"enemies":"Blue Slaver","floor":7.0,"turns":4.0},{"damage":8.0,"enemies":"Exordium Wildlife","floor":8.0,"turns":3.0},{"damage":0.0,"enemies":"2 Fungi Beasts","floor":11.0,"turns":3.0},{"damage":5.0,"enemies":"Lots of Slimes","floor":12.0,"turns":5.0},{"damage":32.0,"enemies":"Hexaghost","floor":16.0,"turns":7.0},{"damage":2.0,"enemies":"Shell Parasite","floor":18.0,"turns":4.0},{"damage":53.0,"enemies":"Masked Bandits","floor":19.0,"turns":5.0},{"damage":2.0,"enemies":"Spheric Guardian","floor":22.0,"turns":4.0},{"damage":34,"enemies":"Slavers","floor":24,"turns":3}],"seed_played":"-3234977786613702701","potions_obtained":[{"floor":1.0,"key":"Block Potion"},{"floor":7.0,"key":"FearPotion"},{"floor":11.0,"key":"Ancient Potion"}],"is_trial":false,"path_per_floor":["M","M","?","?","M","E","M","M","T","?","M","M","R","$","R","B",null,"M","?","?","$","M","R","E"],"character_chosen":"THE_SILENT","items_purchased":["Envenom","Deadly Poison","Noxious Fumes"],"campfire_rested":2,"item_purchase_floors":[14,14,21],"current_hp_per_floor":[70,70,70,70,70,48,44,36,36,36,36,31,52,52,52,20,70,68,15,15,15,13,34,0,0],"gold":32,"neow_bonus":"THREE_ENEMY_KILL","is_daily":false,"chose_seed":false,"campfire_upgraded":1,"win_rate":0.0,"timestamp":1608149320,"path_taken":["M","M","?","?","M","E","?","M","T","?","M","M","R","$","R","BOSS","M","?","?","$","?","R","E"],"items_purchased_type":["Card","Card","Card"],"build_version":"2020-12-13","purchased_purges":0,"victory":false,"max_hp_per_floor":[70,70,70,70,70,70,70,70,70,70,70,70,70,70,70,70,70,70,70,70,70,70,70,70,70],"card_choices":[{"not_picked":["Cloak And Dagger","Endless Agony"],"picked":"Backflip","floor":1.0},{"not_picked":["Quick Slash","Footwork"],"picked":"Deadly Poison","floor":2.0},{"not_picked":["Choke","Concentrate"],"picked":"Bouncing Flask","floor":5.0},{"not_picked":["Accuracy","PiercingWail"],"picked":"Poisoned Stab","floor":6.0},{"not_picked":["Deflect","Acrobatics"],"picked":"Bane","floor":7.0},{"not_picked":["Sucker Punch","Flying Knee"],"picked":"Footwork","floor":7.0},{"not_picked":["Acrobatics","A Thousand Cuts"],"picked":"Prepared","floor":8.0},{"not_picked":["PiercingWail","hubris:SlightOfHand"],"picked":"Escape Plan","floor":8.0},{"not_picked":["Tactician","Masterful Stab"],"picked":"Calculated Gamble","floor":11.0},{"not_picked":["Slice","Skewer"],"picked":"Prepared","floor":11.0},{"not_picked":["Caltrops","Outmaneuver"],"picked":"Backstab","floor":12.0},{"not_picked":["Sucker Punch","Accuracy"],"picked":"hubris:SlightOfHand","floor":12.0},{"not_picked":["Night Terror","Storm of Steel"],"picked":"Malaise","floor":16.0},{"not_picked":["Quick Slash","Finisher"],"picked":"Escape Plan","floor":18.0},{"not_picked":["Underhanded Strike","Finisher","Dodge and Roll"],"picked":"SKIP","floor":18.0},{"not_picked":["Setup","Deflect"],"picked":"Bane","floor":19.0},{"not_picked":["Flechettes","Sucker Punch"],"picked":"Backflip","floor":22.0},{"not_picked":["Flying Knee","Sucker Punch+1"],"picked":"Bane+1","floor":22.0}],"player_experience":374822,"relics_obtained":[{"floor":6.0,"key":"Prayer Wheel"},{"floor":9.0,"key":"Tough Bandages"},{"floor":19.0,"key":"Red Mask"}],"event_choices":[{"damage_healed":0.0,"max_hp_gain":0.0,"max_hp_loss":0.0,"gold_gain":0.0,"event_name":"WeMeetAgain","player_choice":"Gave Potion","floor":4.0,"gold_loss":0.0,"damage_taken":0.0,"relics_obtained":["infinitespire:EmpoweringShard"]},{"damage_healed":0.0,"max_hp_gain":0.0,"max_hp_loss":0.0,"gold_gain":0.0,"event_name":"Masked Bandits","player_choice":"Fought Bandits","floor":19.0,"gold_loss":0.0,"damage_taken":0.0},{"cards_removed":["Phantasmal Killer"],"damage_healed":0.0,"max_hp_gain":0.0,"max_hp_loss":0.0,"gold_gain":0.0,"event_name":"Designer","player_choice":"Upgrade and Remove","floor":20.0,"gold_loss":90.0,"damage_taken":0.0,"cards_upgraded":["hubris:SlightOfHand"]}],"is_beta":false,"boss_relics":[{"not_picked":["hubris:GrandSneckoEye","SlaversCollar"],"picked":"Pandora\u0027s Box"}],"items_purged_floors":[],"is_endless":false,"potions_floor_spawned":[1,7,11],"killed_by":"Slavers","ascension_level":1}}