{"host":"a9gsz7kv8aebwp1f","time":1608107737,"event":{"mods":["AchievementEnabler","BaseMod","Minty Spire (QoL Compilation)"],"gold_per_floor":[115,135,147,164,152,152,152,152,199,199,209,244,5,5,5,122,122,134,134,134,134,169,169,224,224,251,264,264,264],"floor_reached":28,"playtime":1032,"items_purged":[],"score":406,"play_id":"b5a39c7a-3481-427b-aa32-4c4c818f72b7","local_time":"20201216173537","is_ascension_mode":true,"campfire_choices":[{"data":"Dualcast","floor":6,"key":"SMITH"},{"data":"Trip","floor":8,"key":"SMITH"},{"floor":10,"key":"REST"},{"data":"Hologram","floor":15,"key":"SMITH"},{"floor":23,"key":"REST"},{"floor":25,"key":"REST"}],"circlet_count":0,"master_deck":["AscendersBane","Strike_B","Strike_B","Strike_B","Defend_B","Defend_B","Defend_B","Zap","Dualcast+1","Trip+1","Go for the Eyes","Conserve Battery","Gash","Gash","Steam","Auto Shields","Melter","Hologram+1","HandOfGreed","Hyperbeam","Auto Shields","Undo","Consume"],"relics":["Cracked Core","Potion Belt","Pear","Ornamental Fan","Empty Cage","Pen Nib","Tiny Chest"],"acts_visited":["Exordium","TheCity"],"potions_floor_usage":[5,12,16,28,28,28],"damage_taken":[{"damage":1,"enemies":"Cultist","floor":1,"turns":3},{"damage":0,"enemies":"Jaw Worm","floor":2,"turns":3},{"damage":7,"enemies":"Small Slimes","floor":3,"turns":3},{"damage":0,"enemies":"3 Louse","floor":4,"turns":3},{"damage":9,"enemies":"Exordium Thugs","floor":5,"turns":4},{"damage":8,"enemies":"Gremlin Gang","floor":11,"turns":6},{"damage":9,"enemies":"Gremlin Nob","floor":12,"turns":4},{"damage":39,"enemies":"Hexaghost","floor":16,"turns":10},{"damage":16,"enemies":"2 Thieves","floor":18,"turns":3},{"damage":8,"enemies":"3 Byrds","floor":22,"turns":4},{"damage":49,"enemies":"Slavers","floor":24,"turns":6},{"damage":34,"enemies":"Centurion and Healer","floor":27,"turns":5},{"damage":45,"enemies":"Chosen and Byrds","floor":28,"turns":6}],"seed_played":"-6004093886432728944","potions_obtained":[{"floor":2,"key":"Strength Potion"},{"floor":4,"key":"Fruit Juice"},{"floor":5,"key":"SteroidPotion"},{"floor":11,"key":"ColorlessPotion"},{"floor":12,"key":"ColorlessPotion"},{"floor":18,"key":"ColorlessPotion"},{"floor":24,"key":"Block Potion"}],"is_trial":false,"path_per_floor":["M","M","M","M","M","R","?","R","T","R","M","E","$","T","R","B",null,"M","?","?","?","M","R","E","R","T","M","M"],"character_chosen":"DEFECT","items_purchased":["Hologram","HandOfGreed"],"campfire_rested":3,"item_purchase_floors":[13,13],"current_hp_per_floor":[67,67,60,60,56,56,56,56,56,80,72,73,73,73,73,34,76,60,60,60,60,52,79,30,57,57,23,0,0],"gold":264,"neow_bonus":"RANDOM_COLORLESS","is_daily":false,"chose_seed":false,"campfire_upgraded":3,"win_rate":0.0,"timestamp":1608107737,"path_taken":["M","M","?","M","M","R","?","R","T","R","M","E","?","?","R","BOSS","M","?","?","?","M","R","E","R","T","M","M"],"items_purchased_type":["Card","Card"],"build_version":"2020-12-13","purchased_purges":0,"victory":false,"max_hp_per_floor":[75,75,75,75,80,80,80,80,80,80,80,90,90,90,90,90,90,90,90,90,90,90,90,90,90,90,90,90,90],"card_choices":[{"not_picked":["Impatience","Flash of Steel"],"picked":"Trip","floor":0},{"not_picked":["Chill","Steam"],"picked":"Go for the Eyes","floor":1},{"not_picked":["Reinforced Body","BootSequence"],"picked":"Conserve Battery","floor":2},{"not_picked":["Fusion","Beam Cell"],"picked":"Gash","floor":3},{"not_picked":["Ball Lightning","Loop"],"picked":"Gash","floor":4},{"not_picked":["Fusion","Tempest"],"picked":"Steam","floor":5},{"not_picked":["Conserve Battery","Redo"],"picked":"Auto Shields","floor":11},{"not_picked":["Gash","Loop"],"picked":"Melter","floor":12},{"not_picked":["Rainbow","All For One"],"picked":"Hyperbeam","floor":16},{"not_picked":["Barrage","Redo","Compile Driver"],"picked":"SKIP","floor":18},{"not_picked":["Streamline","Hologram"],"picked":"Auto Shields","floor":22},{"not_picked":["Electrodynamics","Turbo"],"picked":"Undo","floor":24},{"not_picked":["Coolheaded","Redo"],"picked":"Consume","floor":27}],"player_experience":424797,"relics_obtained":[{"floor":9,"key":"Potion Belt"},{"floor":12,"key":"Pear"},{"floor":14,"key":"Ornamental Fan"},{"floor":24,"key":"Pen Nib"},{"floor":26,"key":"Tiny Chest"}],"event_choices":[{"damage_healed":0,"gold_gain":0,"cards_transformed":["Strike_B"],"player_choice":"Transformed","damage_taken":0,"max_hp_gain":0,"max_hp_loss":0,"event_name":"Transmorgrifier","floor":7,"gold_loss":0,"cards_obtained":["Cold Snap"]},{"damage_healed":0,"gold_gain":0,"player_choice":"Ignored","damage_taken":0,"max_hp_gain":0,"max_hp_loss":0,"event_name":"Vampires","floor":19,"gold_loss":0},{"damage_healed":0,"gold_gain":0,"player_choice":"Ignored","damage_taken":0,"max_hp_gain":0,"max_hp_loss":0,"event_name":"Ghosts","floor":20,"gold_loss":0},{"damage_healed":0,"gold_gain":0,"player_choice":"Bought 0 Potions","damage_taken":0,"max_hp_gain":0,"max_hp_loss":0,"event_name":"The Woman in Blue","floor":21,"gold_loss":0}],"is_beta":false,"boss_relics":[{"not_picked":["Velvet Choker","Runic Dome"],"picked":"Empty Cage"}],"items_purged_floors":[],"is_endless":false,"potions_floor_spawned":[2,4,5,11,12,18,24],"killed_by":"Chosen and Byrds","ascension_level":12}}