{"host":"qofp25090yvgyv4n","time":1608144587,"event":{"mods":["BaseMod","Colored Map","Colored Powertips","Downfall","Hermit","Highlight Path","Lobotomy","Minty Spire (QoL Compilation)","Replay The Spire","StSLib","The Animator","The Hierophant"],"gold_per_floor":[117,117,117,117,117,131,56,56,84,84,163,63,75,86,105,119,119,221,221,236,90,107,107],"floor_reached":22,"playtime":1322,"items_purged":["Strike_B","Defend_B"],"score":186,"play_id":"cb485484-f4d8-49a5-bcf4-a8075c680d6f","local_time":"20201217024947","is_ascension_mode":false,"campfire_choices":[{"data":"Zap","floor":8.0,"key":"SMITH"},{"data":"Dualcast","floor":10.0,"key":"SMITH"}],"circlet_count":0,"master_deck":["Strike_B","Strike_B","Strike_B","Defend_B","Defend_B+1","Defend_B","Zap+1","Dualcast+1","Sweeping Beam","Machine Learning","Ball Lightning","Time Bomb","Consume+1","Double Energy","Buffer+1","Redo","Conserve Battery"],"relics":["Cracked Core","Pen Nib","Pear","Golden Egg","Fusion Hammer","Runic Capacitor"],"acts_visited":["Exordium","TheCity"],"potions_floor_usage":[],"damage_taken":[{"damage":10.0,"enemies":"Jaw Worm","floor":1.0,"turns":4.0},{"damage":0.0,"enemies":"2 Louse","floor":6.0,"turns":2.0},{"damage":20.0,"enemies":"Lagavulin","floor":9.0,"turns":6.0},{"damage":1.0,"enemies":"Cultist","floor":13.0,"turns":3.0},{"damage":3.0,"enemies":"3 Louse","floor":14.0,"turns":3.0},{"damage":5.0,"enemies":"Looter","floor":15.0,"turns":2.0},{"damage":5.0,"enemies":"Gremlin Gang","floor":16.0,"turns":3.0},{"damage":50.0,"enemies":"Hexaghost","floor":18.0,"turns":7.0},{"damage":2,"enemies":"Shell Parasite","floor":20,"turns":5},{"damage":32,"enemies":"3 Byrds","floor":22,"turns":4}],"seed_played":"-4704173181338533363","potions_obtained":[{"floor":1.0,"key":"champ:CounterPotion"},{"floor":6.0,"key":"champ:CounterPotion"},{"floor":15.0,"key":"Death Potion"},{"floor":16.0,"key":"AttackPotion"},{"floor":20,"key":"Dexterity Potion"},{"floor":22,"key":"FocusPotion"}],"is_trial":false,"path_per_floor":["M","?","?","PTL","PTL","M","$","R","E","R","T","$","M","M","M","M","R_BF","B",null,"M","$","M"],"character_chosen":"DEFECT","items_purchased":["Runic Capacitor"],"campfire_rested":0,"item_purchase_floors":[21],"current_hp_per_floor":[65,65,65,65,65,65,65,65,55,55,55,55,54,51,46,41,66,16,85,83,83,51,51],"gold":107,"neow_bonus":"RANDOM_COMMON_RELIC","is_daily":false,"chose_seed":false,"campfire_upgraded":2,"win_rate":0.0,"timestamp":1608144587,"path_taken":["M","?","?","PTL","PTL","M","?","R","E","R","T","$","M","M","?","M","R_BF","BOSS","BOSS","M","$","?"],"items_purchased_type":["Relic"],"build_version":"2020-12-13","purchased_purges":2,"victory":false,"max_hp_per_floor":[75,75,75,75,75,75,75,75,85,85,85,85,85,85,85,85,85,85,85,85,85,85,85],"card_choices":[{"not_picked":["Gash","Barrage"],"picked":"Sweeping Beam","floor":1.0},{"not_picked":["Blizzard","Steam Power","Sweeping Beam"],"picked":"SKIP","floor":6.0},{"not_picked":["Mirror Shield","Tempest"],"picked":"Machine Learning","floor":9.0},{"not_picked":["BasicCrystalCard","Hologram"],"picked":"Ball Lightning","floor":13.0},{"not_picked":["Beam Cell","Barrage"],"picked":"Time Bomb","floor":14.0},{"not_picked":["Chill","ReplayTheSpireMod:Reroute Power"],"picked":"Consume","floor":15.0},{"not_picked":["Reprogram","Sweeping Beam"],"picked":"Double Energy","floor":16.0},{"not_picked":["Echo Form","Hyperbeam"],"picked":"Buffer","floor":18},{"not_picked":["Panic Button","Rebound"],"picked":"Redo","floor":20},{"not_picked":["Redo","Gash"],"picked":"Conserve Battery","floor":22}],"player_experience":200244,"relics_obtained":[{"floor":9.0,"key":"Pear"},{"floor":11.0,"key":"Golden Egg"}],"event_choices":[{"damage_healed":0.0,"max_hp_gain":0.0,"max_hp_loss":0.0,"gold_gain":0.0,"event_name":"Liars Game","player_choice":"Ignored","floor":3.0,"gold_loss":0.0,"damage_taken":0.0}],"is_beta":false,"boss_relics":[{"not_picked":["ReplayTheSpireMod:DimensionalGlitch","Snecko Eye"],"picked":"Fusion Hammer"}],"items_purged_floors":[7,12],"is_endless":false,"potions_floor_spawned":[1,6,15,16,20,22],"killed_by":"3 Byrds","ascension_level":0}}