{"host":"9ndbo4kgsfoemf7y","time":1608116975,"event":{"mods":["AchievementEnabler","BaseMod","Colored Map","DeckTracker","Keyboard Shortcuts","Minty Spire (QoL Compilation)","Permanent Neow","Quick Restart","Relic Stats","StSLib","SuperFastMode"],"gold_per_floor":[113,131,131,150,163,163,206,206,206,206,131,162,177,197,197,288,288,313,238,256,7,7,7,23,23,23,36,36,36,67,102,102,200,200,225,225,246,265,487,526,526,526,578,219,219,219,232,276,276,276],"floor_reached":51,"playtime":2587,"items_purged":["Malaise","Distraction"],"score":1559,"play_id":"c3ead870-e6e1-4cf6-a30e-8cd02334d792","local_time":"20201216200935","is_ascension_mode":true,"campfire_choices":[{"data":"Prepared","floor":6.0,"key":"SMITH"},{"floor":8.0,"key":"REST"},{"data":"Bullet Time","floor":10.0,"key":"SMITH"},{"floor":15.0,"key":"REST"},{"data":"Grand Finale","floor":23.0,"key":"SMITH"},{"floor":25.0,"key":"REST"},{"floor":29.0,"key":"REST"},{"floor":32.0,"key":"REST"},{"floor":41.0,"key":"REST"},{"data":"Calculated Gamble","floor":45.0,"key":"SMITH"},{"data":"Reflex","floor":49.0,"key":"SMITH"}],"circlet_count":0,"master_deck":["AscendersBane","Survivor","Burst","Dash+1","Acrobatics","All Out Attack","Bullet Time+1","Deadly Poison","Prepared+1","Reflex+1","Eviscerate+1","Footwork","Terror+1","Underhanded Strike","Grand Finale+1","Escape Plan+1","Calculated Gamble+1","Adrenaline","Blind"],"relics":["Pandora\u0027s Box","Golden Idol","Centennial Puzzle","Singing Bowl","Lizard Tail","SlaversCollar","Tingsha","Ice Cream","Red Mask","Sozu","Mercury Hourglass","Whetstone","Orichalcum","Du-Vu Doll","InkBottle"],"acts_visited":["TheCity","TheBeyond"],"potions_floor_usage":[50],"damage_taken":[{"damage":5.0,"enemies":"Small Slimes","floor":1.0,"turns":2.0},{"damage":9.0,"enemies":"2 Louse","floor":2.0,"turns":3.0},{"damage":0.0,"enemies":"Cultist","floor":4.0,"turns":4.0},{"damage":4.0,"enemies":"Red Slaver","floor":5.0,"turns":4.0},{"damage":36.0,"enemies":"Gremlin Nob","floor":7.0,"turns":7.0},{"damage":0.0,"enemies":"Lagavulin","floor":12.0,"turns":6.0},{"damage":0.0,"enemies":"3 Louse","floor":13.0,"turns":2.0},{"damage":0.0,"enemies":"Exordium Thugs","floor":14.0,"turns":4.0},{"damage":18.0,"enemies":"Hexaghost","floor":16.0,"turns":10.0},{"damage":7.0,"enemies":"Spheric Guardian","floor":18.0,"turns":4.0},{"damage":14.0,"enemies":"Shell Parasite","floor":20.0,"turns":4.0},{"damage":23.0,"enemies":"Shelled Parasite and Fungi","floor":24.0,"turns":3.0},{"damage":10.0,"enemies":"Snecko","floor":27.0,"turns":3.0},{"damage":14.0,"enemies":"Gremlin Leader","floor":30.0,"turns":3.0},{"damage":0.0,"enemies":"Masked Bandits","floor":31.0,"turns":2.0},{"damage":14.0,"enemies":"Automaton","floor":33.0,"turns":5.0},{"damage":9.0,"enemies":"3 Darklings","floor":35.0,"turns":2.0},{"damage":3.0,"enemies":"3 Shapes","floor":37.0,"turns":2.0},{"damage":11.0,"enemies":"Sphere and 2 Shapes","floor":38.0,"turns":3.0},{"damage":31.0,"enemies":"Reptomancer","floor":40.0,"turns":4.0},{"damage":0.0,"enemies":"Transient","floor":47.0,"turns":5.0},{"damage":0.0,"enemies":"Giant Head","floor":48.0,"turns":4.0},{"damage":39,"enemies":"Awakened One","floor":50,"turns":6}],"seed_played":"-2112589232425602731","potions_obtained":[{"floor":2.0,"key":"FearPotion"},{"floor":5.0,"key":"EntropicBrew"},{"floor":12.0,"key":"SneckoOil"},{"floor":13.0,"key":"SmokeBomb"},{"floor":18.0,"key":"LiquidBronze"},{"floor":24.0,"key":"BlessingOfTheForge"},{"floor":31.0,"key":"Weak Potion"}],"is_trial":false,"path_per_floor":["M","M","?","M","M","R","E","R","T","R","?","E","M","M","R","B",null,"M","?","M","$","?","R","M","R","T","M","$","R","E","?","R","B",null,"M","?","M","M","?","E","R","?","T","$","R","T","M","E","R","B",null],"character_chosen":"THE_SILENT","items_purchased":["Grand Finale","Blind","Orichalcum"],"campfire_rested":6,"item_purchase_floors":[21,44,44],"current_hp_per_floor":[54,45,45,45,41,41,5,23,23,23,23,23,23,25,43,27,55,48,48,34,34,34,34,11,30,30,22,22,41,27,29,49,35,60,53,53,52,43,43,14,36,36,36,36,36,36,38,40,40,1],"gold":276,"neow_bonus":"BOSS_RELIC","is_daily":false,"chose_seed":false,"campfire_upgraded":5,"win_rate":0.0,"timestamp":1608116975,"path_taken":["M","M","?","M","M","R","E","R","T","R","?","E","M","M","R","BOSS","M","?","M","$","?","R","M","R","T","?","?","R","E","?","R","BOSS","M","?","M","?","?","E","R","?","T","$","R","?","M","E","R","BOSS"],"items_purchased_type":["Card","Card","Relic"],"build_version":"2020-12-13","purchased_purges":2,"victory":true,"max_hp_per_floor":[66,66,60,60,60,60,60,60,60,60,60,60,60,62,62,64,64,64,64,64,64,64,64,64,64,64,66,66,66,66,68,68,68,68,70,70,72,74,74,76,76,76,76,76,76,76,78,80,80,80],"relic_stats":{"Singing Bowl":20,"counters":[23,92],"Golden Idol":146,"Tingsha":[448],"Whetstone":["Eviscerate","Dash"],"Orichalcum":[24],"Mercury Hourglass":[57],"Sozu":5,"Centennial Puzzle":[36],"Lizard Tail":0,"Pandora\u0027s Box":["Burst","Deflect","Malaise","Distraction","Dash","Dash","Acrobatics","Endless Agony","All Out Attack","Bullet Time"],"obtain_stats":[{"Ice Cream":30,"Singing Bowl":9,"Golden Idol":3,"Tingsha":26,"Whetstone":43,"Orichalcum":44,"Mercury Hourglass":40,"Sozu":34,"Du-Vu Doll":46,"SlaversCollar":17,"Centennial Puzzle":7,"Lizard Tail":12,"Pandora\u0027s Box":0,"Red Mask":31,"InkBottle":48,"Ring of the Snake":0},{"Ice Cream":14,"Singing Bowl":5,"Golden Idol":2,"Tingsha":12,"Whetstone":20,"Orichalcum":20,"Mercury Hourglass":20,"Sozu":16,"Du-Vu Doll":20,"SlaversCollar":9,"Centennial Puzzle":5,"Lizard Tail":6,"Pandora\u0027s Box":0,"Red Mask":15,"InkBottle":22,"Ring of the Snake":0},{"Ice Cream":59,"Singing Bowl":20,"Golden Idol":5,"Tingsha":53,"Whetstone":77,"Orichalcum":77,"Mercury Hourglass":77,"Sozu":66,"Du-Vu Doll":77,"SlaversCollar":42,"Centennial Puzzle":20,"Lizard Tail":26,"Pandora\u0027s Box":0,"Red Mask":61,"InkBottle":86,"Ring of the Snake":0}],"InkBottle":[7]},"card_choices":[{"not_picked":["Blade Dance","Outmaneuver"],"picked":"Deadly Poison","floor":1.0},{"not_picked":["Underhanded Strike","Cloak And Dagger"],"picked":"Prepared","floor":2.0},{"not_picked":["Choke","Outmaneuver","Eviscerate"],"picked":"SKIP","floor":4.0},{"not_picked":["Crippling Poison","Eviscerate"],"picked":"Reflex","floor":5.0},{"not_picked":["Acrobatics","Finisher","PiercingWail"],"picked":"SKIP","floor":7.0},{"not_picked":["Backflip","Underhanded Strike"],"picked":"Eviscerate","floor":12.0},{"not_picked":["Reflex","Doppelganger"],"picked":"Footwork","floor":13.0},{"not_picked":["Noxious Fumes","Deflect","Distraction"],"picked":"Singing Bowl","floor":14.0},{"not_picked":["Wraith Form v2","Storm of Steel","Malaise"],"picked":"Singing Bowl","floor":16.0},{"not_picked":["Underhanded Strike","PiercingWail"],"picked":"Terror+1","floor":18.0},{"not_picked":["Distraction","Cloak And Dagger"],"picked":"Underhanded Strike","floor":20.0},{"not_picked":["Noxious Fumes+1","Distraction"],"picked":"Escape Plan+1","floor":24.0},{"not_picked":["Predator","Quick Slash+1","Outmaneuver"],"picked":"Singing Bowl","floor":27.0},{"not_picked":["Cloak And Dagger+1","Flying Knee"],"picked":"Calculated Gamble","floor":30.0},{"not_picked":["Distraction","Quick Slash","Underhanded Strike"],"picked":"Singing Bowl","floor":31.0},{"not_picked":["Venomology","Bullet Time"],"picked":"Adrenaline","floor":33.0},{"not_picked":["Quick Slash","Prepared","Sucker Punch"],"picked":"Singing Bowl","floor":35.0},{"not_picked":["Quick Slash","Terror","Burst"],"picked":"Singing Bowl","floor":37.0},{"not_picked":["Outmaneuver","Blade Dance","Dagger Throw"],"picked":"Singing Bowl","floor":38.0},{"not_picked":["Quick Slash","Catalyst","Setup"],"picked":"Singing Bowl","floor":40.0},{"not_picked":["Bane","Poisoned Stab","Deflect+1"],"picked":"Singing Bowl","floor":47.0},{"not_picked":["Catalyst","Blade Dance","Night Terror"],"picked":"Singing Bowl","floor":48.0}],"player_experience":683071,"relics_obtained":[{"floor":7.0,"key":"Centennial Puzzle"},{"floor":9.0,"key":"Singing Bowl"},{"floor":12.0,"key":"Lizard Tail"},{"floor":26.0,"key":"Tingsha"},{"floor":30.0,"key":"Ice Cream"},{"floor":31.0,"key":"Red Mask"},{"floor":40.0,"key":"Mercury Hourglass"},{"floor":43.0,"key":"Whetstone"},{"floor":46.0,"key":"Du-Vu Doll"},{"floor":48.0,"key":"InkBottle"}],"event_choices":[{"damage_healed":0.0,"max_hp_gain":0.0,"max_hp_loss":6.0,"gold_gain":0.0,"event_name":"Golden Idol","player_choice":"Lose Max HP","floor":3.0,"gold_loss":0.0,"damage_taken":0.0,"relics_obtained":["Golden Idol"]},{"cards_removed":["Endless Agony"],"damage_healed":0.0,"max_hp_gain":0.0,"max_hp_loss":0.0,"gold_gain":0.0,"event_name":"The Cleric","player_choice":"Card Removal","floor":11.0,"gold_loss":75.0,"damage_taken":0.0},{"cards_removed":["Dash"],"damage_healed":0.0,"max_hp_gain":0.0,"max_hp_loss":0.0,"gold_gain":0.0,"event_name":"Beggar","player_choice":"Gave Gold","floor":19.0,"gold_loss":75.0,"damage_taken":0.0},{"cards_removed":["Deflect"],"damage_healed":0.0,"max_hp_gain":0.0,"max_hp_loss":0.0,"gold_gain":0.0,"event_name":"Purifier","player_choice":"Purged","floor":22.0,"gold_loss":0.0,"damage_taken":0.0},{"damage_healed":0.0,"max_hp_gain":0.0,"max_hp_loss":0.0,"gold_gain":0.0,"event_name":"Masked Bandits","player_choice":"Fought Bandits","floor":31.0,"gold_loss":0.0,"damage_taken":0.0},{"damage_healed":0.0,"max_hp_gain":0.0,"max_hp_loss":0.0,"gold_gain":0.0,"event_name":"Lab","player_choice":"Got Potions","floor":36.0,"gold_loss":0.0,"damage_taken":0.0},{"damage_healed":0.0,"max_hp_gain":0.0,"max_hp_loss":0.0,"gold_gain":222.0,"event_name":"Tomb of Lord Red Mask","player_choice":"Wore Mask","floor":39.0,"gold_loss":0.0,"damage_taken":0.0},{"cards_removed":["Neutralize"],"damage_healed":0.0,"max_hp_gain":0.0,"max_hp_loss":0.0,"gold_gain":0.0,"event_name":"Falling","player_choice":"Removed Attack","floor":42.0,"gold_loss":0.0,"damage_taken":0.0}],"is_beta":false,"boss_relics":[{"not_picked":["Runic Dome","Busted Crown"],"picked":"SlaversCollar"},{"not_picked":["Fusion Hammer","Tiny House"],"picked":"Sozu"}],"items_purged_floors":[21,44],"is_endless":false,"potions_floor_spawned":[2,5,12,13,18,24,31,40,47,48],"ascension_level":16}}