{"host":"77pvex58kafzx78l","time":1608101887,"event":{"mods":["BaseMod","Better Vampires","DeckTracker","Googly Eyes","Minty Spire (QoL Compilation)","Quick Restart","StSLib","SuperFastMode"],"gold_per_floor":[112,112,131,131,131,131,159,171,209,256,288,312,355,386,398,489,501,528,465,156,156,176,176,203,221,221,221,221,39,39,39],"floor_reached":30,"playtime":614,"items_purged":["Strike_P"],"score":480,"play_id":"7c7aff0f-5c7b-4526-b622-d76244fc990c","local_time":"20201216145807","is_ascension_mode":true,"campfire_choices":[{"data":"Eruption","floor":6.0,"key":"SMITH"},{"data":"Consecrate","floor":8.0,"key":"SMITH"},{"data":"Crescendo","floor":15.0,"key":"SMITH"},{"floor":23.0,"key":"REST"},{"floor":27.0,"key":"REST"}],"circlet_count":0,"master_deck":["AscendersBane","Strike_P","Strike_P","Strike_P","Defend_P+1","Defend_P","Eruption+1","Vigilance+1","Indignation","Consecrate+1","WheelKick","FlurryOfBlows","CarveReality+1","Crescendo+1","TalkToTheHand","LessonLearned","Fasting2","Vault","Evaluate+1","Panacea","Pray","Ragnarok","Tantrum"],"relics":["PureWater","NeowsBlessing","MawBank","Pen Nib","Pear","Juzu Bracelet","Sozu","Orrery","Potion Belt","The Courier","Medical Kit"],"acts_visited":["Exordium","TheCity"],"potions_floor_usage":[],"damage_taken":[{"damage":0.0,"enemies":"Jaw Worm","floor":1.0,"turns":1.0},{"damage":0.0,"enemies":"Cultist","floor":3.0,"turns":1.0},{"damage":0.0,"enemies":"Gremlin Nob","floor":7.0,"turns":1.0},{"damage":19.0,"enemies":"Lagavulin","floor":10.0,"turns":7.0},{"damage":0.0,"enemies":"Small Slimes","floor":11.0,"turns":2.0},{"damage":1.0,"enemies":"Looter","floor":12.0,"turns":2.0},{"damage":3.0,"enemies":"3 Sentries","floor":13.0,"turns":3.0},{"damage":0.0,"enemies":"2 Fungi Beasts","floor":14.0,"turns":1.0},{"damage":13.0,"enemies":"Slime Boss","floor":16.0,"turns":5.0},{"damage":0.0,"enemies":"Spheric Guardian","floor":18.0,"turns":2.0},{"damage":32.0,"enemies":"2 Thieves","floor":22.0,"turns":6.0},{"damage":34.0,"enemies":"Book of Stabbing","floor":24.0,"turns":7.0},{"damage":20.0,"enemies":"Snake Plant","floor":25.0,"turns":5.0},{"damage":22,"enemies":"Colosseum Slavers","floor":28,"turns":4},{"damage":0,"enemies":"Centurion and Healer","floor":30,"turns":1}],"seed_played":"2142709437733387870","potions_obtained":[{"floor":2.0,"key":"Swift Potion"},{"floor":2.0,"key":"Block Potion"}],"is_trial":false,"path_per_floor":["M","?","M","?","?","R","E","R","T","E","M","M","E","M","R","B",null,"M","?","$","?","M","R","E","M","T","R","?","$","M"],"character_chosen":"WATCHER","items_purchased":["Orrery","Panacea","Tantrum","Medical Kit"],"campfire_rested":2,"item_purchase_floors":[20,20,29,29],"current_hp_per_floor":[65,65,65,51,44,44,44,44,44,35,35,34,31,31,31,18,66,66,66,66,66,34,58,24,4,4,28,6,6,6,6],"gold":39,"neow_bonus":"THREE_ENEMY_KILL","is_daily":false,"chose_seed":false,"campfire_upgraded":3,"win_rate":0.0,"timestamp":1608101887,"path_taken":["M","?","?","?","?","R","E","R","T","E","M","M","E","M","R","BOSS","M","?","$","?","M","R","E","M","T","R","?","$","M"],"items_purchased_type":["Relic","Card","Card","Relic"],"build_version":"2020-12-13","purchased_purges":1,"victory":false,"max_hp_per_floor":[72,72,72,72,72,72,72,72,72,82,82,82,82,82,82,82,82,82,82,82,82,82,82,82,82,82,82,82,82,82,82],"card_choices":[{"not_picked":["SashWhip","Halt","WaveOfTheHand"],"picked":"SKIP","floor":1.0},{"not_picked":["EmptyFist","Conclude"],"picked":"Indignation","floor":3.0},{"not_picked":["JustLucky","FlyingSleeves"],"picked":"Consecrate","floor":7.0},{"not_picked":["Consecrate","PathToVictory"],"picked":"WheelKick","floor":10.0},{"not_picked":["FollowUp","DeceiveReality"],"picked":"FlurryOfBlows","floor":11.0},{"not_picked":["Wireheading","FlyingSleeves"],"picked":"CarveReality","floor":12.0},{"not_picked":["Omniscience","PathToVictory"],"picked":"Crescendo","floor":13.0},{"not_picked":["CrushJoints","BowlingBash"],"picked":"TalkToTheHand","floor":14.0},{"not_picked":["DeusExMachina","Scrawl"],"picked":"LessonLearned","floor":16.0},{"not_picked":["Prostrate","SashWhip+1","PathToVictory"],"picked":"SKIP","floor":18.0},{"not_picked":["SignatureMove","Nirvana"],"picked":"Fasting2","floor":20.0},{"not_picked":["SandsOfTime","FlyingSleeves"],"picked":"Vault","floor":20.0},{"not_picked":["Protect","EmptyBody"],"picked":"Evaluate","floor":20.0},{"not_picked":["SashWhip","Fasting2"],"picked":"Pray","floor":22.0},{"not_picked":["Study","CrushJoints"],"picked":"Ragnarok","floor":24.0},{"not_picked":["Conclude+1","EmptyFist","JustLucky"],"picked":"SKIP","floor":25.0}],"player_experience":271125,"relics_obtained":[{"floor":7.0,"key":"MawBank"},{"floor":9.0,"key":"Pen Nib"},{"floor":10.0,"key":"Pear"},{"floor":13.0,"key":"Juzu Bracelet"},{"floor":24.0,"key":"Potion Belt"},{"floor":26.0,"key":"The Courier"}],"event_choices":[{"damage_healed":0.0,"max_hp_gain":0.0,"max_hp_loss":0.0,"gold_gain":0.0,"event_name":"Lab","player_choice":"Got Potions","floor":2.0,"gold_loss":0.0,"damage_taken":0.0},{"damage_healed":0.0,"max_hp_gain":0.0,"max_hp_loss":0.0,"gold_gain":0.0,"event_name":"Shining Light","player_choice":"Entered Light","floor":4.0,"gold_loss":0.0,"damage_taken":14.0,"cards_upgraded":["Vigilance","Defend_P"]},{"cards_removed":["Defend_P"],"damage_healed":0.0,"max_hp_gain":0.0,"max_hp_loss":0.0,"gold_gain":0.0,"event_name":"Golden Wing","player_choice":"Card Removal","floor":5.0,"gold_loss":0.0,"damage_taken":7.0},{"cards_removed":["Defend_P"],"damage_healed":0.0,"max_hp_gain":0.0,"max_hp_loss":0.0,"gold_gain":0.0,"event_name":"Beggar","player_choice":"Gave Gold","floor":19.0,"gold_loss":75.0,"damage_taken":0.0},{"damage_healed":0.0,"max_hp_gain":0.0,"max_hp_loss":0.0,"gold_gain":0.0,"event_name":"Vampires","player_choice":"Ignored","floor":21.0,"gold_loss":0.0,"damage_taken":0.0},{"damage_healed":0,"gold_gain":0,"player_choice":"Fight","damage_taken":0,"max_hp_gain":0,"max_hp_loss":0,"event_name":"Colosseum","floor":28,"gold_loss":0},{"damage_healed":0,"gold_gain":0,"player_choice":"Fled From Nobs","damage_taken":0,"max_hp_gain":0,"max_hp_loss":0,"event_name":"Colosseum","floor":28,"gold_loss":0}],"is_beta":false,"boss_relics":[{"not_picked":["Runic Pyramid","Cursed Key"],"picked":"Sozu"}],"items_purged_floors":[20],"is_endless":false,"potions_floor_spawned":[3,7,11,28],"killed_by":"Centurion and Healer","ascension_level":13}}