{"host":"ci7ivtocgfxh0ueo","time":1608124768,"event":{"mods":["BaseMod","GifTheSpireLib","Minty Spire (QoL Compilation)","StSLib"],"gold_per_floor":[112,187,187,202,214,214,224,224,224,224,224,239,239,259,259,338,338,355,73,73,91,117,130,130,149,149,149,177,186,186,186],"floor_reached":30,"playtime":683,"items_purged":[],"score":411,"play_id":"67270e04-3dd1-4c10-a65b-1fbfecfaf444","local_time":"20201216211928","is_ascension_mode":true,"campfire_choices":[{"data":"Armaments","floor":6,"key":"SMITH"},{"data":"Inflame","floor":8,"key":"SMITH"},{"data":"Bludgeon","floor":10,"key":"SMITH"},{"data":"Uppercut","floor":15,"key":"SMITH"},{"floor":24,"key":"REST"},{"floor":27,"key":"REST"}],"circlet_count":0,"master_deck":["AscendersBane","Defend_R","Defend_R","Defend_R","Defend_R","Bash","Spot Weakness","Bludgeon+1","Armaments+1","Inflame+1","Pummel","Rage","Uppercut+1","Immolate","Infernal Blade+1","Corruption+1","Fire Breathing+1","Heavy Blade+1","Warcry","Decay"],"relics":["Burning Blood","NeowsBlessing","Pear","Frozen Egg 2","Astrolabe","Bottled Lightning","CeramicFish","White Beast Statue"],"acts_visited":["Exordium","TheCity"],"potions_floor_usage":[16,16,18,23,28,30],"damage_taken":[{"damage":0,"enemies":"2 Louse","floor":1,"turns":1},{"damage":0,"enemies":"Jaw Worm","floor":4,"turns":1},{"damage":0,"enemies":"Cultist","floor":5,"turns":1},{"damage":35,"enemies":"Exordium Thugs","floor":7,"turns":4},{"damage":28,"enemies":"Lots of Slimes","floor":12,"turns":5},{"damage":4,"enemies":"3 Louse","floor":14,"turns":2},{"damage":7,"enemies":"Hexaghost","floor":16,"turns":11},{"damage":0,"enemies":"Spheric Guardian","floor":18,"turns":4},{"damage":37,"enemies":"Chosen","floor":21,"turns":6},{"damage":7,"enemies":"Centurion and Healer","floor":23,"turns":4},{"damage":62,"enemies":"3 Cultists","floor":25,"turns":6},{"damage":34,"enemies":"Sentry and Sphere","floor":28,"turns":5},{"damage":14,"enemies":"Snake Plant","floor":30,"turns":2}],"seed_played":"2967901879795670736","potions_obtained":[{"floor":1,"key":"EssenceOfSteel"},{"floor":5,"key":"EssenceOfSteel"},{"floor":16,"key":"Block Potion"},{"floor":18,"key":"SpeedPotion"},{"floor":25,"key":"LiquidMemories"},{"floor":28,"key":"EssenceOfSteel"}],"is_trial":false,"path_per_floor":["M","?","?","M","M","R","M","R","T","R","?","M","T","M","R","B",null,"M","$","?","M","T","M","R","M","T","R","M","?","M"],"character_chosen":"IRONCLAD","items_purchased":["Bottled Lightning"],"campfire_rested":2,"item_purchase_floors":[19],"current_hp_per_floor":[74,63,63,69,75,75,46,46,56,56,56,34,34,36,36,35,73,79,79,79,48,48,47,72,16,16,41,13,13,0,0],"gold":186,"neow_bonus":"THREE_ENEMY_KILL","is_daily":false,"chose_seed":false,"campfire_upgraded":4,"win_rate":0.0,"timestamp":1608124768,"path_taken":["M","?","?","M","M","R","M","R","T","R","?","?","?","M","R","BOSS","M","?","?","M","?","?","R","M","T","R","M","?","M"],"items_purchased_type":["Relic"],"build_version":"2020-12-13","purchased_purges":0,"victory":false,"max_hp_per_floor":[75,75,75,75,75,75,75,75,85,85,85,85,85,85,85,85,85,85,85,85,85,85,85,85,85,85,85,85,85,85,85],"card_choices":[{"not_picked":["Hemokinesis","Thunderclap"],"picked":"Spot Weakness","floor":1},{"not_picked":["Whirlwind","Wild Strike"],"picked":"Armaments","floor":4},{"not_picked":["Headbutt","Iron Wave"],"picked":"Inflame","floor":5},{"not_picked":["Flex","Clothesline"],"picked":"Pummel","floor":7},{"not_picked":["Heavy Blade","Sword Boomerang"],"picked":"Rage","floor":12},{"not_picked":["Body Slam","Whirlwind"],"picked":"Uppercut","floor":14},{"not_picked":["Impervious","Fiend Fire"],"picked":"Immolate","floor":16},{"not_picked":["Shrug It Off","Headbutt"],"picked":"Heavy Blade+1","floor":18},{"not_picked":["Clash","Feel No Pain+1","Bloodletting+1"],"picked":"SKIP","floor":21},{"not_picked":["True Grit","Evolve+1","Fire Breathing+1"],"picked":"SKIP","floor":23},{"not_picked":["Flex","Perfected Strike","Dark Embrace+1"],"picked":"SKIP","floor":25},{"not_picked":["Heavy Blade","Immolate"],"picked":"Warcry","floor":28}],"player_experience":1250809,"relics_obtained":[{"floor":9,"key":"Pear"},{"floor":13,"key":"Frozen Egg 2"},{"floor":22,"key":"CeramicFish"},{"floor":26,"key":"White Beast Statue"}],"event_choices":[{"damage_healed":0,"gold_gain":75,"player_choice":"Gather Gold","damage_taken":11,"max_hp_gain":0,"max_hp_loss":0,"event_name":"World of Goop","floor":2,"gold_loss":0},{"damage_healed":0,"gold_gain":0,"cards_transformed":["Strike_R"],"player_choice":"Change","damage_taken":0,"max_hp_gain":0,"max_hp_loss":0,"event_name":"Living Wall","floor":3,"gold_loss":0,"cards_obtained":["Bludgeon"]},{"cards_removed":["Strike_R"],"damage_healed":0,"gold_gain":0,"player_choice":"Purged","damage_taken":0,"max_hp_gain":0,"max_hp_loss":0,"event_name":"Purifier","floor":11,"gold_loss":0},{"damage_healed":0,"gold_gain":0,"player_choice":"Ignored","damage_taken":0,"max_hp_gain":0,"max_hp_loss":0,"event_name":"Cursed Tome","floor":20,"gold_loss":0},{"damage_healed":0,"gold_gain":0,"player_choice":"Smashed Altar","damage_taken":0,"max_hp_gain":0,"max_hp_loss":0,"event_name":"Forgotten Altar","floor":29,"gold_loss":0,"cards_obtained":["Decay"]}],"is_beta":false,"boss_relics":[{"not_picked":["SacredBark","Runic Pyramid"],"picked":"Astrolabe"}],"items_purged_floors":[],"is_endless":false,"potions_floor_spawned":[1,5,12,16,18,25,28],"killed_by":"Snake Plant","ascension_level":17}}