{"host":"0cm5wy4nhuju7tij","time":1608107434,"event":{"mods":["2.2 Compatiblity","AchievementEnabler","BaseMod","Better Third Choice","BetterRewards","CCEM","Colored Powertips","Curses Come First","Custom Start","Displayed Cursed Tome","Downfall","Energized Spire","Filter the Spire","Fireblade Mod","Highlight Path","Minty Spire (QoL Compilation)","Permanent Neow","Railgun Mod","Robot Space Explorer","Shop Mod","Spicy Shops","StSLib","The Elementalist","The Mystic","The Servant 0.9.4"],"gold_per_floor":[109,124,144,157,176,176,210,210,259,229,256,256,221,238,238,335,335,346,358,358,377,23,23,54,74,98,31,31,50,50,70,70,70,70],"floor_reached":33,"playtime":2559,"items_purged":["Doubt","Strike_S"],"score":345,"play_id":"57855a24-952b-47e8-addc-8c27b8b567cf","local_time":"20201216033034","is_ascension_mode":true,"campfire_choices":[{"data":"Hightail","floor":6,"key":"SMITH"},{"data":"FanOfKnives","floor":12,"key":"SMITH"},{"data":"Collapse","floor":15,"key":"SMITH"},{"data":"PendulumOfEternity","floor":23,"key":"SMITH"},{"floor":30,"key":"REST"},{"floor":32,"key":"REST"}],"circlet_count":0,"master_deck":["Strike_S","Strike_S","Strike_S","Defend_S","Defend_S","Defend_S","KidneyShot+1","Exchange","Gouge","Hightail+1","ShiftingGears","Unruled","GearUp","Revamp","RealityMarble","FanOfKnives+1","Spin","Collapse+1","PendulumOfEternity+1","BottledTime+1","Moonlight","Blind","FanOfKnives","Rearm","Rewind","Rewind","ShatteredReality","RealityMarble","DoubleEdge+1","Regret","SilverBlades"],"relics":["Uniform","Lantern","Boot","KneeBrace","energizedSpire:CursedPentagram","Vajra","Anchor","Bronze Scales"],"acts_visited":["Exordium","TheCity"],"potions_floor_usage":[24],"damage_taken":[{"damage":0,"enemies":"Jaw Worm","floor":1,"turns":5},{"damage":0,"enemies":"2 Louse","floor":2,"turns":2},{"damage":0,"enemies":"Cultist","floor":3,"turns":4},{"damage":19,"enemies":"Exordium Thugs","floor":4,"turns":8},{"damage":4,"enemies":"3 Louse","floor":5,"turns":4},{"damage":3,"enemies":"3 Sentries","floor":7,"turns":14},{"damage":0,"enemies":"Looter","floor":10,"turns":4},{"damage":1,"enemies":"Gremlin Nob","floor":11,"turns":5},{"damage":0,"enemies":"Gremlin Gang","floor":14,"turns":1},{"damage":0,"enemies":"Slime Boss","floor":16,"turns":10},{"damage":0,"enemies":"Chosen","floor":18,"turns":5},{"damage":2,"enemies":"2 Thieves","floor":19,"turns":4},{"damage":18,"enemies":"Chosen and Byrds","floor":21,"turns":6},{"damage":38,"enemies":"Slavers","floor":24,"turns":5},{"damage":0,"enemies":"Centurion and Healer","floor":25,"turns":5},{"damage":6,"enemies":"Snecko","floor":29,"turns":5},{"damage":4,"enemies":"Snake Plant","floor":31,"turns":4},{"damage":59,"enemies":"Automaton","floor":33,"turns":8}],"seed_played":"-4246087579551210004","potions_obtained":[{"floor":1,"key":"Weak Potion"},{"floor":2,"key":"ColorlessPotion"},{"floor":4,"key":"AttackPotion"},{"floor":11,"key":"Fire Potion"},{"floor":29,"key":"champ:CounterPotion"}],"is_trial":false,"path_per_floor":["M","M","M","M","M","R","E","?","T","M","E","R","?","M","R","B",null,"M","M","?","M","$","R","E","M","T","$","?","M","R","M","R","B"],"character_chosen":"THE_SERVANT","items_purchased":["Vajra","Rewind","RealityMarble"],"campfire_rested":2,"item_purchase_floors":[22,22,27],"current_hp_per_floor":[65,65,65,46,42,42,39,39,39,39,38,38,54,54,54,54,65,65,63,63,45,45,45,7,7,7,7,28,22,41,37,56,0,0],"gold":70,"neow_bonus":"UPGRADE_CARD","is_daily":false,"chose_seed":false,"campfire_upgraded":4,"win_rate":0.0,"timestamp":1608107434,"path_taken":["M","M","M","M","M","R","E","?","T","M","E","R","?","M","R","BOSS","M","M","?","?","$","R","E","M","T","$","?","M","R","M","R","BOSS"],"items_purchased_type":["Relic","Card","Card"],"build_version":"2020-12-13","purchased_purges":2,"victory":false,"max_hp_per_floor":[65,65,65,65,65,65,65,65,65,65,65,65,65,65,65,65,65,65,65,65,65,65,65,65,65,65,65,65,65,65,65,65,65,65],"card_choices":[{"not_picked":["BottledTime","DoubleEdge"],"picked":"Gouge","floor":1},{"not_picked":["ShiftingGears","ShatteredReality"],"picked":"Hightail","floor":2},{"not_picked":["Manipulate","Deadline"],"picked":"ShiftingGears","floor":3},{"not_picked":["Ricochet","Hightail"],"picked":"Unruled","floor":4},{"not_picked":["InstantArmor","Manipulate"],"picked":"GearUp","floor":5},{"not_picked":["TimeWarp","Ricochet"],"picked":"Revamp","floor":7},{"not_picked":["Potential","Unruled"],"picked":"FanOfKnives","floor":10},{"not_picked":["KillingDoll","Alleviate"],"picked":"Spin","floor":11},{"not_picked":["WasteNot","Replace"],"picked":"Collapse","floor":14},{"not_picked":["Solidify","Duplication"],"picked":"PendulumOfEternity","floor":16},{"not_picked":["Starlight","DoubleEdge"],"picked":"BottledTime+1","floor":18},{"not_picked":["Replace","Unruled"],"picked":"Moonlight","floor":19},{"not_picked":["WasteNot+1","Advance"],"picked":"Rearm","floor":21},{"not_picked":["Solidify","TimeWarp"],"picked":"Rewind","floor":24},{"not_picked":["Alleviate","Replace"],"picked":"ShatteredReality","floor":25},{"not_picked":["Desolation","Rewind"],"picked":"DoubleEdge+1","floor":29},{"not_picked":["Defy","DualDimension+1"],"picked":"SilverBlades","floor":31}],"player_experience":236357,"relics_obtained":[{"floor":7,"key":"Lantern"},{"floor":9,"key":"Boot"},{"floor":11,"key":"KneeBrace"},{"floor":24,"key":"Anchor"},{"floor":26,"key":"Bronze Scales"}],"event_choices":[{"damage_healed":0,"gold_gain":0,"cards_transformed":["Defend_S"],"player_choice":"Change","damage_taken":0,"max_hp_gain":0,"max_hp_loss":0,"event_name":"Living Wall","floor":8,"gold_loss":0,"cards_obtained":["RealityMarble"]},{"damage_healed":16,"gold_gain":0,"player_choice":"Healed","damage_taken":0,"max_hp_gain":0,"max_hp_loss":0,"event_name":"The Cleric","floor":13,"gold_loss":35},{"damage_healed":0,"gold_gain":0,"player_choice":"2 cards matched","damage_taken":0,"max_hp_gain":0,"max_hp_loss":0,"event_name":"Match and Keep!","floor":20,"gold_loss":0,"cards_obtained":["Blind","FanOfKnives"]},{"damage_healed":21,"gold_gain":0,"player_choice":"Heal","damage_taken":0,"max_hp_gain":0,"max_hp_loss":0,"event_name":"The Library","floor":28,"gold_loss":0}],"is_beta":false,"boss_relics":[{"not_picked":["Busted Crown","Velvet Choker"],"picked":"energizedSpire:CursedPentagram"}],"items_purged_floors":[22,22],"is_endless":false,"potions_floor_spawned":[1,2,4,7,11,14,21,29,31],"killed_by":"Automaton","ascension_level":1}}