{"host":"kdxx03a4p3nl7qnm","time":1608080829,"event":{"mods":["AchievementEnabler","Act Like it!","BaseMod","Better Altar","Better Third Choice","Better Vampires","Conspire","Defuse TimeMaze Blight","Downfall","Elementarium","Hallownest","Infinite Spire","Luminous","Mimic Mod","Minty Spire (QoL Compilation)","Quick Restart","StSLib","The Alterego","The Jungle","The Kombatant","TheBandit","TheSwordswoman","TheVacant","Waifu the Spire"],"gold_per_floor":[114,131,131,147,147,147,163,173,246,148,168,180,180,23,23,128,128,146,146,146,146],"floor_reached":20,"playtime":838,"items_purged":[],"score":166,"play_id":"6e948f48-8c19-4a1d-b7bf-7f6ac3dc2e85","local_time":"20201215190709","is_ascension_mode":false,"campfire_choices":[{"data":"Warcry","floor":6,"key":"SMITH"},{"data":"Bash","floor":13,"key":"SMITH"},{"data":"expansioncontent:SuperHexaguard","floor":15,"key":"SMITH"}],"circlet_count":0,"master_deck":["Strike_R","Strike_R","Strike_R","Strike_R","Strike_R","Defend_R","Defend_R","Defend_R","Defend_R","Bash+1","Warcry+1","conspire:Charge","expansioncontent:SuperHexaguard+1","Shrug It Off","Demon Form","Bloodletting","Seeing Red"],"relics":["Burning Blood","Pocketwatch","TungstenRod","Darkstone Periapt","Regal Pillow","conspire:SeveredTorchhead"],"acts_visited":["Exordium","TheCity"],"potions_floor_usage":[],"damage_taken":[{"damage":0,"enemies":"Small Slimes","floor":1,"turns":4},{"damage":4,"enemies":"conspire:RoseBush","floor":2,"turns":5},{"damage":0,"enemies":"Cultist","floor":4,"turns":3},{"damage":0,"enemies":"3 Louse","floor":7,"turns":6},{"damage":8,"enemies":"Exordium Wildlife","floor":8,"turns":5},{"damage":1,"enemies":"Blue Slaver","floor":11,"turns":4},{"damage":0,"enemies":"Looter","floor":12,"turns":3},{"damage":71,"enemies":"Slime Boss","floor":16,"turns":13},{"damage":2,"enemies":"3 Byrds","floor":18,"turns":6},{"damage":0,"enemies":"Spheric Guardian","floor":20,"turns":1}],"seed_played":"-8106789049639501921","potions_obtained":[{"floor":2,"key":"Swift Potion"},{"floor":8,"key":"FearPotion"},{"floor":12,"key":"Strength Potion"}],"is_trial":false,"path_per_floor":["M","M","?","M","?","R","M","M","T","$","M","M","R","$","R","B",null,"M","?","M"],"character_chosen":"IRONCLAD","items_purchased":["expansioncontent:SuperHexaguard","Regal Pillow"],"campfire_rested":0,"item_purchase_floors":[10,14],"current_hp_per_floor":[62,64,64,70,80,80,80,78,78,78,80,80,80,80,80,15,80,80,80,80,80],"gold":146,"neow_bonus":"ONE_RARE_RELIC","is_daily":false,"chose_seed":false,"campfire_upgraded":3,"win_rate":0.0,"timestamp":1608080829,"path_taken":["M","M","?","M","?","R","?","?","T","?","M","M","R","$","R","BOSS","M","?","M"],"items_purchased_type":["Card","Relic"],"build_version":"2020-12-13","purchased_purges":0,"victory":false,"max_hp_per_floor":[80,80,80,80,80,80,80,80,80,80,80,80,80,80,80,80,80,80,80,80,80],"card_choices":[{"not_picked":["Pummel","Flex"],"picked":"Warcry","floor":1},{"not_picked":["Disarm","Clothesline","Shrug It Off"],"picked":"SKIP","floor":2},{"not_picked":["Disarm","Havoc"],"picked":"Reckless Charge","floor":4},{"not_picked":["Twin Strike","Pummel"],"picked":"conspire:Charge","floor":7},{"not_picked":["Pummel","Clothesline","Iron Wave"],"picked":"SKIP","floor":8},{"not_picked":["Anger","Sentinel","Infernal Blade"],"picked":"SKIP","floor":11},{"not_picked":["Headbutt","Perfected Strike"],"picked":"Shrug It Off","floor":12},{"not_picked":["Corruption","Impervious"],"picked":"Demon Form","floor":16},{"not_picked":["Clash","Cleave+1"],"picked":"Bloodletting","floor":18}],"player_experience":66580,"relics_obtained":[{"floor":3,"key":"TungstenRod"},{"floor":9,"key":"Darkstone Periapt"}],"event_choices":[{"cards_removed":["Reckless Charge"],"damage_healed":10,"gold_gain":0,"player_choice":"Offered Uncommon","damage_taken":0,"max_hp_gain":0,"max_hp_loss":0,"event_name":"Bonfire Elementals","floor":5,"gold_loss":0},{"damage_healed":0,"gold_gain":0,"player_choice":"Read","damage_taken":0,"max_hp_gain":0,"max_hp_loss":0,"event_name":"The Library","floor":19,"gold_loss":0,"cards_obtained":["Seeing Red"]}],"is_beta":false,"boss_relics":[{"not_picked":["SacredBark","Philosopher\u0027s Stone"],"picked":"conspire:SeveredTorchhead"}],"items_purged_floors":[],"is_endless":false,"potions_floor_spawned":[2,8,12],"killed_by":"Spheric Guardian","ascension_level":0}}