{"host":"icrrc9b69c1a6188","time":1608154585,"event":{"mods":["BaseMod","Better Altar","Better Match","Better Note","Better Sensory Stone","Better Skull","Better Third Choice","BetterRewards","Colored Map","Colored Powertips","Displayed Cursed Tome","Faster Ascension Climbing","HexUI Lib","Minty Spire (QoL Compilation)","Random Character Mod","Spicy Shops","StSLib","Unceasing Turn Reminder"],"gold_per_floor":[114,264,364,16,26,26,57,57,57,57,91,108,108,125,125,198,198,213,213,232,246,246,246,262,262,316,316,346,361,388,404,404,475,475,493,505,515,1,18,18,37,0,24,24,76,102,102,122,122,122,122,122,122,11,46,46],"floor_reached":57,"playtime":6854,"items_purged":["Strike_G","Doubt","Strike_G","Strike_G"],"score":3839,"play_id":"0cf8eb91-adb2-499e-b0d0-6a5bc9222bb5","local_time":"20201216153625","is_ascension_mode":true,"campfire_choices":[{"floor":6,"key":"REST"},{"data":"Infinite Blades","floor":8,"key":"SMITH"},{"data":"Doppelganger","floor":13,"key":"SMITH"},{"data":"Infinite Blades","floor":15,"key":"SMITH"},{"data":"Footwork","floor":23,"key":"SMITH"},{"data":"Cloak And Dagger","floor":25,"key":"SMITH"},{"data":"Accuracy","floor":27,"key":"SMITH"},{"data":"Strike_G","floor":32,"key":"PURGE"},{"data":"Doubt","floor":40,"key":"PURGE"},{"data":"Strike_G+1","floor":44,"key":"PURGE"},{"floor":47,"key":"RECALL"},{"data":"Defend_G","floor":49,"key":"PURGE"},{"data":"Defend_G","floor":53,"key":"PURGE"}],"circlet_count":0,"master_deck":["AscendersBane","Defend_G","Defend_G+1","Defend_G","Survivor+1","Neutralize+1","Footwork+1","Heel Hook+1","Finesse","Cloak And Dagger+1","Infinite Blades+1","Dodge and Roll","Accuracy+1","Blade Dance","Doppelganger+1","Infinite Blades+1","Escape Plan","Deflect","PiercingWail","Fusion+1","Blade Dance","Escape Plan+1","PiercingWail","Outmaneuver","Wraith Form v2","Dodge and Roll","Slice+1","After Image","Deflect","Setup+1","Slice+1","Backflip","Choke","Prepared"],"relics":["Ring of the Snake","Membership Card","Eternal Feather","Unceasing Top","InkBottle","War Paint","Boot","Kunai","Blood Vial","Torii","TungstenRod","Bottled Lightning","Coffee Dripper","Peace Pipe","Lizard Tail","Fusion Hammer","FossilizedHelix","OrangePellets","Nunchaku","Strange Spoon","Red Mask","Anchor","Tough Bandages","Oddly Smooth Stone","Whetstone"],"acts_visited":["Exordium","TheCity","TheBeyond","TheEnding"],"potions_floor_usage":[11,24,28,55,56,56],"damage_taken":[{"damage":0,"enemies":"Small Slimes","floor":1,"turns":4},{"damage":0,"enemies":"2 Louse","floor":5,"turns":3},{"damage":7,"enemies":"3 Sentries","floor":7,"turns":5},{"damage":0,"enemies":"Lagavulin","floor":11,"turns":4},{"damage":0,"enemies":"Cultist","floor":12,"turns":2},{"damage":5,"enemies":"3 Louse","floor":14,"turns":3},{"damage":0,"enemies":"Slime Boss","floor":16,"turns":7},{"damage":15,"enemies":"Shell Parasite","floor":18,"turns":4},{"damage":10,"enemies":"2 Thieves","floor":20,"turns":4},{"damage":0,"enemies":"Snecko","floor":21,"turns":4},{"damage":0,"enemies":"Centurion and Healer","floor":24,"turns":4},{"damage":16,"enemies":"Book of Stabbing","floor":28,"turns":4},{"damage":16,"enemies":"Shelled Parasite and Fungi","floor":29,"turns":3},{"damage":39,"enemies":"Slavers","floor":30,"turns":5},{"damage":16,"enemies":"Sentry and Sphere","floor":31,"turns":5},{"damage":0,"enemies":"Automaton","floor":33,"turns":7},{"damage":6,"enemies":"3 Shapes","floor":35,"turns":5},{"damage":10,"enemies":"3 Darklings","floor":36,"turns":4},{"damage":0,"enemies":"Maw","floor":37,"turns":7},{"damage":0,"enemies":"4 Shapes","floor":39,"turns":5},{"damage":0,"enemies":"Sphere and 2 Shapes","floor":41,"turns":4},{"damage":0,"enemies":"2 Orb Walkers","floor":45,"turns":5},{"damage":0,"enemies":"Giant Head","floor":46,"turns":5},{"damage":0,"enemies":"Maw","floor":48,"turns":5},{"damage":0,"enemies":"Awakened One","floor":50,"turns":8},{"damage":0,"enemies":"Donu and Deca","floor":51,"turns":9},{"damage":0,"enemies":"Shield and Spear","floor":55,"turns":8},{"damage":10,"enemies":"The Heart","floor":56,"turns":10}],"seed_played":"-5559260152560172305","potions_obtained":[{"floor":5,"key":"BlessingOfTheForge"},{"floor":7,"key":"EssenceOfSteel"},{"floor":18,"key":"DistilledChaos"},{"floor":33,"key":"Energy Potion"},{"floor":36,"key":"SkillPotion"}],"is_trial":false,"path_per_floor":["M","?","?","$","M","R","E","R","T","?","E","M","R","M","R","B",null,"M","?","M","M","?","R","M","R","T","R","E","M","E","M","R","B",null,"M","M","M","$","M","R","M","?","T","R","?","E","R","M","R","B","B",null,"R","$","E","B",null],"character_chosen":"THE_SILENT","items_purchased":["Membership Card","Footwork","Eternal Feather","Heel Hook","Finesse","InkBottle","War Paint","Cloak And Dagger","Boot","Infinite Blades","Kunai","Blood Vial","Accuracy","FossilizedHelix","OrangePellets","Nunchaku","After Image","Strange Spoon","LiquidMemories","Prepared"],"campfire_rested":1,"item_purchase_floors":[0,0,0,0,0,0,0,0,0,0,4,4,4,38,38,38,38,38,54,54],"current_hp_per_floor":[25,25,25,25,27,58,53,65,65,46,48,50,62,59,66,66,66,51,51,43,45,76,76,76,76,76,76,60,46,9,38,56,58,72,68,60,62,62,64,76,76,76,76,76,76,76,76,76,76,76,76,76,76,76,76,66],"gold":46,"neow_bonus":"","is_daily":false,"chose_seed":false,"campfire_upgraded":6,"win_rate":0.0,"timestamp":1608154585,"path_taken":["M","?","?","$","?","R","E","R","T","?","E","M","R","M","R","BOSS","M","?","?","M","?","R","M","R","T","R","E","M","E","M","R","BOSS","M","M","M","$","M","R","M","?","T","R","?","E","R","M","R","BOSS","BOSS","R","$","E","BOSS"],"items_purchased_type":["Relic","Card","Relic","Card","Card","Relic","Relic","Card","Relic","Card","Relic","Relic","Card","Relic","Relic","Relic","Card","Relic","Potion","Card"],"build_version":"2020-12-13","purchased_purges":4,"victory":true,"max_hp_per_floor":[66,66,66,66,66,66,66,66,66,66,66,66,66,66,66,66,66,66,66,66,66,76,76,76,76,76,76,76,76,76,76,76,76,76,76,76,76,76,76,76,76,76,76,76,76,76,76,76,76,76,76,76,76,76,76,76],"card_choices":[{"not_picked":["Deflect","Dagger Throw"],"picked":"Dodge and Roll","floor":1},{"not_picked":["Reflex","Choke"],"picked":"Blade Dance","floor":5},{"not_picked":["Bouncing Flask","Masterful Stab"],"picked":"Doppelganger","floor":7},{"not_picked":["Dodge and Roll","Underhanded Strike"],"picked":"Infinite Blades","floor":11},{"not_picked":["Deadly Poison","Calculated Gamble"],"picked":"Escape Plan","floor":12},{"not_picked":["Bane","Flying Knee"],"picked":"Deflect","floor":14},{"not_picked":["Glass Knife","Venomology"],"picked":"Bullet Time","floor":16},{"not_picked":["Riddle With Holes+1","Endless Agony"],"picked":"PiercingWail","floor":18},{"not_picked":["Finisher+1","Poisoned Stab"],"picked":"Blade Dance","floor":20},{"not_picked":["Expertise","Tactician","Reflex"],"picked":"SKIP","floor":21},{"not_picked":["Skewer","Setup","Poisoned Stab"],"picked":"SKIP","floor":24},{"not_picked":["Outmaneuver","Setup"],"picked":"Escape Plan+1","floor":28},{"not_picked":["Distraction","Sucker Punch"],"picked":"PiercingWail","floor":29},{"not_picked":["Deadly Poison","Eviscerate"],"picked":"Outmaneuver","floor":30},{"not_picked":["Masterful Stab","Poisoned Stab","Bane+1"],"picked":"SKIP","floor":31},{"not_picked":["A Thousand Cuts","Phantasmal Killer"],"picked":"Wraith Form v2","floor":33},{"not_picked":["Outmaneuver","Eviscerate","Tactician"],"picked":"SKIP","floor":35},{"not_picked":["Prepared","Quick Slash"],"picked":"Dodge and Roll","floor":36},{"not_picked":["Reflex","Dagger Spray"],"picked":"Slice","floor":37},{"not_picked":["Malaise","Bane+1"],"picked":"Deflect","floor":39},{"not_picked":["Bane+1","Dagger Throw+1"],"picked":"Setup+1","floor":41},{"not_picked":["Outmaneuver","All Out Attack"],"picked":"Slice+1","floor":45},{"not_picked":["Reflex","Skewer+1"],"picked":"Backflip","floor":46},{"not_picked":["Dodge and Roll","Calculated Gamble+1"],"picked":"Choke","floor":48},{"not_picked":["Quick Slash","Predator","Bane"],"picked":"SKIP","floor":55}],"player_experience":646570,"relics_obtained":[{"floor":7,"key":"Torii"},{"floor":9,"key":"TungstenRod"},{"floor":11,"key":"Bottled Lightning"},{"floor":28,"key":"Peace Pipe"},{"floor":30,"key":"Lizard Tail"},{"floor":43,"key":"Anchor"},{"floor":45,"key":"Tough Bandages"},{"floor":46,"key":"Oddly Smooth Stone"},{"floor":55,"key":"Whetstone"}],"event_choices":[{"damage_healed":0,"gold_gain":150,"player_choice":"AGREE","damage_taken":114,"max_hp_gain":0,"max_hp_loss":0,"event_name":"betterThird:BetterSerpent","floor":2,"gold_loss":0},{"damage_healed":0,"gold_gain":100,"player_choice":"Gold","damage_taken":0,"max_hp_gain":0,"max_hp_loss":0,"event_name":"Wheel of Change","floor":3,"gold_loss":0},{"damage_healed":65,"gold_gain":0,"player_choice":"Upgrade","damage_taken":20,"max_hp_gain":0,"max_hp_loss":66,"event_name":"betterThird:BetterShining","floor":10,"gold_loss":0,"cards_upgraded":["Neutralize","Strike_G"]},{"cards_removed":["Strike_G"],"damage_healed":0,"gold_gain":0,"player_choice":"Take \u0026 Give","damage_taken":0,"max_hp_gain":0,"max_hp_loss":0,"event_name":"betterNote:BetterNote","floor":19,"gold_loss":0,"cards_obtained":["Fusion"]},{"cards_removed":["Bullet Time"],"damage_healed":21,"gold_gain":0,"player_choice":"Offered Rare","damage_taken":0,"max_hp_gain":10,"max_hp_loss":0,"event_name":"Bonfire Elementals","floor":22,"gold_loss":0},{"damage_healed":0,"gold_gain":0,"player_choice":"Paid","damage_taken":0,"relics_obtained":["Red Mask"],"max_hp_gain":0,"max_hp_loss":0,"event_name":"Tomb of Lord Red Mask","floor":42,"gold_loss":37},{"damage_healed":0,"gold_gain":0,"player_choice":"Fight","damage_taken":0,"max_hp_gain":0,"max_hp_loss":0,"event_name":"Mysterious Sphere","floor":45,"gold_loss":0}],"is_beta":false,"boss_relics":[{"not_picked":["Empty Cage","Runic Pyramid"],"picked":"Coffee Dripper"},{"not_picked":["Astrolabe","Snecko Eye"],"picked":"Fusion Hammer"}],"items_purged_floors":[0,4,38,38],"is_endless":false,"potions_floor_spawned":[5,7,18,20,33,36,37,48],"ascension_level":20}}