{"host":"drk0p5jtlzl1xmwe","time":1608110636,"event":{"mods":["2.2 Compatiblity","AchievementEnabler","Act Like it!","Bard","BaseMod","Better Note","Better Vampires","Ekko","Friendly Minions","Hermit","Hubris","Infinite Spire","Luminous","Marisa????????","Minty Spire (QoL Compilation)","Rare Cards Sparkle","Relic Stats","Replay The Spire","Shade Mod","StSLib","The Animator","The Bug Knight","The Cursed","The Disciple","The Gatherer","The Servant 0.9.4","The Spell Scribe"],"gold_per_floor":[117,117,131,50,68,68,98,98,146,186,186,186,217,239,239,253,253],"floor_reached":16,"playtime":554,"items_purged":[],"score":136,"play_id":"ddb123b7-b3c6-4d79-9a35-42483b54ca88","local_time":"20201216092356","is_ascension_mode":true,"campfire_choices":[{"data":"Metallicize","floor":6,"key":"SMITH"},{"data":"Fire Breathing","floor":8,"key":"SMITH"},{"data":"ReplayReversal","floor":15,"key":"SMITH"}],"circlet_count":0,"master_deck":["Strike_R","Strike_R","Strike_R","Strike_R","Strike_R","Defend_R","Defend_R","Defend_R","Bash","Twin Strike","Metallicize+1","Fire Breathing+1","Shrug It Off","Cleave","Impatience","ReplayReversal+1"],"relics":["Burning Blood","NeowsBlessing","infinitespire:Midas Blood","Boot","Blood Vial","Blue Candle"],"acts_visited":["Exordium"],"potions_floor_usage":[10,13,16],"damage_taken":[{"damage":0,"enemies":"2 Louse","floor":1,"turns":1},{"damage":0,"enemies":"Cultist","floor":3,"turns":1},{"damage":0,"enemies":"Jaw Worm","floor":5,"turns":1},{"damage":25,"enemies":"3 Sentries","floor":7,"turns":6},{"damage":38,"enemies":"Lagavulin","floor":10,"turns":7},{"damage":9,"enemies":"3 Sentries","floor":13,"turns":4},{"damage":19,"enemies":"2 Fungi Beasts","floor":14,"turns":4},{"damage":46,"enemies":"The Guardian","floor":16,"turns":15}],"seed_played":"1707035122692497925","potions_obtained":[{"floor":7,"key":"Flashbang"},{"floor":10,"key":"EssenceOfSteel"},{"floor":13,"key":"ElixirPotion"},{"floor":14,"key":"Explosive Potion"}],"is_trial":false,"path_per_floor":["M","?","M","$","M","R","E","R","T","E","?","?","E","M","R","B"],"character_chosen":"IRONCLAD","items_purchased":["Fire Breathing"],"campfire_rested":0,"item_purchase_floors":[4],"current_hp_per_floor":[80,80,80,80,80,80,61,61,61,29,55,55,54,43,43,0,0],"gold":253,"neow_bonus":"THREE_ENEMY_KILL","is_daily":false,"chose_seed":false,"campfire_upgraded":3,"win_rate":0.0,"timestamp":1608110636,"path_taken":["M","?","M","$","?","R","E","R","T","E","?","?","E","?","R","BOSS"],"items_purchased_type":["Card"],"build_version":"2020-12-13","purchased_purges":0,"victory":false,"max_hp_per_floor":[80,80,80,80,80,80,80,80,80,80,80,80,80,80,80,80,80],"relic_stats":{"Blood Vial":6,"counters":[8,39],"Blue Candle":[0],"Boot":[1],"obtain_stats":[{"Blood Vial":10,"NeowsBlessing":0,"Blue Candle":13,"Boot":9,"Burning Blood":0,"infinitespire:Midas Blood":7},{"Blood Vial":5,"NeowsBlessing":0,"Blue Candle":6,"Boot":4,"Burning Blood":0,"infinitespire:Midas Blood":4},{"Blood Vial":16,"NeowsBlessing":0,"Blue Candle":20,"Boot":9,"Burning Blood":0,"infinitespire:Midas Blood":9}],"Burning Blood":24},"card_choices":[{"not_picked":["Replay:Undeath\u0027s Touch","Body Slam"],"picked":"Twin Strike","floor":1},{"not_picked":["Shockwave","Feed"],"picked":"Metallicize","floor":3},{"not_picked":["Clothesline","Havoc"],"picked":"Shrug It Off","floor":5},{"not_picked":["Abandon","Havoc","hubris:CleavingFinish"],"picked":"SKIP","floor":7},{"not_picked":["Defy Death","Wild Strike","Shrug It Off"],"picked":"SKIP","floor":10},{"not_picked":["Rampage","Impervious","ReplayTheSpireMod:Strike From Hell"],"picked":"SKIP","floor":13},{"not_picked":["ReplayTheSpireMod:Stacked","Warcry"],"picked":"ReplayReversal","floor":14}],"player_experience":645132,"relics_obtained":[{"floor":7,"key":"infinitespire:Midas Blood"},{"floor":9,"key":"Boot"},{"floor":10,"key":"Blood Vial"},{"floor":13,"key":"Blue Candle"}],"event_choices":[{"cards_removed":["Defend_R"],"damage_healed":0,"gold_gain":0,"player_choice":"Card Removal","damage_taken":0,"max_hp_gain":0,"max_hp_loss":0,"event_name":"Wheel of Change","floor":2,"gold_loss":0},{"damage_healed":26,"gold_gain":0,"player_choice":"Banana","damage_taken":0,"max_hp_gain":0,"max_hp_loss":0,"event_name":"Big Fish","floor":11,"gold_loss":0},{"damage_healed":0,"gold_gain":0,"player_choice":"2 cards matched","damage_taken":0,"max_hp_gain":0,"max_hp_loss":0,"event_name":"Match and Keep!","floor":12,"gold_loss":0,"cards_obtained":["Cleave","Impatience"]}],"is_beta":false,"boss_relics":[],"items_purged_floors":[],"is_endless":false,"potions_floor_spawned":[7,10,13,14],"killed_by":"The Guardian","ascension_level":3}}