{"host":"rbccvrvdyhsypb23","time":1608129483,"event":{"mods":["AchievementEnabler","Act Like it!","Aspiration","BaseMod","Better Third Choice","BetterRewards","Downfall","Friendly Minions","Infinite Spire","Ironclad Rager","KomeijiMod","Minty Spire (QoL Compilation)","Replay The Spire","Shade Mod","StSLib","The Blackbeard","The Mystic","Wandering Minibosses","vexMod"],"gold_per_floor":[116,129,6,6,21,52,52,52,52,64,96,115,148,164,164,264,264,282,295,295,310,330,330,341,366,366,379,379,413,424,435,435,531,531,546,566,580,580,580,613,624,624,694,694,694,694,720,740,740,835,835,842,843,863,867,867,883,892,900,923,943,943,868,868,876,876,949,949,956,1037,1042,1042,1042,1042,1060,1060,1060,1070,781,793,793,812,812,924,1024,1109,1176,1204,1282,1382,1478,1478,1575,1575,1680,1803,1217,1304,1399,1399,1551,1551,1551],"floor_reached":102,"playtime":4100,"items_purged":["Confused","Slimebound:Gluttony+1"],"score":3120,"play_id":"1ae6fa61-d8d6-4cda-bd80-efee0413be32","local_time":"20201216173803","is_ascension_mode":true,"campfire_choices":[{"data":"Slimebound:Nibble","floor":8.0,"key":"SMITH"},{"data":"Slimebound:Recollect","floor":15.0,"key":"SMITH"},{"data":"Slimebound:OozeBath","floor":23.0,"key":"SMITH"},{"data":"Slimebound:Gluttony","floor":28.0,"key":"SMITH"},{"data":"infinitespire:SevenWalls","floor":32.0,"key":"SMITH"},{"data":"Slimebound:OneTwoCombo","floor":45.0,"key":"SMITH"},{"data":"Slimebound:OneTwoCombo","floor":49.0,"key":"SMITH"},{"data":"Slimebound:Split","floor":64,"key":"SMITH"},{"data":"ReplayTheSpireMod:Book of Names","floor":74,"key":"SMITH"},{"floor":76,"key":"RECALL"},{"data":"Slimebound:CorrosiveSpit","floor":83,"key":"SMITH"},{"data":"Slimebound:OneTwoCombo","floor":92,"key":"SMITH"},{"data":"Slimebound:MegaLick","floor":100,"key":"SMITH"}],"circlet_count":0,"master_deck":["Slimebound:Strike_Slimebound","Slimebound:Strike_Slimebound","Slimebound:Tackle","Slimebound:Defend_Slimebound","Slimebound:Defend_Slimebound","Slimebound:Defend_Slimebound","Slimebound:Defend_Slimebound","Slimebound:Split+1","Slimebound:CorrosiveSpit+1","Slimebound:Nibble+1","Slimebound:ComboTackle","Slimebound:LeechEnergy","Slimebound:RejuvenatingLick","Slimebound:Recollect+1","Slimebound:SplitMire","Slimebound:MegaLick+1","Slimebound:OneTwoCombo+1","Slimebound:OozeBath+1","Slimebound:SplitMire","infinitespire:SevenWalls+1","Slimebound:SplitAcid","Slimebound:SplitMire+1","Slimebound:OneTwoCombo+1","Slimebound:SplitBruiser+1","Slimebound:SlimeTap+1","Slimebound:Gluttony+1","Slimebound:SplitBruiser","Slimebound:SplitAcid+1","Slimebound:OneTwoCombo+1","ReplayTheSpireMod:Book of Names+1","Slimebound:LevelUp+1"],"relics":["Slimebound:AbsorbEndCombat","vexMod:PlasmaPancake","GoodDreamPillow","infinitespire:CursedDice","Unceasing Top","Singing Bowl","Blue Candle","Blood Vial","SlaversCollar","Pet Ghost","Replay:Rubber Ducky","Lantern","Slimebound:TarBlob","wanderingMiniBosses:Inkheart","infinitespire:Beetle Shell","aspiration:FrozenJewel","Replay:Mystery Machine","Black Star","Odd Mushroom","Slimebound:AggressiveSlimeRelic","CeramicFish","CaptainsWheel","infinitespire:PuzzleCube","infinitespire:ShieldingShard","Bag of Preparation","Boot","aspiration:BabyByrd","vexMod:BigBerry","Bottled Flame","aspiration:Stabinomicon","Frozen Egg 2","aspiration:Lifesprig","Anchor","Gremlin Food","Counterbalance","infinitespire:EmpoweringShard","Dream Catcher","infinitespire:Lucky Rock","aspiration:ChemicalBlood","infinitespire:EvilPickle","Replay:Wanted Poster","Prayer Wheel","Bottled Lightning","Bag of Marbles","Replay:WaspNest","Slimebound:PotencyRelic","ReplayTheSpireMod:Shallot","PreservedInsect","Onion Ring","infinitespire:Broken Mirror","Sozu"],"acts_visited":["Exordium","TheCity","TheBeyond","Exordium","TheCity","TheBeyond","Exordium"],"potions_floor_usage":[54,91,91,95,101],"damage_taken":[{"damage":7.0,"enemies":"Small Slimes","floor":1.0,"turns":2.0},{"damage":3.0,"enemies":"Cultist","floor":2.0,"turns":2.0},{"damage":0.0,"enemies":"2 Louse","floor":5.0,"turns":1.0},{"damage":17.0,"enemies":"Gremlin Nob","floor":6.0,"turns":3.0},{"damage":12.0,"enemies":"Exordium Thugs","floor":10.0,"turns":2.0},{"damage":27.0,"enemies":"3 Sentries","floor":11.0,"turns":7.0},{"damage":0.0,"enemies":"3 Louse","floor":12.0,"turns":1.0},{"damage":26.0,"enemies":"Gremlin Nob","floor":13.0,"turns":3.0},{"damage":37.0,"enemies":"Large Slime","floor":14.0,"turns":4.0},{"damage":37.0,"enemies":"Slime Boss","floor":16.0,"turns":8.0},{"damage":11.0,"enemies":"2 Thieves","floor":18.0,"turns":2.0},{"damage":14.0,"enemies":"3 Byrds","floor":19.0,"turns":3.0},{"damage":42.0,"enemies":"Centurion and Healer","floor":21.0,"turns":6.0},{"damage":16.0,"enemies":"Snake Plant","floor":22.0,"turns":3.0},{"damage":34.0,"enemies":"Sentry and Sphere","floor":24.0,"turns":5.0},{"damage":38.0,"enemies":"Book of Stabbing","floor":25.0,"turns":4.0},{"damage":17.0,"enemies":"Chosen and Byrds","floor":27.0,"turns":3.0},{"damage":144.0,"enemies":"Nightmare","floor":29.0,"turns":8.0},{"damage":29.0,"enemies":"Centurion and Healer","floor":30.0,"turns":6.0},{"damage":16.0,"enemies":"Snecko","floor":31.0,"turns":3.0},{"damage":67.0,"enemies":"Champ","floor":33.0,"turns":7.0},{"damage":36.0,"enemies":"3 Darklings","floor":35.0,"turns":2.0},{"damage":25.0,"enemies":"3 Shapes","floor":36.0,"turns":3.0},{"damage":36.0,"enemies":"Spire Growth","floor":37.0,"turns":2.0},{"damage":30.0,"enemies":"R_Hoarder","floor":40.0,"turns":4.0},{"damage":26.0,"enemies":"Sphere and 2 Shapes","floor":41.0,"turns":2.0},{"damage":26.0,"enemies":"Giant Head","floor":47.0,"turns":4.0},{"damage":62.0,"enemies":"Maw","floor":48.0,"turns":3.0},{"damage":56.0,"enemies":"Replay:Hell Engine","floor":50.0,"turns":5.0},{"damage":12,"enemies":"Small Slimes","floor":52,"turns":1},{"damage":12,"enemies":"Cultist","floor":53,"turns":1},{"damage":8,"enemies":"The Mushroom Lair","floor":54,"turns":2},{"damage":6,"enemies":"Jaw Worm","floor":55,"turns":1},{"damage":6,"enemies":"Blue Slaver","floor":56,"turns":1},{"damage":12,"enemies":"Gremlin Nob","floor":57,"turns":2},{"damage":6,"enemies":"Looter","floor":58,"turns":1},{"damage":30,"enemies":"Lagavulin","floor":59,"turns":1},{"damage":24,"enemies":"3 Sentries","floor":61,"turns":1},{"damage":21,"enemies":"Exordium Thugs","floor":65,"turns":1},{"damage":45,"enemies":"The Guardian","floor":67,"turns":3},{"damage":12,"enemies":"Shell Parasite","floor":69,"turns":1},{"damage":12,"enemies":"2 Thieves","floor":71,"turns":1},{"damage":18,"enemies":"Gremlin Leader","floor":75,"turns":1},{"damage":15,"enemies":"Slavers","floor":78,"turns":2},{"damage":18,"enemies":"Gremlin Leader","floor":80,"turns":1},{"damage":12,"enemies":"Slavers","floor":82,"turns":1},{"damage":48,"enemies":"Pondfish","floor":84,"turns":2},{"damage":3,"enemies":"Orb Walker","floor":86,"turns":1},{"damage":9,"enemies":"3 Shapes","floor":87,"turns":1},{"damage":21,"enemies":"Mind Bloom Boss Battle","floor":88,"turns":1},{"damage":21,"enemies":"Sphere and 2 Shapes","floor":89,"turns":1},{"damage":27,"enemies":"Giant Head","floor":91,"turns":1},{"damage":21,"enemies":"R_Hoarder","floor":93,"turns":2},{"damage":3,"enemies":"Spire Growth","floor":95,"turns":1},{"damage":21,"enemies":"Reptomancer","floor":96,"turns":1},{"damage":15,"enemies":"4 Shapes","floor":98,"turns":1},{"damage":9,"enemies":"Sphere and 2 Shapes","floor":99,"turns":1},{"damage":27,"enemies":"infinitespire:MassOfShapes","floor":101,"turns":1}],"seed_played":"8874481387056805608","potions_obtained":[{"floor":1.0,"key":"FearPotion"},{"floor":6.0,"key":"Swift Potion"},{"floor":7.0,"key":"Dexterity Potion"},{"floor":7.0,"key":"BlessingOfTheForge"},{"floor":11.0,"key":"FairyPotion"},{"floor":30.0,"key":"Fire Potion"},{"floor":35.0,"key":"AttackPotion"},{"floor":47.0,"key":"AttackPotion"},{"floor":52,"key":"UndeadPotion"},{"floor":54,"key":"Fruit Juice"},{"floor":59,"key":"Block Potion"},{"floor":98,"key":"Explosive Potion"}],"is_trial":false,"path_per_floor":["M","M","?","?","M","E","?","R","T","M","E","M","E","M","R","B",null,"M","M","?","M","M","R","M","E","T","M","R","NM","M","M","R","B",null,"M","M","M","?","?","E","M","?","T","?","R","?","E","M","R","B",null,"M","M","?","M","M","E","M","E","T","E","T","$","R","M","R","B",null,"M","T","M","?","?","R","E","R","T","E","$","E","?","E","R","B",null,"M","M","?","M","?","E","R","E","T","M","E","$","M","M","R","B",null],"character_chosen":"SLIMEBOUND","items_purchased":["Slimebound:Nibble","Counterbalance","Onion Ring","infinitespire:Broken Mirror"],"campfire_rested":0,"item_purchase_floors":[0,79,97,97],"current_hp_per_floor":[66,66,66,66,66,64,64,64,64,68,55,55,51,54,54,70,70,72,74,74,76,76,76,78,74,74,78,78,46,80,80,80,52,80,80,82,82,82,78,78,78,78,78,78,78,78,78,67,67,80,80,82,84,91,93,95,97,99,101,101,99,99,99,99,105,105,107,137,139,139,141,141,125,125,143,143,143,145,145,147,147,149,149,151,151,151,153,155,153,153,159,159,161,161,165,163,163,171,175,175,177,177,177],"gold":1551,"neow_bonus":"","is_daily":false,"chose_seed":false,"campfire_upgraded":12,"win_rate":0.0,"timestamp":1608129483,"path_taken":["M","M","?","?","?","E","?","R","T","M","E","M","E","M","R","BOSS","M","M","?","M","M","R","M","E","T","M","R","NM","M","M","R","BOSS","M","M","M","?","?","E","M","?","T","?","R","?","E","M","R","BOSS","M","M","?","M","M","E","M","E","T","E","?","$","R","?","R","BOSS","M","?","M","?","?","R","E","R","T","E","?","E","?","E","R","BOSS","M","M","?","M","?","E","R","E","T","?","E","$","M","?","R","BOSS"],"items_purchased_type":["Card","Relic","Relic","Relic"],"build_version":"2020-12-13","purchased_purges":2,"victory":false,"max_hp_per_floor":[66,66,66,66,66,66,66,66,66,68,70,70,70,70,70,70,70,72,74,74,76,76,76,78,78,78,78,78,80,80,80,80,80,80,80,82,82,82,78,78,78,78,78,78,78,78,78,80,80,80,80,82,84,91,93,95,97,99,101,101,103,103,103,103,105,105,107,137,139,139,141,141,141,141,143,143,143,145,145,147,147,149,149,151,151,151,153,155,157,157,159,159,161,161,165,167,167,171,175,175,177,177,177],"card_choices":[{"not_picked":["Slimebound:FinishingTackle","Slimebound:PressTheAttack"],"picked":"Slimebound:ComboTackle","floor":1.0},{"not_picked":["Slimebound:SplitAcid","Slimebound:TongueLash","Slimebound:ComboTackle"],"picked":"SKIP","floor":2.0},{"not_picked":["Slimebound:SlimeBarrage","Slimebound:GoopSpray"],"picked":"Slimebound:LeechEnergy","floor":5.0},{"not_picked":["Slimebound:PressTheAttack","Slimebound:RallyTheTroops"],"picked":"Slimebound:RejuvenatingLick","floor":6.0},{"not_picked":["Slimebound:LeechEnergy","Slimebound:PressTheAttack","Slimebound:ComboTackle"],"picked":"Singing Bowl","floor":10.0},{"not_picked":["Slimebound:AcidTongue","Slimebound:SpikyOuterGoop","Slimebound:ForwardTackle"],"picked":"Singing Bowl","floor":11.0},{"not_picked":["Slimebound:Replication","Slimebound:LeechingTouch"],"picked":"Slimebound:Recollect","floor":12.0},{"not_picked":["Slimebound:Schlurp","Slimebound:LeechEnergy"],"picked":"Slimebound:SplitMire","floor":13.0},{"not_picked":["Slimebound:SplitBruiser","Slimebound:PressTheAttack"],"picked":"Slimebound:MegaLick","floor":14.0},{"not_picked":["Slimebound:Overexert","Slimebound:CheckThePlaybook"],"picked":"Slimebound:OneTwoCombo","floor":16.0},{"not_picked":["Slimebound:SplitLeeching+1","Slimebound:Schlurp","Slimebound:SlimeSpikes"],"picked":"Singing Bowl","floor":18.0},{"not_picked":["Slimebound:MegaLick","Slimebound:GoopSpray","Slimebound:ViciousTackle+1"],"picked":"Singing Bowl","floor":19.0},{"not_picked":["Slimebound:AcidTongue","Slimebound:SplitAcid+1","Slimebound:Replication"],"picked":"Singing Bowl","floor":21.0},{"not_picked":["Slimebound:SlimeSpikes","Slimebound:SplitLeeching"],"picked":"Slimebound:OozeBath","floor":22.0},{"not_picked":["Slimebound:Replication","Slimebound:ProtectTheBoss","Slimebound:GrowthPunch"],"picked":"Singing Bowl","floor":24.0},{"not_picked":["Slimebound:SplitMire","Slimebound:SplitBruiser"],"picked":"Slimebound:Gluttony","floor":25.0},{"not_picked":["Slimebound:SplitAcid+1","Slimebound:Schlurp"],"picked":"Slimebound:SplitMire","floor":27.0},{"not_picked":["infinitespire:Menacing","ReplayTheSpireMod:Chaos Vortex"],"picked":"infinitespire:SevenWalls","floor":29.0},{"not_picked":["Slimebound:Chomp","Slimebound:ViciousTackle","Slimebound:SplitBruiser"],"picked":"Singing Bowl","floor":29.0},{"not_picked":["Slimebound:Repurpose","Slimebound:ComboTackle"],"picked":"Slimebound:SplitAcid","floor":30.0},{"not_picked":["Slimebound:LeadByExample","Slimebound:PressTheAttack"],"picked":"Slimebound:SplitMire+1","floor":31.0},{"not_picked":["Slimebound:OozeBath","Slimebound:LeechLife"],"picked":"Slimebound:OneTwoCombo","floor":33.0},{"not_picked":["Slimebound:FinishingTackle","Slimebound:Equalize+1"],"picked":"Slimebound:SplitBruiser+1","floor":35.0},{"not_picked":["Slimebound:GoopSpray+1","Slimebound:SlimeBrawl+1","Slimebound:Recollect"],"picked":"Singing Bowl","floor":36.0},{"not_picked":["Slimebound:SlimeSpikes+1","Slimebound:GoopSpray"],"picked":"Slimebound:SlimeTap+1","floor":37.0},{"not_picked":["Slimebound:ViciousTackle","Slimebound:OozeBath"],"picked":"Slimebound:Gluttony+1","floor":40.0},{"not_picked":["Slimebound:ViciousTackle","Slimebound:Dissolve+1"],"picked":"Slimebound:SplitBruiser","floor":41.0},{"not_picked":["Slimebound:ComboTackle+1","Slimebound:PrepareCrush"],"picked":"Slimebound:SplitAcid+1","floor":47.0},{"not_picked":["Slimebound:Equalize","Slimebound:LeechEnergy","Slimebound:SlimeSpikes"],"picked":"Singing Bowl","floor":48.0},{"not_picked":["Slimebound:LeechLife","Slimebound:WasteNot"],"picked":"Slimebound:OneTwoCombo","floor":50.0},{"not_picked":["Slimebound:TongueLash","Slimebound:RollThrough","Slimebound:SlimeBarrage"],"picked":"Singing Bowl","floor":52},{"not_picked":["Slimebound:Schlurp","Slimebound:TongueLash","Slimebound:SplitBruiser"],"picked":"Singing Bowl","floor":53},{"not_picked":["Slimebound:Dissolve","Slimebound:Equalize","Slimebound:RejuvenatingLick"],"picked":"Singing Bowl","floor":54},{"not_picked":["Slimebound:RallyTheTroops","Slimebound:TongueLash","Slimebound:FinishingTackle"],"picked":"Singing Bowl","floor":55},{"not_picked":["Slimebound:SplitLeeching","Slimebound:FinishingTackle","Slimebound:LivingWall"],"picked":"Singing Bowl","floor":56},{"not_picked":["Slimebound:LeechingTouch","Slimebound:RollThrough","Slimebound:PressTheAttack"],"picked":"Singing Bowl","floor":57},{"not_picked":["Slimebound:PressTheAttack","Slimebound:FlameTackle","Slimebound:Schlurp"],"picked":"Singing Bowl","floor":58},{"not_picked":["Slimebound:ViciousTackle","Slimebound:SplitLeeching","Slimebound:LeechEnergy"],"picked":"Singing Bowl","floor":59},{"not_picked":["Slimebound:SplitAcid","Slimebound:OneTwoCombo","Slimebound:SplitMire"],"picked":"Singing Bowl","floor":61},{"not_picked":["Slimebound:FirmFortitude","Slimebound:TongueLash","Slimebound:PressTheAttack"],"picked":"Singing Bowl","floor":65},{"not_picked":["infinitespire:Oblivion","infinitespire:UltimateForm"],"picked":"ReplayTheSpireMod:Book of Names","floor":67},{"not_picked":["Slimebound:Recycling","Slimebound:OozeBath","Slimebound:LeechLife"],"picked":"Singing Bowl","floor":67},{"not_picked":["Slimebound:FinishingTackle","Slimebound:Schlurp","Slimebound:LeechEnergy"],"picked":"Singing Bowl","floor":69},{"not_picked":["Slimebound:Equalize","Slimebound:GrowthPunch","Slimebound:RainOfGoop"],"picked":"Singing Bowl","floor":71},{"not_picked":["Slimebound:SamplingLick+1","Slimebound:GoopTackle","Slimebound:GoopSpray"],"picked":"Singing Bowl","floor":75},{"not_picked":["Slimebound:HungryTackle+1","Slimebound:SplitBruiser","Slimebound:Replication"],"picked":"Singing Bowl","floor":78},{"not_picked":["Slimebound:FirmFortitude+1","Slimebound:Grow+1","Slimebound:FinishingTackle+1"],"picked":"Singing Bowl","floor":80},{"not_picked":["Slimebound:OneTwoCombo","Slimebound:ComboTackle","Slimebound:SplitLeeching+1"],"picked":"Singing Bowl","floor":82},{"not_picked":["Slimebound:OozeBath","Slimebound:DuplicatedForm+1","Slimebound:CheckThePlaybook"],"picked":"Singing Bowl","floor":84},{"not_picked":["Slimebound:ViciousTackle","Slimebound:Prepare"],"picked":"Slimebound:LevelUp+1","floor":86},{"not_picked":["Slimebound:ItLooksTasty","Slimebound:SamplingLick+1","Slimebound:GrowthPunch"],"picked":"Singing Bowl","floor":87},{"not_picked":["Slimebound:OozeBath","Slimebound:SplitBruiser","Slimebound:DisruptingSlam"],"picked":"Singing Bowl","floor":88},{"not_picked":["Slimebound:GrowthPunch+1","Slimebound:PressTheAttack","Slimebound:Grow+1"],"picked":"Singing Bowl","floor":89},{"not_picked":["Slimebound:LeechingTouch","Slimebound:LeechEnergy+1","Slimebound:SplitBruiser"],"picked":"Singing Bowl","floor":91},{"not_picked":["Slimebound:ComboTackle+1","Slimebound:GrowthPunch","Slimebound:SelfFormingGoo+1"],"picked":"Singing Bowl","floor":93},{"not_picked":["Slimebound:SplitMire+1","Slimebound:GoopSpray","Slimebound:LeechEnergy+1"],"picked":"Singing Bowl","floor":95},{"not_picked":["Slimebound:GrowthPunch+1","Slimebound:SplitBruiser","Slimebound:SamplingLick"],"picked":"Singing Bowl","floor":95},{"not_picked":["Slimebound:FinishingTackle","Slimebound:GoopSpray+1","Slimebound:SplitBruiser+1"],"picked":"Singing Bowl","floor":96},{"not_picked":["Slimebound:ComboTackle+1","Slimebound:FinishingTackle","Slimebound:Equalize"],"picked":"Singing Bowl","floor":98},{"not_picked":["Slimebound:TongueLash","Slimebound:SplitMire","Slimebound:GoopSpray+1"],"picked":"Singing Bowl","floor":98},{"not_picked":["Slimebound:ViciousTackle","Slimebound:GrowthPunch+1","Slimebound:SplitLeeching"],"picked":"Singing Bowl","floor":99},{"not_picked":["Slimebound:Schlurp+1","Slimebound:SplitAcid","Slimebound:SplitLeeching+1"],"picked":"Singing Bowl","floor":99},{"not_picked":["Slimebound:MinionMaster+1","Slimebound:MassFeed","Slimebound:SelfFormingGoo+1"],"picked":"Singing Bowl","floor":101}],"player_experience":938138,"relics_obtained":[{"floor":6.0,"key":"Unceasing Top"},{"floor":9.0,"key":"Singing Bowl"},{"floor":11.0,"key":"Blue Candle"},{"floor":13.0,"key":"Blood Vial"},{"floor":25.0,"key":"Pet Ghost"},{"floor":26.0,"key":"Replay:Rubber Ducky"},{"floor":29.0,"key":"Lantern"},{"floor":36.0,"key":"wanderingMiniBosses:Inkheart"},{"floor":40.0,"key":"infinitespire:Beetle Shell"},{"floor":43.0,"key":"aspiration:FrozenJewel"},{"floor":47.0,"key":"Replay:Mystery Machine"},{"floor":54,"key":"Odd Mushroom"},{"floor":57,"key":"Slimebound:AggressiveSlimeRelic"},{"floor":57,"key":"CeramicFish"},{"floor":59,"key":"CaptainsWheel"},{"floor":59,"key":"infinitespire:PuzzleCube"},{"floor":61,"key":"infinitespire:ShieldingShard"},{"floor":61,"key":"Bag of Preparation"},{"floor":62,"key":"Boot"},{"floor":70,"key":"Bottled Flame"},{"floor":73,"key":"aspiration:Stabinomicon"},{"floor":75,"key":"Frozen Egg 2"},{"floor":77,"key":"aspiration:Lifesprig"},{"floor":78,"key":"Anchor"},{"floor":78,"key":"Gremlin Food"},{"floor":80,"key":"infinitespire:EmpoweringShard"},{"floor":80,"key":"Dream Catcher"},{"floor":82,"key":"infinitespire:Lucky Rock"},{"floor":82,"key":"aspiration:ChemicalBlood"},{"floor":91,"key":"Prayer Wheel"},{"floor":91,"key":"Bottled Lightning"},{"floor":93,"key":"Bag of Marbles"},{"floor":93,"key":"Replay:WaspNest"},{"floor":94,"key":"Slimebound:PotencyRelic"},{"floor":96,"key":"ReplayTheSpireMod:Shallot"},{"floor":96,"key":"PreservedInsect"}],"event_choices":[{"damage_healed":0.0,"max_hp_gain":0.0,"max_hp_loss":0.0,"gold_gain":0.0,"event_name":"WeMeetAgain","player_choice":"Gave Potion","floor":4.0,"gold_loss":0.0,"damage_taken":0.0,"relics_obtained":["infinitespire:CursedDice"]},{"damage_healed":0.0,"max_hp_gain":0.0,"max_hp_loss":0.0,"gold_gain":0.0,"event_name":"Lab","player_choice":"Got Potions","floor":7.0,"gold_loss":0.0,"damage_taken":0.0},{"damage_healed":0.0,"max_hp_gain":0.0,"max_hp_loss":4.0,"gold_gain":0.0,"event_name":"Winding Halls","player_choice":"Max HP","floor":39.0,"gold_loss":0.0,"damage_taken":0.0},{"cards_removed":["Slimebound:Strike_Slimebound"],"damage_healed":0.0,"max_hp_gain":0.0,"max_hp_loss":0.0,"gold_gain":0.0,"event_name":"Falling","player_choice":"Removed Attack","floor":42.0,"gold_loss":0.0,"damage_taken":0.0},{"damage_healed":0,"gold_gain":0,"player_choice":"Fought Mushrooms","damage_taken":0,"max_hp_gain":0,"max_hp_loss":0,"event_name":"Mushrooms","floor":54,"gold_loss":0},{"damage_healed":0,"gold_gain":0,"player_choice":"Obtained Book","damage_taken":16,"max_hp_gain":0,"max_hp_loss":0,"event_name":"Cursed Tome","floor":73,"gold_loss":0},{"damage_healed":0,"gold_gain":0,"player_choice":"Bought 0 Potions","damage_taken":0,"max_hp_gain":0,"max_hp_loss":0,"event_name":"The Woman in Blue","floor":81,"gold_loss":0},{"damage_healed":0,"gold_gain":0,"player_choice":"Fight","damage_taken":0,"max_hp_gain":0,"max_hp_loss":0,"event_name":"MindBloom","floor":88,"gold_loss":0},{"damage_healed":0,"gold_gain":100,"player_choice":"Pray","damage_taken":0,"max_hp_gain":0,"max_hp_loss":0,"event_name":"Golden Shrine","floor":90,"gold_loss":0}],"is_beta":false,"boss_relics":[{"not_picked":["vexMod:RockOfEvil","aspiration:RandomNobGenerator"],"picked":"SlaversCollar"},{"not_picked":["vexMod:EndlessSickness","Cursed Key"],"picked":"Slimebound:TarBlob"},{"not_picked":["Pandora\u0027s Box","aspiration:RitualDagger"],"picked":"Black Star"},{"not_picked":["Abe\u0027s Treasure","Snecko Eye"],"picked":"vexMod:BigBerry"},{"not_picked":["Coffee Dripper","Runic Dome"],"picked":"Replay:Wanted Poster"},{"not_picked":["Pandora\u0027s Box","infinitespire:Cupcake"],"picked":"Sozu"}],"items_purged_floors":[63,97],"is_endless":true,"potions_floor_spawned":[1,6,10,11,12,18,22,27,30,35,37,47,52,54,58,59,65,75,82,88,93,95,96,98,99],"ascension_level":1}}