{"host":"2lo6hma6kymb0g9i","time":1608101869,"event":{"mods":["BaseMod","Colored Map","DeckTracker","Minty Spire (QoL Compilation)"],"gold_per_floor":[113,125,200,200,211,211,239,239,239,89,89,100,130,157,169,277,289,314,251,263,275,302,339,370,410,422,469,481,493,521,552,564,674,686,716,31,31,31,46,46,79,79,79,98,98,111,111,124,124,124],"floor_reached":51,"playtime":3064,"items_purged":["Strike_G","Strike_G+1"],"score":1212,"play_id":"47255698-33dc-4f94-a43b-8a32ab302fe1","local_time":"20201216155749","is_ascension_mode":true,"campfire_choices":[{"data":"Underhanded Strike","floor":6,"key":"SMITH"},{"floor":8,"key":"REST"},{"data":"Blade Dance","floor":11,"key":"SMITH"},{"floor":15,"key":"REST"},{"floor":32,"key":"REST"},{"data":"Terror","floor":40,"key":"SMITH"},{"data":"Apotheosis","floor":49,"key":"SMITH"}],"circlet_count":0,"master_deck":["AscendersBane","Defend_G","Defend_G","Defend_G","Defend_G","Defend_G","Survivor","Neutralize+1","Underhanded Strike+1","PiercingWail","Blade Dance+1","Escape Plan","Tactician","Dagger Throw","Backflip","Noxious Fumes","Slice","Terror+1","Blade Dance","Cloak And Dagger","Backstab","Blade Dance+1","Sucker Punch","Riddle With Holes","Blade Dance","Backstab","Backstab+1","Apotheosis+1","Dark Shackles","Deflect+1","Backflip","Blade Dance+1","Acrobatics"],"relics":["Ring of the Snake","NeowsBlessing","Calipers","Mango","MawBank","WristBlade","Strawberry","Ginger","Shuriken","Whetstone","Sozu","HornCleat","ClockworkSouvenir","Mercury Hourglass","Bag of Marbles","Kunai"],"acts_visited":["Exordium","TheCity","TheBeyond"],"potions_floor_usage":[7,23,25,31,41],"damage_taken":[{"damage":0,"enemies":"Cultist","floor":1,"turns":1},{"damage":0,"enemies":"2 Louse","floor":2,"turns":1},{"damage":0,"enemies":"Jaw Worm","floor":5,"turns":1},{"damage":21,"enemies":"3 Sentries","floor":7,"turns":6},{"damage":6,"enemies":"2 Fungi Beasts","floor":12,"turns":3},{"damage":29,"enemies":"Lagavulin","floor":13,"turns":6},{"damage":3,"enemies":"Looter","floor":14,"turns":3},{"damage":32,"enemies":"The Guardian","floor":16,"turns":14},{"damage":2,"enemies":"3 Byrds","floor":18,"turns":5},{"damage":0,"enemies":"Chosen","floor":22,"turns":4},{"damage":15,"enemies":"Gremlin Leader","floor":23,"turns":4},{"damage":11,"enemies":"Centurion and Healer","floor":24,"turns":4},{"damage":21,"enemies":"Slavers","floor":25,"turns":5},{"damage":18,"enemies":"Book of Stabbing","floor":27,"turns":4},{"damage":0,"enemies":"Cultist and Chosen","floor":30,"turns":3},{"damage":0,"enemies":"Snake Plant","floor":31,"turns":1},{"damage":25,"enemies":"Automaton","floor":33,"turns":6},{"damage":5,"enemies":"3 Shapes","floor":35,"turns":2},{"damage":0,"enemies":"Orb Walker","floor":39,"turns":1},{"damage":23,"enemies":"Reptomancer","floor":41,"turns":4},{"damage":0,"enemies":"Jaw Worm Horde","floor":44,"turns":2},{"damage":1,"enemies":"Sphere and 2 Shapes","floor":46,"turns":1},{"damage":0,"enemies":"3 Darklings","floor":48,"turns":2},{"damage":23,"enemies":"Awakened One","floor":50,"turns":8}],"seed_played":"-5278946577265536728","potions_obtained":[{"floor":2,"key":"SteroidPotion"},{"floor":7,"key":"Energy Potion"},{"floor":12,"key":"FairyPotion"},{"floor":24,"key":"Strength Potion"},{"floor":30,"key":"Energy Potion"},{"floor":33,"key":"Fire Potion"}],"is_trial":false,"path_per_floor":["M","M","?","?","M","R","E","R","T","$","R","M","E","M","R","B",null,"M","?","?","?","M","E","M","E","T","E","?","?","M","M","R","B",null,"M","$","?","T","M","R","E","?","T","M","?","M","?","M","R","B",null],"character_chosen":"THE_SILENT","items_purchased":["Tactician","HornCleat","Apotheosis","ClockworkSouvenir"],"campfire_rested":3,"item_purchase_floors":[10,36,36,36],"current_hp_per_floor":[63,63,52,38,38,38,17,38,52,52,52,46,17,14,39,7,65,63,63,63,63,63,55,44,23,23,5,5,5,5,5,32,7,70,65,65,65,65,65,65,42,42,42,42,42,41,41,41,41,18],"gold":124,"neow_bonus":"THREE_ENEMY_KILL","is_daily":false,"chose_seed":false,"campfire_upgraded":4,"win_rate":0.0,"timestamp":1608101869,"path_taken":["M","?","?","?","M","R","E","R","T","?","R","M","E","M","R","BOSS","M","?","?","?","M","E","M","E","T","E","?","?","?","M","R","BOSS","M","$","?","?","M","R","E","?","T","?","?","M","?","M","R","BOSS"],"items_purchased_type":["Card","Relic","Card","Relic"],"build_version":"2020-12-13","purchased_purges":2,"victory":true,"max_hp_per_floor":[70,70,70,70,70,70,70,70,84,84,84,84,84,84,84,84,84,84,84,84,84,84,91,91,91,91,91,91,91,91,91,91,91,91,91,91,91,91,91,91,91,91,91,91,86,86,86,86,86,86],"card_choices":[{"not_picked":["Deadly Poison","Concentrate"],"picked":"Underhanded Strike","floor":1},{"not_picked":["Masterful Stab","Skewer"],"picked":"PiercingWail","floor":2},{"not_picked":["Well Laid Plans","Outmaneuver"],"picked":"Blade Dance","floor":5},{"not_picked":["PiercingWail","Flying Knee"],"picked":"Escape Plan","floor":7},{"not_picked":["Tools of the Trade","Concentrate"],"picked":"Dagger Throw","floor":12},{"not_picked":["Slice","Deflect"],"picked":"Backflip","floor":13},{"not_picked":["Quick Slash","Blade Dance"],"picked":"Noxious Fumes","floor":14},{"not_picked":["Die Die Die","Night Terror"],"picked":"Unload","floor":16},{"not_picked":["Choke","Blur"],"picked":"Slice","floor":18},{"not_picked":["Deflect","Bane"],"picked":"Terror","floor":22},{"not_picked":["Endless Agony","Well Laid Plans"],"picked":"Blade Dance","floor":23},{"not_picked":["Riddle With Holes","Outmaneuver"],"picked":"Cloak And Dagger","floor":24},{"not_picked":["Predator","Storm of Steel"],"picked":"Backstab","floor":25},{"not_picked":["Dagger Throw","Sucker Punch"],"picked":"Blade Dance+1","floor":27},{"not_picked":["Noxious Fumes","PiercingWail"],"picked":"Blade Dance","floor":30},{"not_picked":["Deadly Poison+1","Masterful Stab"],"picked":"Backstab","floor":31},{"not_picked":["Bane","Acrobatics"],"picked":"Backstab+1","floor":35},{"not_picked":["Metamorphosis","Bandage Up"],"picked":"Dark Shackles","floor":37},{"not_picked":["Quick Slash+1","Bouncing Flask"],"picked":"Deflect+1","floor":39},{"not_picked":["Deflect","Dodge and Roll"],"picked":"Backflip","floor":41},{"not_picked":["Dagger Spray","Deadly Poison"],"picked":"Blade Dance+1","floor":44},{"not_picked":["Doppelganger","Distraction","Blade Dance"],"picked":"SKIP","floor":46},{"not_picked":["Doppelganger","Distraction","Blade Dance"],"picked":"SKIP","floor":46},{"not_picked":["Deadly Poison","Bane+1"],"picked":"Acrobatics","floor":48}],"player_experience":803963,"relics_obtained":[{"floor":7,"key":"Calipers"},{"floor":9,"key":"Mango"},{"floor":13,"key":"MawBank"},{"floor":23,"key":"Strawberry"},{"floor":25,"key":"Ginger"},{"floor":26,"key":"Shuriken"},{"floor":27,"key":"Whetstone"},{"floor":38,"key":"Mercury Hourglass"},{"floor":41,"key":"Bag of Marbles"},{"floor":43,"key":"Kunai"}],"event_choices":[{"damage_healed":0,"gold_gain":75,"player_choice":"Gather Gold","damage_taken":11,"max_hp_gain":0,"max_hp_loss":0,"event_name":"World of Goop","floor":3,"gold_loss":0},{"damage_healed":0,"gold_gain":0,"player_choice":"Entered Light","damage_taken":14,"max_hp_gain":0,"max_hp_loss":0,"event_name":"Shining Light","floor":4,"gold_loss":0,"cards_upgraded":["Neutralize","Strike_G"]},{"cards_removed":["Strike_G"],"damage_healed":0,"gold_gain":0,"player_choice":"Gave Gold","damage_taken":0,"max_hp_gain":0,"max_hp_loss":0,"event_name":"Beggar","floor":19,"gold_loss":75},{"damage_healed":0,"gold_gain":0,"player_choice":"Ignored","damage_taken":0,"max_hp_gain":0,"max_hp_loss":0,"event_name":"Ghosts","floor":20,"gold_loss":0},{"damage_healed":0,"gold_gain":0,"player_choice":"Ignored","damage_taken":0,"max_hp_gain":0,"max_hp_loss":0,"event_name":"Vampires","floor":21,"gold_loss":0},{"damage_healed":0,"gold_gain":0,"player_choice":"Ignored","damage_taken":0,"max_hp_gain":0,"max_hp_loss":0,"event_name":"Cursed Tome","floor":28,"gold_loss":0},{"damage_healed":0,"gold_gain":0,"cards_transformed":["Strike_G","Strike_G"],"player_choice":"Became Test Subject","damage_taken":0,"max_hp_gain":0,"max_hp_loss":0,"event_name":"Drug Dealer","floor":29,"gold_loss":0,"cards_obtained":["Sucker Punch","Riddle With Holes"]},{"damage_healed":0,"gold_gain":0,"player_choice":"Memory 1","damage_taken":0,"max_hp_gain":0,"max_hp_loss":0,"event_name":"SensoryStone","floor":37,"gold_loss":0},{"damage_healed":0,"gold_gain":0,"player_choice":"Ignored","damage_taken":0,"max_hp_gain":0,"max_hp_loss":0,"event_name":"The Moai Head","floor":42,"gold_loss":0},{"damage_healed":0,"gold_gain":0,"player_choice":"Max HP","damage_taken":0,"max_hp_gain":0,"max_hp_loss":5,"event_name":"Winding Halls","floor":45,"gold_loss":0},{"cards_removed":["Unload"],"damage_healed":0,"gold_gain":0,"player_choice":"Removed Attack","damage_taken":0,"max_hp_gain":0,"max_hp_loss":0,"event_name":"Falling","floor":47,"gold_loss":0}],"is_beta":false,"boss_relics":[{"not_picked":["SlaversCollar","Busted Crown"],"picked":"WristBlade"},{"not_picked":["Tiny House","Runic Dome"],"picked":"Sozu"}],"items_purged_floors":[10,36],"is_endless":false,"potions_floor_spawned":[2,7,12,22,24,30,33,39,44],"ascension_level":12}}