{"host":"k5j3culymg4irp71","time":1608107723,"event":{"mods":["2.2 Compatiblity","Act Like it!","Art Attack!","Aspiration","Astrologer","Bard","BaseMod","Bestiary","Better Match","Better Note","BetterRewards","Block Reminder","CCEM","Colored Map","Colored Powertips","Conspire","Downfall","Emptier Cage","Energized Spire","GifTheSpireLib","GungeonMod","Halation","Hallownest","Hermit","Hubris","Infinite Spire","Ironclad Rager","Jorbs\u0027s Wanderer Trilogy","Lobotomy","LobotomyExtend","Mad Scientist","Minty Spire (QoL Compilation)","Pale of the Ancients","Potionbrewer","Quarter Circle Forward PUNCH!","Rare Cards Sparkle","Replay The Spire","Shade Mod","Shop Mod","Spikes Relics","StSLib","Stuff the Spire","The Animator","The Blackbeard","The Bladedancer","The Blue Laboratory","The Cursed","The Druid","The Forsaken","The Gatherer","The Hayseed","The Hierophant","The Juggle","The Necromancer","The Runesmith","The Servant 0.9.4","The Spell Scribe","TheArtist","Waifu the Spire","Wandering Minibosses","slay the spire mod where everything is the same but ironclad has a cowboy hat","vexMod"],"gold_per_floor":[99,99,74,90,123,108,134,134,162,87,87,100,114,114,99,200,200,200,125,139,139,170,170,242,242,40,40,11,11,23,0,0],"floor_reached":31,"playtime":3503,"items_purged":[],"score":311,"play_id":"d20affb2-a1d2-456a-8fdc-0391dd0c1a9f","local_time":"20201216003523","is_ascension_mode":false,"campfire_choices":[{"data":"Guardian:StasisField","floor":1,"key":"SMITH"},{"data":"Guardian:CurlUp","floor":10,"key":"SMITH"},{"data":"Guardian:TimeSifter","floor":18,"key":"SMITH"},{"data":"Guardian:TimeCapacitor","floor":27,"key":"SMITH"}],"circlet_count":0,"master_deck":["Guardian:Strike_Guardian","Guardian:Strike_Guardian","Guardian:Strike_Guardian","Guardian:Strike_Guardian","Guardian:Defend_Guardian","Guardian:Defend_Guardian","Guardian:Defend_Guardian","Guardian:Defend_Guardian","Guardian:CurlUp+1","Guardian:StasisField+1","Guardian:GuardianWhirl","Guardian:FloatingOrbs","Guardian:Reroute","Guardian:FloatingOrbs","Guardian:MultiBeam","Guardian:TimeSifter+1","Guardian:TimeBomb","Guardian:TemporalStrike","Guardian:TimeCapacitor+1","Guardian:Gem_Lightblue","Guardian:TemporalShield+1"],"relics":["LetterFromLob","Bronze Scales","downfall:HeartBlessingBlue","halation:ForbiddenBikini","qcfpunch:Red_Beret","halation:WeightlessCrab","MerchantsRug","vexMod:BigBerry","Runesmith:Locket"],"acts_visited":["Exordium","TheCity"],"potions_floor_usage":[31,31,31],"damage_taken":[{"damage":4,"enemies":"Jaw Worm","floor":4,"turns":4},{"damage":8,"enemies":"Replay:BlueRogue","floor":5,"turns":8},{"damage":0,"enemies":"downfall:FleeingMerchant","floor":6,"turns":4},{"damage":3,"enemies":"Small Slimes","floor":8,"turns":4},{"damage":20,"enemies":"3 Sentries","floor":9,"turns":8},{"damage":0,"enemies":"Cultist","floor":12,"turns":4},{"damage":0,"enemies":"Lots of Slimes","floor":13,"turns":1},{"damage":10,"enemies":"3 Louse","floor":15,"turns":5},{"damage":34,"enemies":"downfall:Silent","floor":16,"turns":8},{"damage":6,"enemies":"Shell Parasite","floor":20,"turns":5},{"damage":21,"enemies":"Book of Stabbing","floor":22,"turns":5},{"damage":0,"enemies":"downfall:FleeingMerchant","floor":26,"turns":4},{"damage":38,"enemies":"Chosen","floor":28,"turns":8},{"damage":15,"enemies":"3 Cultists","floor":30,"turns":5},{"damage":40,"enemies":"Snecko","floor":31,"turns":4}],"seed_played":"-8768003552641877767","potions_obtained":[{"floor":9,"key":"champ:CounterPotion"},{"floor":12,"key":"potionbrewer:ToxicPotion"},{"floor":13,"key":"Reflective Coating"},{"floor":22,"key":"Dexterity Potion"}],"is_trial":false,"path_per_floor":["R","?","?","M","E","$","T","M","E","R","?","M","M","?","M","B",null,"R","?","M","?","E","T","T","M","$","R","M","AVR","M","M"],"character_chosen":"GUARDIAN","items_purchased":["MerchantsRug","Guardian:TemporalStrike","Guardian:TimeCapacitor"],"campfire_rested":0,"item_purchase_floors":[26,26,26],"current_hp_per_floor":[80,80,80,76,68,74,74,77,62,72,72,78,78,78,74,40,90,90,90,84,84,63,63,63,63,63,63,25,55,40,0,0],"gold":0,"neow_bonus":"ONE_RANDOM_RARE_CARD","is_daily":false,"chose_seed":false,"campfire_upgraded":4,"win_rate":0.0,"timestamp":1608107723,"path_taken":["R","?","?","M","E","?","T","?","E","R","?","?","M","?","M","BOSS","R","?","M","?","E","?","T","M","?","R","M","AVR","M","?"],"items_purchased_type":["Relic","Card","Card"],"build_version":"2020-12-13","purchased_purges":0,"victory":false,"max_hp_per_floor":[80,80,80,80,80,80,80,80,80,90,90,90,90,90,90,90,90,90,90,90,90,90,90,90,90,90,90,90,120,120,120,120],"card_choices":[{"not_picked":["Guardian:RollAttack","Guardian:BronzeOrb"],"picked":"Guardian:GuardianWhirl","floor":4},{"not_picked":["Guardian:PrimingBeam","Guardian:ShieldCharger"],"picked":"Guardian:FloatingOrbs","floor":5},{"not_picked":["Guardian:TemporalShield","Guardian:Emergency"],"picked":"Guardian:Gem_Cyan","floor":6},{"not_picked":["Guardian:Suspension","Guardian:FastForward"],"picked":"Guardian:Reroute","floor":8},{"not_picked":["Guardian:Gem_Purple","Guardian:RefractedBeam"],"picked":"Guardian:Gem_Lightblue","floor":9},{"not_picked":["Guardian:CrystalBeam","Guardian:Recover"],"picked":"Guardian:Gem_Red","floor":12},{"not_picked":["Guardian:TemporalStrike","Guardian:WalkerClaw"],"picked":"Guardian:FloatingOrbs","floor":13},{"not_picked":["Guardian:SentryBeam","Guardian:CrystalBeam"],"picked":"Guardian:MultiBeam","floor":15},{"not_picked":["Guardian:BaubleBeam","Guardian:Gem_Synthetic"],"picked":"Guardian:TimeSifter","floor":16},{"not_picked":["Guardian:TemporalStrike","Guardian:EvasiveProtocol+1"],"picked":"Guardian:Gem_Crimson","floor":20},{"not_picked":["Guardian:ShieldSpikes+1","Guardian:MultiBeam"],"picked":"Guardian:TimeBomb","floor":22},{"not_picked":["Guardian:SentryBeam","Guardian:PiercingHide","Guardian:ShieldCharger+1"],"picked":"SKIP","floor":26},{"not_picked":["Guardian:BronzeArmor","Guardian:Harden+1"],"picked":"Guardian:Gem_Lightblue","floor":28},{"not_picked":["Guardian:CrystalBeam","Guardian:TemporalStrike"],"picked":"Guardian:TemporalShield+1","floor":30}],"player_experience":17501,"relics_obtained":[{"floor":4,"key":"LetterFromLob"},{"floor":5,"key":"theForsaken:Lifeblossom"},{"floor":9,"key":"Bronze Scales"},{"floor":22,"key":"qcfpunch:Red_Beret"},{"floor":23,"key":"halation:WeightlessCrab"},{"floor":24,"key":"infinitespire:Bottled Soul"}],"event_choices":[{"cards_removed":["Guardian:TwinSlam"],"damage_healed":0,"gold_gain":0,"player_choice":"Offered Basic","damage_taken":0,"max_hp_gain":0,"max_hp_loss":0,"event_name":"Bonfire Elementals","floor":11,"gold_loss":0},{"damage_healed":0,"gold_gain":0,"player_choice":"Leave","damage_taken":0,"max_hp_gain":0,"max_hp_loss":0,"event_name":"conspire:Investor","floor":14,"gold_loss":0},{"damage_healed":0,"gold_gain":0,"player_choice":"3","damage_taken":0,"max_hp_gain":0,"max_hp_loss":0,"event_name":"betterMatch:BetterMatch","floor":19,"gold_loss":0,"cards_obtained":[]}],"is_beta":false,"boss_relics":[{"not_picked":["CCEMRelics:GreenEgg","halation:Yufonium"],"picked":"halation:ForbiddenBikini"}],"items_purged_floors":[],"is_endless":false,"potions_floor_spawned":[9,12,13,15,22],"killed_by":"Snecko","ascension_level":0}}