{"host":"6xsbn6ynqlzwllfm","time":1608092746,"event":{"mods":["2.2 Compatiblity","BaseMod","Bestiary","Colored Map","Colored Powertips","Downfall","Googly Eyes","Highlight Path","Minty Spire (QoL Compilation)","Relic Stats","Slay the Relics Exporter","StSLib"],"gold_per_floor":[111,111,72,147,166,166,181,212,212,232,263,263,279,34,34,130,130,141,154,154,186,201,201,216,216,216,216,56,73,91,125,125,227,227,247,297,6,17,17,17,48,68,68,68,80,80,109,126,126,126,126],"floor_reached":50,"playtime":2959,"items_purged":["Guardian:Strike_Guardian","Guardian:FierceBash"],"score":796,"play_id":"8684df56-4b96-4351-94c4-26b75d1f2123","local_time":"20201215232546","is_ascension_mode":true,"campfire_choices":[{"floor":6,"key":"REST"},{"floor":12,"key":"REST"},{"floor":15,"key":"RECALL"},{"floor":23,"key":"REST"},{"floor":25,"key":"REST"},{"floor":32,"key":"REST"},{"floor":40,"key":"REST"},{"floor":46,"key":"REST"},{"floor":49,"key":"REST"}],"circlet_count":0,"master_deck":["Guardian:Defend_Guardian","Guardian:Defend_Guardian","Guardian:Defend_Guardian","Guardian:CurlUp","Guardian:TwinSlam","Guardian:ChargeCore","Guardian:TimeCapacitor","Guardian:FuturePlans","Guardian:Recover","Guardian:ChargeCore","Guardian:SentryBeam","Guardian:BronzeArmor","Guardian:ChargeCore","Guardian:Preprogram","Guardian:MultiBeam","expansioncontent:QuickStudy","Guardian:PrimingBeam","Guardian:PrimingBeam","Guardian:MultiBeam","J.A.X.","expansioncontent:CaCaw","Guardian:Repulse","Guardian:VentSteam","Guardian:Planning","Guardian:PolyBeam","Guardian:Suspension+1","Guardian:FastForward","Guardian:PrismaticBarrier+1","Guardian:TemporalShield+1","Guardian:RefractedBeam+1","Guardian:PolyBeam+1","Guardian:PrimingBeam","Guardian:Reroute","Guardian:MultiBeam+1","Guardian:SphericShield","Guardian:EvasiveProtocol"],"relics":["Fusion Hammer","Blue Candle","Happy Flower","Toy Ornithopter","Runic Pyramid","Red Mask","Prayer Wheel","Pocketwatch","Astrolabe","FossilizedHelix","Nunchaku","Sundial","Bag of Preparation"],"acts_visited":["Exordium","TheCity","TheBeyond"],"potions_floor_usage":[8,11,16,30,33,41,50],"damage_taken":[{"damage":1,"enemies":"Jaw Worm","floor":1,"turns":3},{"damage":0,"enemies":"Cultist","floor":5,"turns":3},{"damage":5,"enemies":"Small Slimes","floor":7,"turns":4},{"damage":15,"enemies":"3 Sentries","floor":8,"turns":9},{"damage":0,"enemies":"3 Louse","floor":10,"turns":4},{"damage":12,"enemies":"Gremlin Nob","floor":11,"turns":4},{"damage":13,"enemies":"Large Slime","floor":13,"turns":4},{"damage":45,"enemies":"The Guardian","floor":16,"turns":9},{"damage":2,"enemies":"Spheric Guardian","floor":18,"turns":4},{"damage":0,"enemies":"3 Byrds","floor":19,"turns":3},{"damage":19,"enemies":"Masked Bandits","floor":21,"turns":3},{"damage":1,"enemies":"Snecko","floor":22,"turns":3},{"damage":9,"enemies":"Shelled Parasite and Fungi","floor":24,"turns":4},{"damage":3,"enemies":"3 Cultists","floor":29,"turns":4},{"damage":27,"enemies":"Snake Plant","floor":30,"turns":4},{"damage":8,"enemies":"Book of Stabbing","floor":31,"turns":5},{"damage":28,"enemies":"Champ","floor":33,"turns":7},{"damage":3,"enemies":"3 Darklings","floor":35,"turns":5},{"damage":0,"enemies":"Mind Bloom Boss Battle","floor":36,"turns":5},{"damage":0,"enemies":"Orb Walker","floor":38,"turns":3},{"damage":35,"enemies":"Reptomancer","floor":41,"turns":6},{"damage":18,"enemies":"Writhing Mass","floor":42,"turns":6},{"damage":12,"enemies":"3 Darklings","floor":45,"turns":4},{"damage":5,"enemies":"Giant Head","floor":47,"turns":6},{"damage":0,"enemies":"Sphere and 2 Shapes","floor":48,"turns":2},{"damage":63,"enemies":"Donu and Deca","floor":50,"turns":6}],"seed_played":"-3769007012133608125","potions_obtained":[{"floor":1,"key":"Energy Potion"},{"floor":10,"key":"Energy Potion"},{"floor":11,"key":"Dexterity Potion"},{"floor":16,"key":"Regen Potion"},{"floor":21,"key":"sneckomod:MuddlingPotion"},{"floor":29,"key":"ColorlessPotion"},{"floor":31,"key":"CultistPotion"},{"floor":33,"key":"Strength Potion"},{"floor":36,"key":"Dexterity Potion"},{"floor":38,"key":"AttackPotion"},{"floor":47,"key":"SneckoOil"}],"is_trial":false,"path_per_floor":["M","?","$","?","M","R","M","E","T","M","E","R","M","$","R","B",null,"M","M","?","?","M","R","M","R","T","?","$","M","M","E","R","B",null,"M","?","$","M","T","R","E","M","T","?","M","R","E","M","R","B"],"character_chosen":"GUARDIAN","items_purchased":["Guardian:FuturePlans","Guardian:MultiBeam","expansioncontent:QuickStudy","expansioncontent:CaCaw","Panache"],"campfire_rested":8,"item_purchase_floors":[3,14,14,28,37],"current_hp_per_floor":[71,71,71,60,60,80,75,60,60,60,48,72,59,59,59,19,65,63,63,63,44,43,67,58,80,80,80,80,77,55,47,71,62,76,73,73,73,73,73,80,45,27,27,27,15,39,34,34,58,0,0],"gold":126,"neow_bonus":"BOSS_RELIC","is_daily":false,"chose_seed":false,"campfire_upgraded":0,"win_rate":0.0,"timestamp":1608092746,"path_taken":["M","?","?","?","M","R","M","E","T","M","E","R","M","$","R","BOSS","M","M","?","?","M","R","M","R","T","?","$","?","M","E","R","BOSS","M","?","$","M","?","R","E","?","T","?","M","R","E","M","R","BOSS"],"items_purchased_type":["Card","Card","Card","Card","Card"],"build_version":"2020-12-13","purchased_purges":2,"victory":false,"max_hp_per_floor":[80,80,80,80,80,80,80,80,80,80,80,80,80,80,80,80,80,80,80,80,80,80,80,80,80,80,80,80,80,80,80,80,80,80,80,80,80,80,80,80,80,80,80,80,80,80,80,80,80,80,80],"relic_stats":{"Nunchaku":[6],"Happy Flower":[34],"counters":[26,120],"Sundial":[0],"Blue Candle":[0],"Astrolabe":["Guardian:PrismaticBarrier","Guardian:TemporalShield","Guardian:RefractedBeam"],"Prayer Wheel":7,"Bag of Preparation":[4],"obtain_stats":[{"Happy Flower":9,"Blue Candle":8,"Astrolabe":34,"Guardian:ModeShifter":0,"Bag of Preparation":47,"Nunchaku":41,"Sundial":43,"Prayer Wheel":26,"Fusion Hammer":0,"Red Mask":21,"Toy Ornithopter":11,"FossilizedHelix":36,"Runic Pyramid":17,"Pocketwatch":31},{"Happy Flower":4,"Blue Candle":4,"Astrolabe":17,"Guardian:ModeShifter":0,"Bag of Preparation":24,"Nunchaku":21,"Sundial":22,"Prayer Wheel":13,"Fusion Hammer":0,"Red Mask":11,"Toy Ornithopter":6,"FossilizedHelix":19,"Runic Pyramid":8,"Pocketwatch":16},{"Happy Flower":19,"Blue Candle":19,"Astrolabe":77,"Guardian:ModeShifter":0,"Bag of Preparation":112,"Nunchaku":96,"Sundial":102,"Prayer Wheel":57,"Fusion Hammer":0,"Red Mask":50,"Toy Ornithopter":27,"FossilizedHelix":87,"Runic Pyramid":40,"Pocketwatch":70}],"Toy Ornithopter":20,"Pocketwatch":[1]},"card_choices":[{"not_picked":["Guardian:SpikerProtocol","Guardian:PrismaticBeam"],"picked":"Guardian:ChargeCore","floor":1},{"not_picked":["Guardian:RollAttack","Guardian:SentryBeam"],"picked":"Guardian:Recover","floor":5},{"not_picked":["Guardian:ShieldSpikes","Guardian:TemporalShield"],"picked":"Guardian:ChargeCore","floor":7},{"not_picked":["Guardian:PrimingBeam","Guardian:Suspension"],"picked":"Guardian:SentryBeam","floor":8},{"not_picked":["Guardian:Incinerate","Guardian:Gem_Crimson"],"picked":"Guardian:BronzeArmor","floor":10},{"not_picked":["Guardian:Gem_Blue","Guardian:Emergency"],"picked":"Guardian:ChargeCore","floor":11},{"not_picked":["Guardian:Gem_Crimson","Guardian:PiercingHide"],"picked":"Guardian:Preprogram","floor":13},{"not_picked":["Guardian:GemFinder","Guardian:Gem_Orange"],"picked":"Guardian:FierceBash","floor":16},{"not_picked":["Guardian:Gem_Cyan","Guardian:Reroute"],"picked":"Guardian:PrimingBeam","floor":18},{"not_picked":["Guardian:CrystalBeam+1","Guardian:Gem_Lightblue","Guardian:Gem_Green"],"picked":"SKIP","floor":19},{"not_picked":["Guardian:TemporalStrike+1","Guardian:CrystalBeam"],"picked":"Guardian:PrimingBeam","floor":21},{"not_picked":["Guardian:Gem_Green","Guardian:Gem_Red"],"picked":"Guardian:Gem_Blue","floor":22},{"not_picked":["Guardian:PiercingHide","Guardian:RollAttack"],"picked":"Guardian:MultiBeam","floor":24},{"not_picked":["Guardian:PrismaticBeam+1","Guardian:FuturePlans+1"],"picked":"Guardian:Repulse","floor":29},{"not_picked":["Guardian:RollAttack","Guardian:Gem_Purple"],"picked":"Guardian:VentSteam","floor":29},{"not_picked":["Guardian:RollAttack","Guardian:FuturePlans+1"],"picked":"Guardian:Planning","floor":30},{"not_picked":["Guardian:ArmoredProtocol","Guardian:ShieldCharger+1"],"picked":"Guardian:PolyBeam","floor":30},{"not_picked":["Guardian:RevengeProtocol","Guardian:Gem_Blue"],"picked":"Guardian:Suspension+1","floor":31},{"not_picked":["Guardian:StasisStrike","Guardian:ConstructionForm"],"picked":"Guardian:FastForward","floor":33},{"not_picked":["Guardian:ShieldSpikes","Guardian:Gem_Red"],"picked":"Guardian:PolyBeam+1","floor":35},{"not_picked":["Guardian:CrystalBeam+1","Guardian:ChargeCore+1"],"picked":"Guardian:Gem_White","floor":35},{"not_picked":["Guardian:ChargeCore","Guardian:TemporalStrike"],"picked":"Guardian:PrimingBeam","floor":36},{"not_picked":["Guardian:BronzeOrb","Guardian:Gem_Lightblue","Guardian:RollAttack"],"picked":"SKIP","floor":38},{"not_picked":["Guardian:GuardianWhirl","Guardian:Gem_Red","Guardian:PrismaticBarrier"],"picked":"SKIP","floor":38},{"not_picked":["Guardian:FuturePlans+1","Guardian:Gem_Lightblue"],"picked":"Guardian:Reroute","floor":41},{"not_picked":["Guardian:Gem_Fragmented","Guardian:Repulse","Guardian:VentSteam+1"],"picked":"SKIP","floor":42},{"not_picked":["Guardian:Gem_Lightblue","Guardian:GemFire","Guardian:TemporalStrike"],"picked":"SKIP","floor":42},{"not_picked":["Guardian:TimeCapacitor","Guardian:BronzeArmor+1"],"picked":"Guardian:MultiBeam+1","floor":45},{"not_picked":["Guardian:Gem_Green","Guardian:TemporalStrike","Guardian:TimeCapacitor"],"picked":"SKIP","floor":45},{"not_picked":["Guardian:Gem_Green","Guardian:PrimingBeam+1"],"picked":"Guardian:SphericShield","floor":47},{"not_picked":["Guardian:VentSteam","Guardian:Incinerate+1","Guardian:Gem_Cyan"],"picked":"SKIP","floor":48},{"not_picked":["Guardian:Suspension","Guardian:EvasiveProtocol","Guardian:TemporalStrike"],"picked":"SKIP","floor":48},{"not_picked":["Guardian:Suspension","Guardian:TemporalStrike"],"picked":"Guardian:EvasiveProtocol","floor":48},{"not_picked":["Guardian:VentSteam","Guardian:Incinerate+1","Guardian:Gem_Cyan"],"picked":"SKIP","floor":48}],"player_experience":1192297,"relics_obtained":[{"floor":8,"key":"Blue Candle"},{"floor":9,"key":"Happy Flower"},{"floor":11,"key":"Toy Ornithopter"},{"floor":21,"key":"Red Mask"},{"floor":26,"key":"Prayer Wheel"},{"floor":31,"key":"Pocketwatch"},{"floor":36,"key":"FossilizedHelix"},{"floor":41,"key":"Nunchaku"},{"floor":43,"key":"Sundial"},{"floor":47,"key":"Bag of Preparation"}],"event_choices":[{"damage_healed":0,"gold_gain":0,"player_choice":"2 cards matched","damage_taken":0,"max_hp_gain":0,"max_hp_loss":0,"event_name":"Match and Keep!","floor":2,"gold_loss":0,"cards_obtained":["Guardian:Gem_Red","Guardian:TimeCapacitor"]},{"damage_healed":0,"gold_gain":75,"player_choice":"Gather Gold","damage_taken":11,"max_hp_gain":0,"max_hp_loss":0,"event_name":"World of Goop","floor":4,"gold_loss":0},{"damage_healed":0,"gold_gain":0,"player_choice":"Fought Bandits","damage_taken":0,"max_hp_gain":0,"max_hp_loss":0,"event_name":"Masked Bandits","floor":21,"gold_loss":0},{"damage_healed":0,"gold_gain":0,"player_choice":"Obtain J.A.X.","damage_taken":0,"max_hp_gain":0,"max_hp_loss":0,"event_name":"Drug Dealer","floor":27,"gold_loss":0,"cards_obtained":["J.A.X."]},{"damage_healed":0,"gold_gain":0,"player_choice":"Fight","damage_taken":0,"max_hp_gain":0,"max_hp_loss":0,"event_name":"MindBloom","floor":36,"gold_loss":0},{"cards_removed":["Panache"],"damage_healed":0,"gold_gain":0,"player_choice":"Removed Power","damage_taken":0,"max_hp_gain":0,"max_hp_loss":0,"event_name":"Falling","floor":44,"gold_loss":0}],"is_beta":false,"boss_relics":[{"not_picked":["Sozu","Empty Cage"],"picked":"Runic Pyramid"},{"not_picked":["Runic Dome","Guardian:StasisSlotReductionRelic"],"picked":"Astrolabe"}],"items_purged_floors":[28,37],"is_endless":false,"potions_floor_spawned":[1,10,11,16,21,29,31,33,36,38,47],"killed_by":"Donu and Deca","ascension_level":9}}