{"host":"zekcc3vicrep0och","time":1608101073,"event":{"mods":["AchievementEnabler","BaseMod","Colored Map","Colored Powertips","Displayed Cursed Tome","Minty Spire (QoL Compilation)","Relic Stats","StSLib"],"gold_per_floor":[364,384,401,401,196,196,228,228,228,246,260,260,260,286,286,286,286],"floor_reached":16,"playtime":635,"items_purged":["Shame"],"score":160,"play_id":"5abb101b-4c93-4448-b45d-c7da2f86c51c","local_time":"20201216094433","is_ascension_mode":true,"campfire_choices":[{"data":"Dagger Spray","floor":6.0,"key":"SMITH"},{"data":"Neutralize","floor":8.0,"key":"SMITH"},{"data":"Cloak And Dagger","floor":12.0,"key":"SMITH"},{"floor":15.0,"key":"REST"}],"circlet_count":0,"master_deck":["Strike_G+1","Strike_G","Strike_G","Strike_G+1","Strike_G","Defend_G","Defend_G","Defend_G","Defend_G","Defend_G","Survivor","Neutralize+1","PiercingWail","Dagger Spray+1","Quick Slash","Decay","Crippling Poison","Blur","Backstab","Cloak And Dagger+1"],"relics":["Ring of the Snake","StrikeDummy","Ornamental Fan","Whetstone"],"acts_visited":["Exordium"],"potions_floor_usage":[16],"damage_taken":[{"damage":2.0,"enemies":"Small Slimes","floor":1.0,"turns":4.0},{"damage":6.0,"enemies":"Cultist","floor":2.0,"turns":6.0},{"damage":0.0,"enemies":"2 Louse","floor":3.0,"turns":4.0},{"damage":19.0,"enemies":"Gremlin Nob","floor":7.0,"turns":4.0},{"damage":0.0,"enemies":"2 Fungi Beasts","floor":10.0,"turns":3.0},{"damage":0.0,"enemies":"Gremlin Gang","floor":11.0,"turns":2.0},{"damage":18.0,"enemies":"Lagavulin","floor":14.0,"turns":6.0},{"damage":36,"enemies":"Hexaghost","floor":16,"turns":15}],"seed_played":"894370869806588498","potions_obtained":[{"floor":3.0,"key":"EssenceOfSteel"},{"floor":14.0,"key":"SpeedPotion"}],"is_trial":false,"path_per_floor":["M","M","M","?","$","R","E","R","T","M","M","R","?","E","R","B"],"character_chosen":"THE_SILENT","items_purchased":["Explosive Potion","Crippling Poison"],"campfire_rested":1,"item_purchase_floors":[5,5],"current_hp_per_floor":[61,55,55,55,55,55,36,36,36,36,36,36,36,18,39,3,3],"gold":286,"neow_bonus":"TWO_FIFTY_GOLD","is_daily":false,"chose_seed":false,"campfire_upgraded":3,"win_rate":0.0,"timestamp":1608101073,"path_taken":["M","M","M","?","$","R","E","R","T","?","M","R","?","E","R","BOSS"],"items_purchased_type":["Potion","Card"],"build_version":"2020-12-13","purchased_purges":1,"victory":false,"max_hp_per_floor":[70,70,70,70,70,70,70,70,70,70,70,70,70,70,70,70,70],"relic_stats":{"counters":[8,44],"Ornamental Fan":[36],"Whetstone":["Strike_G","Strike_G"],"obtain_stats":[{"Ornamental Fan":9,"Whetstone":14,"StrikeDummy":7,"Ring of the Snake":0},{"Ornamental Fan":4,"Whetstone":7,"StrikeDummy":4,"Ring of the Snake":0},{"Ornamental Fan":18,"Whetstone":29,"StrikeDummy":18,"Ring of the Snake":0}],"Ring of the Snake":[16]},"card_choices":[{"not_picked":["Dagger Throw","Expertise"],"picked":"PiercingWail","floor":1.0},{"not_picked":["PiercingWail","Sucker Punch"],"picked":"Dagger Spray","floor":2.0},{"not_picked":["Dodge and Roll","Deadly Poison"],"picked":"Quick Slash","floor":3.0},{"not_picked":["Unload","Dagger Spray"],"picked":"Blur","floor":7.0},{"not_picked":["Outmaneuver","Calculated Gamble"],"picked":"Backstab","floor":10.0},{"not_picked":["Finisher","Dagger Throw"],"picked":"Cloak And Dagger","floor":11.0},{"not_picked":["Slice","Acrobatics","Storm of Steel"],"picked":"SKIP","floor":14.0}],"player_experience":423507,"relics_obtained":[{"floor":7.0,"key":"StrikeDummy"},{"floor":9.0,"key":"Ornamental Fan"},{"floor":14.0,"key":"Whetstone"}],"event_choices":[{"damage_healed":0.0,"max_hp_gain":0.0,"max_hp_loss":0.0,"gold_gain":0.0,"event_name":"Wheel of Change","player_choice":"Cursed","floor":4.0,"gold_loss":0.0,"damage_taken":0.0,"cards_obtained":["Decay"]},{"damage_healed":0.0,"max_hp_gain":0.0,"max_hp_loss":0.0,"gold_gain":0.0,"event_name":"Golden Idol","player_choice":"Ignored","floor":13.0,"gold_loss":0.0,"damage_taken":0.0}],"is_beta":false,"boss_relics":[],"items_purged_floors":[5],"is_endless":false,"potions_floor_spawned":[3,14],"killed_by":"Hexaghost","ascension_level":9}}