{"host":"rhvnggv2pwqsaug0","time":1608119275,"event":{"mods":["BaseMod","Minty Spire (QoL Compilation)","Replay The Spire","StSLib"],"gold_per_floor":[363,122,102,44,61,61,61,61,61,74,74,74,84,104,104,201,201,217,109,29,29,44,44,55,154,154,204,216,216,216,216],"floor_reached":30,"playtime":615,"items_purged":["Hallucinations"],"score":231,"play_id":"33d4a15d-bd56-4296-bd5a-72b9f5082d99","local_time":"20201216194755","is_ascension_mode":true,"campfire_choices":[{"data":"Eruption","floor":6,"key":"SMITH"},{"data":"Chaos","floor":8,"key":"SMITH"},{"data":"Dualcast","floor":12,"key":"SMITH"},{"data":"Lockon","floor":15,"key":"SMITH"},{"floor":23,"key":"DIG"},{"floor":29,"key":"DIG"}],"circlet_count":0,"master_deck":["Strike_B","Strike_B","Strike_B","Strike_B","Defend_B","Defend_B","Defend_B","Defend_B","Zap","Dualcast+1","Eruption+1","Chaos+1","Defragment+1","Doom and Gloom","Zap","Lockon+1","Go for the Eyes","Electrodynamics","Parasite","Injury","Glacier+1","Apotheosis","Crystallizer"],"relics":["Cracked Core","Pear","Potion Belt","Replay:Ancient Bell","Replay:Baseball","Meat on the Bone","Shovel","ReplayTheSpireMod:CursedCoin","ReplayFunnel","Ring of Greed","ReplayTheSpireMod:Ring of Exchange","Blue Doll","Membership Card","Quantum Egg"],"acts_visited":["Exordium","TheCity"],"potions_floor_usage":[13,14,16,28,30],"damage_taken":[{"damage":6,"enemies":"Jaw Worm","floor":1,"turns":3},{"damage":0,"enemies":"Cultist","floor":5,"turns":2},{"damage":0,"enemies":"Small Slimes","floor":10,"turns":2},{"damage":0,"enemies":"3 Louse","floor":13,"turns":2},{"damage":20,"enemies":"Gremlin Gang","floor":14,"turns":3},{"damage":32,"enemies":"The Guardian","floor":16,"turns":8},{"damage":15,"enemies":"3 Byrds","floor":18,"turns":2},{"damage":10,"enemies":"Chosen","floor":20,"turns":3},{"damage":24,"enemies":"Snake Plant","floor":22,"turns":4},{"damage":20,"enemies":"Centurion and Healer","floor":24,"turns":5},{"damage":20,"enemies":"Sentry and Sphere","floor":28,"turns":4},{"damage":46,"enemies":"Slavers","floor":30,"turns":2}],"seed_played":"-1989875653952687414","potions_obtained":[{"floor":1,"key":"BlessingOfTheForge"},{"floor":3,"key":"Block Potion"},{"floor":13,"key":"Swift Potion"},{"floor":22,"key":"Block Potion"},{"floor":28,"key":"SkillPotion"}],"is_trial":false,"path_per_floor":["M","$","?","$","M","R","?","R","T","M","?","R","M","M","R","B",null,"M","$","M","?","M","R","M","?","T","?","M","R","E"],"character_chosen":"DEFECT","items_purchased":["Pear","Defragment+1","Apotheosis","ReplayTheSpireMod:CursedCoin"],"campfire_rested":0,"item_purchase_floors":[2,4,19,19],"current_hp_per_floor":[69,79,79,79,79,79,79,79,79,79,79,79,79,59,59,27,85,70,70,60,85,61,61,53,53,53,53,45,45,0,0],"gold":216,"neow_bonus":"TWO_FIFTY_GOLD","is_daily":false,"chose_seed":false,"campfire_upgraded":4,"win_rate":0.0,"timestamp":1608119275,"path_taken":["M","$","?","?","M","R","?","R","T","M","?","R","M","?","R","BOSS","M","?","M","?","M","R","M","?","T","?","M","R","E"],"items_purchased_type":["Relic","Card","Card","Relic"],"build_version":"2020-12-13","purchased_purges":1,"victory":false,"max_hp_per_floor":[75,85,85,85,85,85,85,85,85,85,85,85,85,85,85,85,85,85,85,85,85,85,85,85,85,85,85,85,85,85,85],"card_choices":[{"not_picked":["ReplayTheSpireMod:System Scan","Tempest"],"picked":"Chaos","floor":1},{"not_picked":["Conserve Battery","Coolheaded"],"picked":"Doom and Gloom","floor":5},{"not_picked":["Stack","Compile Driver","Turbo"],"picked":"SKIP","floor":10},{"not_picked":["Leap","Streamline"],"picked":"Lockon","floor":13},{"not_picked":["Streamline","Steam Power"],"picked":"Go for the Eyes","floor":14},{"not_picked":["All For One","ReplayTheSpireMod:Omega Cannon"],"picked":"Electrodynamics","floor":16},{"not_picked":["CurseOfTheBell","ReplayTheSpireMod:Faulty Equipment"],"picked":"ReplayTheSpireMod:IOU","floor":17},{"not_picked":["Shame","Regret"],"picked":"Parasite","floor":17},{"not_picked":["Doubt","Looming Evil"],"picked":"Injury","floor":17},{"not_picked":["Panic Button+1","Sweeping Beam"],"picked":"Glacier+1","floor":18},{"not_picked":["Skim+1","Compile Driver"],"picked":"Crystallizer","floor":20},{"not_picked":["Storm+1","Leap","Conserve Battery+1"],"picked":"SKIP","floor":22},{"not_picked":["Sweeping Beam","Redo","Undo"],"picked":"SKIP","floor":24},{"not_picked":["Rip and Tear+1","Go for the Eyes+1","Steam Power"],"picked":"SKIP","floor":28}],"player_experience":212582,"relics_obtained":[{"floor":9,"key":"Potion Belt"},{"floor":23,"key":"ReplayFunnel"},{"floor":27,"key":"Ring of Greed"},{"floor":27,"key":"ReplayTheSpireMod:Ring of Exchange"},{"floor":27,"key":"Blue Doll"},{"floor":27,"key":"Membership Card"},{"floor":29,"key":"Quantum Egg"}],"event_choices":[{"damage_healed":0,"gold_gain":0,"player_choice":"Bought 1 Potion","damage_taken":0,"max_hp_gain":0,"max_hp_loss":0,"event_name":"The Woman in Blue","floor":3,"gold_loss":0},{"damage_healed":0,"gold_gain":0,"player_choice":"1 cards matched","damage_taken":0,"max_hp_gain":0,"max_hp_loss":0,"event_name":"Match and Keep!","floor":11,"gold_loss":0,"cards_obtained":["Zap"]},{"damage_healed":28,"gold_gain":0,"player_choice":"Heal","damage_taken":0,"max_hp_gain":0,"max_hp_loss":0,"event_name":"The Library","floor":21,"gold_loss":0},{"damage_healed":0,"gold_gain":99,"player_choice":"Stole From Cult","damage_taken":0,"max_hp_gain":0,"max_hp_loss":0,"event_name":"Nest","floor":25,"gold_loss":0}],"is_beta":false,"boss_relics":[{"not_picked":["Replay:Wanted Poster","Nuclear Battery"],"picked":"Replay:Ancient Bell"},{"not_picked":["Ancient Tea Set","ReplayTheSpireMod:Lightbulb"],"picked":"Replay:Baseball"},{"not_picked":["Golden Egg","Mercury Hourglass"],"picked":"Meat on the Bone"},{"not_picked":["Prayer Wheel","Turnip"],"picked":"Shovel"}],"items_purged_floors":[19],"is_endless":false,"potions_floor_spawned":[1,13,22,28],"killed_by":"Slavers","ascension_level":1}}