{"host":"4k3z1vmw52e7hl04","time":1608100102,"event":{"mods":["BaseMod","Best Route Mod","Better Altar","Better Note","Better Third Choice","Colored Powertips","GifTheSpireLib","Hermit","HexUI Lib","Highlight Path","Hubris","Minty Spire (QoL Compilation)","Rare Cards Sparkle","Replay The Spire","Shop Mod","Spicy Shops","StSLib","SuperFastMode","Synergy Search","The Animator","everything is the same but u backflip on backflip"],"gold_per_floor":[20,20,117,117,9,9,37,52,77,77,97,97,116,31,31,31,31],"floor_reached":16,"playtime":985,"items_purged":[],"score":98,"play_id":"aec0752c-748a-41f1-9f79-45833933f1c0","local_time":"20201215222822","is_ascension_mode":false,"campfire_choices":[{"floor":6,"key":"REST"},{"floor":10,"key":"REST"},{"floor":12,"key":"DIG"},{"floor":15,"key":"REST"}],"circlet_count":0,"master_deck":["Strike_G","Strike_G","Strike_G","Strike_G","Strike_G","Defend_G","Defend_G","Defend_G","Defend_G","Defend_G","Survivor","Neutralize","Outmaneuver","Corruption","Cloak And Dagger","Acrobatics","After Image","Infinite Blades","Crow Ritual","Replay:Sssssssssshield","Replay:Sssssssssshield","Quick Slash","Tactician","ReplayTheSpireMod:IOU","ReplayTheSpireMod:IOU","Doppelganger","Prepared","PiercingWail"],"relics":["Ring of the Snake","hubris:MedicalManual","Ancient Tea Set","ReplayTheSpireMod:ShopPack","Replay:Wax Seal","Shovel","hubris:SlimyHat","hubris:TinFlute"],"acts_visited":["Exordium"],"potions_floor_usage":[13,16],"damage_taken":[{"damage":0,"enemies":"2 Louse","floor":1,"turns":3},{"damage":11,"enemies":"Lagavulin","floor":7,"turns":12},{"damage":6,"enemies":"Jaw Worm","floor":11,"turns":6},{"damage":6,"enemies":"Cultist","floor":13,"turns":5},{"damage":0,"enemies":"2 Fungi Beasts","floor":14,"turns":5},{"damage":55,"enemies":"Hexaghost","floor":16,"turns":16}],"seed_played":"-8191989854169254695","potions_obtained":[{"floor":13,"key":"Fruit Juice"},{"floor":14,"key":"Explosive Potion"}],"is_trial":false,"path_per_floor":["M","?","?","?","$","R","E","$","T","R","M","R","M","M","R","B"],"character_chosen":"THE_SILENT","items_purchased":["ReplayTheSpireMod:ShopPack","Quick Slash","Shovel"],"campfire_rested":3,"item_purchase_floors":[5,5,8],"current_hp_per_floor":[70,36,8,8,8,29,18,18,18,39,33,33,32,32,54,0,0],"gold":31,"neow_bonus":"ONE_RARE_RELIC","is_daily":false,"chose_seed":false,"campfire_upgraded":0,"win_rate":0.0,"timestamp":1608100102,"path_taken":["M","?","?","?","$","R","E","?","T","R","M","R","M","M","R","BOSS"],"items_purchased_type":["Relic","Card","Relic"],"build_version":"2020-12-13","purchased_purges":0,"victory":false,"max_hp_per_floor":[70,70,70,70,70,70,70,70,70,70,70,70,75,75,75,75,75],"card_choices":[{"not_picked":["Leg Sweep","Calculated Gamble"],"picked":"Outmaneuver","floor":1},{"not_picked":["PiercingWail","Calculated Gamble"],"picked":"Cloak And Dagger","floor":3},{"not_picked":["ReplayTheSpireMod:Exploit Weakness","Sucker Punch"],"picked":"Acrobatics","floor":3},{"not_picked":["Bouncing Flask","Calculated Gamble"],"picked":"After Image","floor":3},{"not_picked":["Chrysalis","Metamorphosis"],"picked":"Crow Ritual","floor":5},{"not_picked":["hubris:Ssssneak","ReplayTheSpireMod:Uncanny Aura"],"picked":"Replay:Sssssssssshield","floor":5},{"not_picked":["ReplayTheSpireMod:Private Reserves","Transmutation"],"picked":"Replay:Sssssssssshield","floor":5},{"not_picked":["Endless Agony","Prepared"],"picked":"Tactician","floor":7},{"not_picked":["Deflect","Quick Slash"],"picked":"Doppelganger","floor":11},{"not_picked":["Deadly Poison","Backflip"],"picked":"Prepared","floor":13},{"not_picked":["Dash","Cloak And Dagger"],"picked":"PiercingWail","floor":14}],"player_experience":251742,"relics_obtained":[{"floor":7,"key":"Replay:Wax Seal"},{"floor":9,"key":"hubris:SlimyHat"},{"floor":12,"key":"hubris:TinFlute"}],"event_choices":[],"is_beta":false,"boss_relics":[],"items_purged_floors":[],"is_endless":false,"potions_floor_spawned":[13,14],"killed_by":"Hexaghost","ascension_level":0}}