{"host":"88n6zaadp7apuxho","time":1608143963,"event":{"mods":["AchievementEnabler","BaseMod","CapriCore","Colored Map","Friendly Minions","KomeijiMod","Minty Spire (QoL Compilation)","StSLib","The Immortal"],"gold_per_floor":[115,115,115,115,129,159,159,159,159,169,44,64,80,107,107,202,202,221,240,254,272,272,272,298,298,298,325,339,351,351,379,379,480,480,492,510,186,186,198,198,232,107,407,462,476,503,521,531,531,531,531,531,77,105,105],"floor_reached":56,"playtime":3031,"items_purged":["Strike_G","Defend_G+1","Strike_G+1","Defend_G+1"],"score":1890,"play_id":"596cfa6b-b0f5-4c74-b450-7c4f521647eb","local_time":"20201217033923","is_ascension_mode":true,"campfire_choices":[{"data":"Neutralize","floor":7,"key":"SMITH"},{"data":"Accuracy","floor":15,"key":"SMITH"},{"data":"A Thousand Cuts","floor":23,"key":"SMITH"},{"data":"Blade Dance","floor":25,"key":"SMITH"},{"data":"Cloak And Dagger","floor":32,"key":"SMITH"},{"data":"Acrobatics","floor":40,"key":"SMITH"},{"floor":49,"key":"RECALL"},{"data":"Survivor","floor":52,"key":"SMITH"}],"circlet_count":0,"master_deck":["Strike_G+1","Strike_G+1","Strike_G+1","Defend_G+1","Defend_G+1","Defend_G+1","Survivor+1","Neutralize+1","Blur","Acrobatics+1","Accuracy+1","Blade Dance+1","PiercingWail+1","Cloak And Dagger+1","A Thousand Cuts+1","Backflip","Blur+1","Ghostly","Ghostly+1","Ghostly","Ghostly","Ghostly","After Image","Backflip+1","Distraction+1","Cloak And Dagger+1","Terror+1","Secret Technique+1","Madness+1","Madness+1","Blade Dance+1","Burst+1","Accuracy+1","Tactician+1"],"relics":["Ring of the Snake","NeowsBlessing","Potion Belt","Bird Faced Urn","PreservedInsect","Philosopher\u0027s Stone","Pear","White Beast Statue","Toxic Egg 2","Question Card","WristBlade","Letter Opener","Old Coin","The Specimen","War Paint","Bag of Preparation","ClockworkSouvenir","Orichalcum"],"acts_visited":["Exordium","TheCity","TheBeyond","TheEnding"],"potions_floor_usage":[20,33,35,35,41,55,55,55,55],"damage_taken":[{"damage":0,"enemies":"Jaw Worm","floor":1,"turns":1},{"damage":0,"enemies":"2 Louse","floor":5,"turns":1},{"damage":0,"enemies":"3 Sentries","floor":6,"turns":2},{"damage":0,"enemies":"Cultist","floor":10,"turns":4},{"damage":3,"enemies":"Looter","floor":12,"turns":3},{"damage":4,"enemies":"3 Louse","floor":13,"turns":4},{"damage":10,"enemies":"Lagavulin","floor":14,"turns":6},{"damage":5,"enemies":"The Guardian","floor":16,"turns":15},{"damage":14,"enemies":"Spheric Guardian","floor":18,"turns":5},{"damage":6,"enemies":"Shell Parasite","floor":19,"turns":7},{"damage":24,"enemies":"Cultist and Chosen","floor":20,"turns":7},{"damage":12,"enemies":"Chosen and Byrds","floor":21,"turns":8},{"damage":14,"enemies":"Book of Stabbing","floor":24,"turns":8},{"damage":3,"enemies":"Slavers","floor":27,"turns":8},{"damage":6,"enemies":"Sentry and Sphere","floor":28,"turns":6},{"damage":1,"enemies":"Centurion and Healer","floor":29,"turns":7},{"damage":0,"enemies":"Book of Stabbing","floor":31,"turns":7},{"damage":3,"enemies":"Collector","floor":33,"turns":11},{"damage":0,"enemies":"3 Darklings","floor":35,"turns":6},{"damage":0,"enemies":"3 Shapes","floor":36,"turns":6},{"damage":0,"enemies":"Writhing Mass","floor":39,"turns":8},{"damage":0,"enemies":"Reptomancer","floor":41,"turns":6},{"damage":2,"enemies":"2 Orb Walkers","floor":44,"turns":5},{"damage":0,"enemies":"Jaw Worm Horde","floor":45,"turns":5},{"damage":0,"enemies":"Giant Head","floor":46,"turns":7},{"damage":0,"enemies":"Maw","floor":47,"turns":5},{"damage":0,"enemies":"3 Darklings","floor":48,"turns":1},{"damage":4,"enemies":"Awakened One","floor":50,"turns":9},{"damage":0,"enemies":"Shield and Spear","floor":54,"turns":5},{"damage":10,"enemies":"The Heart","floor":55,"turns":8}],"seed_played":"6966038182224051074","potions_obtained":[{"floor":1,"key":"LiquidMemories"},{"floor":10,"key":"DuplicationPotion"},{"floor":13,"key":"DistilledChaos"},{"floor":20,"key":"BlessingOfTheForge"},{"floor":24,"key":"Energy Potion"},{"floor":27,"key":"Poison Potion"},{"floor":28,"key":"AttackPotion"},{"floor":31,"key":"Swift Potion"},{"floor":33,"key":"PowerPotion"},{"floor":35,"key":"FearPotion"},{"floor":36,"key":"DistilledChaos"},{"floor":39,"key":"Explosive Potion"},{"floor":41,"key":"AttackPotion"},{"floor":44,"key":"FairyPotion"}],"is_trial":false,"path_per_floor":["M","?","?","?","M","E","R","?","T","M","$","M","M","E","R","B",null,"M","M","M","M","?","R","E","R","T","E","M","M","?","E","R","B",null,"M","M","$","?","M","R","E","$","T","?","M","E","M","M","R","B",null,"R","$","E","B",null],"character_chosen":"THE_SILENT","items_purchased":["Blade Dance","Terror+1","Secret Technique+1","Bag of Preparation","ClockworkSouvenir"],"campfire_rested":0,"item_purchase_floors":[11,37,37,53,53],"current_hp_per_floor":[63,63,49,49,49,49,49,64,64,64,64,63,61,53,53,50,65,53,49,29,21,21,21,19,19,19,20,20,25,25,31,31,34,42,45,45,45,39,45,45,45,45,45,45,45,45,45,45,45,43,45,45,45,45,38],"gold":105,"neow_bonus":"THREE_ENEMY_KILL","is_daily":false,"chose_seed":false,"campfire_upgraded":7,"win_rate":0.0,"timestamp":1608143963,"path_taken":["M","?","?","?","?","E","R","?","T","M","$","M","M","E","R","BOSS","M","M","M","M","?","R","E","R","T","E","M","M","?","E","R","BOSS","M","M","$","?","M","R","E","$","T","?","M","E","M","M","R","BOSS","R","$","E","BOSS"],"items_purchased_type":["Card","Card","Card","Relic","Relic"],"build_version":"2020-11-30","purchased_purges":4,"victory":true,"max_hp_per_floor":[70,70,70,70,70,70,70,70,70,70,70,70,70,70,70,70,70,70,70,70,70,35,35,45,45,45,45,45,45,45,45,45,45,45,45,45,45,45,45,45,45,45,45,45,45,45,45,45,45,45,45,45,45,45,45],"card_choices":[{"not_picked":["Skewer","Sucker Punch"],"picked":"Blur","floor":1},{"not_picked":["Quick Slash","Caltrops"],"picked":"Acrobatics","floor":5},{"not_picked":["Endless Agony","Slice","Bullet Time"],"picked":"SKIP","floor":6},{"not_picked":["Blur","PiercingWail"],"picked":"Accuracy","floor":10},{"not_picked":["Predator","Deflect"],"picked":"PiercingWail","floor":12},{"not_picked":["Setup","Prepared"],"picked":"Cloak And Dagger","floor":13},{"not_picked":["Acrobatics","Flying Knee","Die Die Die"],"picked":"SKIP","floor":14},{"not_picked":["Phantasmal Killer","Bullet Time"],"picked":"A Thousand Cuts","floor":16},{"not_picked":["Acrobatics","Quick Slash"],"picked":"Backflip","floor":18},{"not_picked":["Underhanded Strike","Caltrops"],"picked":"Blur+1","floor":19},{"not_picked":["Dodge and Roll","Riddle With Holes+1","Reflex"],"picked":"SKIP","floor":20},{"not_picked":["Sucker Punch","Distraction","Quick Slash"],"picked":"SKIP","floor":21},{"not_picked":["Dash","Leg Sweep"],"picked":"After Image","floor":24},{"not_picked":["Slice","PiercingWail+1","Deadly Poison+1"],"picked":"SKIP","floor":27},{"not_picked":["Sucker Punch","Dagger Spray"],"picked":"Backflip+1","floor":28},{"not_picked":["Predator+1","Dodge and Roll+1"],"picked":"Distraction+1","floor":29},{"not_picked":["Leg Sweep+1","Bane+1"],"picked":"Cloak And Dagger+1","floor":31},{"not_picked":["Distraction+1","Backstab+1","Sucker Punch","Crippling Poison+1"],"picked":"SKIP","floor":35},{"not_picked":["Expertise+1","Skewer+1","Poisoned Stab+1","Predator+1"],"picked":"SKIP","floor":36},{"not_picked":["Flying Knee","Deflect+1","Crippling Poison+1","Poisoned Stab+1"],"picked":"SKIP","floor":39},{"not_picked":["Deadly Poison+1","Predator","Riddle With Holes+1","Blur+1"],"picked":"SKIP","floor":41},{"not_picked":["Acrobatics+1","Underhanded Strike","Dagger Throw+1"],"picked":"Blade Dance+1","floor":44},{"not_picked":["Flying Knee","Dodge and Roll+1","Predator+1"],"picked":"Burst+1","floor":45},{"not_picked":["Bane","Calculated Gamble+1","Deadly Poison+1"],"picked":"Accuracy+1","floor":46},{"not_picked":["Skewer","Cloak And Dagger+1","Sucker Punch","Blade Dance+1"],"picked":"SKIP","floor":47},{"not_picked":["PiercingWail+1","Cloak And Dagger+1","Deflect+1","Flying Knee"],"picked":"SKIP","floor":48},{"not_picked":["Cloak And Dagger+1","Backflip+1","Distraction+1"],"picked":"Tactician+1","floor":54}],"player_experience":486712,"relics_obtained":[{"floor":6,"key":"Bird Faced Urn"},{"floor":14,"key":"PreservedInsect"},{"floor":24,"key":"Pear"},{"floor":26,"key":"White Beast Statue"},{"floor":27,"key":"Toxic Egg 2"},{"floor":31,"key":"Question Card"},{"floor":41,"key":"Letter Opener"},{"floor":43,"key":"Old Coin"},{"floor":44,"key":"The Specimen"},{"floor":46,"key":"War Paint"},{"floor":54,"key":"Orichalcum"}],"event_choices":[{"damage_healed":0,"gold_gain":0,"player_choice":"Ignored","damage_taken":0,"max_hp_gain":0,"max_hp_loss":0,"event_name":"Liars Game","floor":2,"gold_loss":0},{"damage_healed":0,"gold_gain":0,"player_choice":"Entered Light","damage_taken":14,"max_hp_gain":0,"max_hp_loss":0,"event_name":"Shining Light","floor":3,"gold_loss":0,"cards_upgraded":["Strike_G","Defend_G"]},{"damage_healed":0,"gold_gain":0,"player_choice":"Gave Potion","damage_taken":0,"relics_obtained":["Potion Belt"],"max_hp_gain":0,"max_hp_loss":0,"event_name":"WeMeetAgain","floor":4,"gold_loss":0},{"damage_healed":0,"gold_gain":0,"player_choice":"Became a Ghost","damage_taken":0,"max_hp_gain":0,"max_hp_loss":35,"event_name":"Ghosts","floor":22,"gold_loss":0,"cards_obtained":["Ghostly","Ghostly","Ghostly","Ghostly","Ghostly"]},{"damage_healed":0,"gold_gain":0,"player_choice":"Simplicity","damage_taken":0,"max_hp_gain":0,"max_hp_loss":0,"event_name":"Back to Basics","floor":30,"gold_loss":0,"cards_upgraded":["Strike_G","Strike_G","Strike_G","Defend_G","Defend_G","Defend_G","Defend_G"]},{"damage_healed":0,"gold_gain":0,"player_choice":"Embrace Madness","damage_taken":6,"max_hp_gain":0,"max_hp_loss":0,"event_name":"Winding Halls","floor":38,"gold_loss":0,"cards_obtained":["Madness","Madness"]},{"damage_healed":0,"gold_gain":0,"player_choice":"Fight","damage_taken":0,"max_hp_gain":0,"max_hp_loss":0,"event_name":"Mysterious Sphere","floor":44,"gold_loss":0}],"is_beta":false,"boss_relics":[{"not_picked":["SacredBark","SlaversCollar"],"picked":"Philosopher\u0027s Stone"},{"not_picked":["Coffee Dripper","HoveringKite"],"picked":"WristBlade"}],"items_purged_floors":[11,37,42,53],"is_endless":false,"potions_floor_spawned":[1,10,13,20,24,27,28,29,31,33,35,36,39,41,44,45,46,47,48,54],"ascension_level":9}}