{"host":"Charlie","time":1608086537,"event":{"mods":["Aspiration","BaseMod","Better Skull","Better Third Choice","BetterRewards","ChefMod","Colored Map","Colored Powertips","Conspire","Downfall","Ekko","Friendly Minions","Halation","Hermit","Hubris","Infinite Spire","Luminous","Minty Spire (QoL Compilation)","Quick Restart","Rare Cards Sparkle","Relic Stats","Robot Space Explorer","Shade Mod","StSLib","SuperFastMode","Synergy Search","The Animator","The Blue Laboratory","The Cursed","The Factory","The Gatherer","The Jungle","The Necromancer","Unceasing Turn Reminder","vexMod"],"gold_per_floor":[113,130,54,54,54,54,82,82,107,119,119,135,154,154,154,256,256,271,271,294,209,219,247,266,298,343,343,343],"floor_reached":27,"playtime":1503,"items_purged":[],"score":326,"play_id":"7f55253a-a856-4670-a70a-16e9445288ac","local_time":"20201215184217","is_ascension_mode":false,"campfire_choices":[{"data":"RobotSpaceExplorer:StarDust","floor":6,"key":"SMITH"},{"data":"RobotSpaceExplorer:LaserBurst","floor":15,"key":"SMITH"}],"circlet_count":0,"master_deck":["RobotSpaceExplorer:Strike","RobotSpaceExplorer:Strike","RobotSpaceExplorer:Strike","RobotSpaceExplorer:Defend","RobotSpaceExplorer:Defend","RobotSpaceExplorer:Scan","RobotSpaceExplorer:MiniLasers","RobotSpaceExplorer:StarDust+1","RobotSpaceExplorer:LaserBurst+1","RobotSpaceExplorer:Fix","Endless Agony","Backflip","RobotSpaceExplorer:Calculate","RobotSpaceExplorer:Comet","Necronomicurse","RobotSpaceExplorer:RigExplosive"],"relics":["RobotSpaceExplorer:RoboCore","NeowsBlessing","GremlinMask","vexMod:BarristanHead","Oddly Smooth Stone","hubris:ScarierMask","Necronomicon","RobotSpaceExplorer:ClockworkSextant","Blood Vial","aspiration:StickyExplosives_weak","Pocketwatch","Happy Flower"],"acts_visited":["Exordium","TheCity"],"potions_floor_usage":[16,16,24,25,25,25,27,27],"damage_taken":[{"damage":0,"enemies":"Jaw Worm","floor":1,"turns":1},{"damage":0,"enemies":"Cultist","floor":2,"turns":1},{"damage":0,"enemies":"Lagavulin","floor":7,"turns":1},{"damage":0,"enemies":"Small Slimes","floor":10,"turns":4},{"damage":1,"enemies":"Blue Slaver","floor":12,"turns":5},{"damage":0,"enemies":"Large Slime","floor":13,"turns":6},{"damage":0,"enemies":"The Guardian","floor":16,"turns":9},{"damage":10,"enemies":"2 Thieves","floor":18,"turns":3},{"damage":0,"enemies":"3 Byrds","floor":22,"turns":3},{"damage":23,"enemies":"conspire:Head Lice","floor":23,"turns":6},{"damage":26,"enemies":"Shelled Parasite and Fungi","floor":24,"turns":4},{"damage":12,"enemies":"conspire:SneckoGhost","floor":25,"turns":5},{"damage":14,"enemies":"Snake Plant","floor":27,"turns":3}],"seed_played":"5702132098911026265","potions_obtained":[{"floor":1,"key":"Block Potion"},{"floor":2,"key":"blueLaboratory:FrostheartPotion"},{"floor":10,"key":"Swift Potion"},{"floor":23,"key":"blueLaboratory:AbyssPotion"},{"floor":24,"key":"blueLaboratory:BottleOfVodka"},{"floor":25,"key":"champ:CounterPotion"}],"is_trial":false,"path_per_floor":["M","M","$","?","$","R","E","?","T","M","?","M","M","$","R","B",null,"M","?","T","?","M","E","M","E","T","M"],"character_chosen":"RobotSpaceExplorer","items_purchased":["RobotSpaceExplorer:LaserBurst"],"campfire_rested":0,"item_purchase_floors":[3],"current_hp_per_floor":[75,75,75,75,75,75,75,75,75,75,75,75,75,75,75,75,75,65,49,49,49,51,30,10,4,4,0,0],"gold":343,"neow_bonus":"THREE_ENEMY_KILL","is_daily":false,"chose_seed":false,"campfire_upgraded":2,"win_rate":0.0,"timestamp":1608086537,"path_taken":["M","M","$","?","?","R","E","?","T","M","?","M","M","?","R","BOSS","M","?","?","?","M","E","M","E","T","M"],"items_purchased_type":["Card"],"build_version":"2020-12-07","purchased_purges":0,"victory":false,"max_hp_per_floor":[75,75,75,75,75,75,75,75,75,75,75,75,75,75,75,75,75,75,75,75,75,75,75,75,75,75,75,75],"relic_stats":{"Blood Vial":10,"Happy Flower":[1],"counters":[13,51],"Necronomicon":[5],"obtain_stats":[{"RobotSpaceExplorer:ClockworkSextant":20,"Blood Vial":21,"vexMod:BarristanHead":7,"NeowsBlessing":0,"Happy Flower":26,"Oddly Smooth Stone":9,"hubris:ScarierMask":17,"RobotSpaceExplorer:RoboCore":0,"GremlinMask":4,"Necronomicon":19,"aspiration:StickyExplosives_weak":23,"Pocketwatch":25},{"RobotSpaceExplorer:ClockworkSextant":8,"Blood Vial":8,"vexMod:BarristanHead":3,"NeowsBlessing":0,"Happy Flower":12,"Oddly Smooth Stone":3,"hubris:ScarierMask":7,"RobotSpaceExplorer:RoboCore":0,"GremlinMask":2,"Necronomicon":8,"aspiration:StickyExplosives_weak":10,"Pocketwatch":12},{"RobotSpaceExplorer:ClockworkSextant":30,"Blood Vial":30,"vexMod:BarristanHead":3,"NeowsBlessing":0,"Happy Flower":48,"Oddly Smooth Stone":3,"hubris:ScarierMask":27,"RobotSpaceExplorer:RoboCore":0,"GremlinMask":2,"Necronomicon":30,"aspiration:StickyExplosives_weak":39,"Pocketwatch":48}],"Pocketwatch":[3]},"card_choices":[{"not_picked":["RobotSpaceExplorer:StunGrenade","RobotSpaceExplorer:SurgingShield","RobotSpaceExplorer:MetalStrike"],"picked":"SKIP","floor":1},{"not_picked":["RobotSpaceExplorer:Pulsar","RobotSpaceExplorer:SwiftStep"],"picked":"RobotSpaceExplorer:StarDust","floor":2},{"not_picked":["RobotSpaceExplorer:FrostMissile","RobotSpaceExplorer:Pulsar"],"picked":"RobotSpaceExplorer:Fix","floor":7},{"not_picked":["RobotSpaceExplorer:Probe","RobotSpaceExplorer:ImprovisedAttack"],"picked":"RobotSpaceExplorer:Calculate","floor":10},{"not_picked":["RobotSpaceExplorer:DoubleBlock","RobotSpaceExplorer:GlueSpray","RobotSpaceExplorer:ImprovisedAttack"],"picked":"SKIP","floor":12},{"not_picked":["RobotSpaceExplorer:ScrapMissile","RobotSpaceExplorer:BigMissile","RobotSpaceExplorer:MakeshiftVolley"],"picked":"SKIP","floor":13},{"not_picked":["RobotSpaceExplorer:Asteroid","RobotSpaceExplorer:TrailblazerForm"],"picked":"RobotSpaceExplorer:Comet","floor":16},{"not_picked":["RobotSpaceExplorer:ExhaustFan","RobotSpaceExplorer:Discharger","RobotSpaceExplorer:SwiftStep+1"],"picked":"SKIP","floor":18},{"not_picked":["RobotSpaceExplorer:PowerCollector","RobotSpaceExplorer:SelfCleaning","RobotSpaceExplorer:StunGrenade"],"picked":"SKIP","floor":22},{"not_picked":["RobotSpaceExplorer:SurgingStrike","RobotSpaceExplorer:MetalStrike"],"picked":"RobotSpaceExplorer:RigExplosive","floor":23},{"not_picked":["RobotSpaceExplorer:SwiftStep","RobotSpaceExplorer:ScrapToss","RobotSpaceExplorer:FranticSearch+1"],"picked":"SKIP","floor":24},{"not_picked":["RobotSpaceExplorer:Ammunition","RobotSpaceExplorer:ScrapToss","RobotSpaceExplorer:RigExplosive"],"picked":"SKIP","floor":25}],"player_experience":420423,"relics_obtained":[{"floor":7,"key":"vexMod:BarristanHead"},{"floor":9,"key":"Oddly Smooth Stone"},{"floor":19,"key":"Necronomicon"},{"floor":20,"key":"RobotSpaceExplorer:ClockworkSextant"},{"floor":23,"key":"aspiration:StickyExplosives_weak"},{"floor":25,"key":"Pocketwatch"},{"floor":26,"key":"Happy Flower"}],"event_choices":[{"damage_healed":0,"gold_gain":0,"player_choice":"Trade","damage_taken":0,"relics_obtained":["GremlinMask"],"max_hp_gain":0,"max_hp_loss":0,"event_name":"FaceTrader","floor":4,"gold_loss":0},{"cards_removed":["hubris:Sniper"],"damage_healed":0,"gold_gain":0,"player_choice":"Forget","damage_taken":0,"max_hp_gain":0,"max_hp_loss":0,"event_name":"Living Wall","floor":11,"gold_loss":0},{"damage_healed":0,"gold_gain":0,"player_choice":"Obtained Book","damage_taken":16,"max_hp_gain":0,"max_hp_loss":0,"event_name":"Cursed Tome","floor":19,"gold_loss":0},{"damage_healed":0,"gold_gain":0,"player_choice":"Obtained Relic","damage_taken":0,"relics_obtained":["Blood Vial"],"max_hp_gain":0,"max_hp_loss":0,"event_name":"Addict","floor":21,"gold_loss":85}],"is_beta":true,"boss_relics":[{"not_picked":["Cursed Key","hubris:VirtuousBlindfold"],"picked":"hubris:ScarierMask"}],"items_purged_floors":[],"is_endless":false,"potions_floor_spawned":[1,2,10,23,24,25],"killed_by":"Snake Plant","ascension_level":0}}