{"host":"69rply1jf2d1wbmp","time":1608096830,"event":{"mods":["BaseMod","Minty Spire (QoL Compilation)","Quick Restart"],"gold_per_floor":[113,129,129,54,100,100,133,133,133,149,184,204,218,247,247,345,345,363,118,118,128,58,58,86,86,86,86,86,102,128,146,146,244,244,255,272,103,153,153,178,178,192,215,247,95,113,142,154,166,178],"floor_reached":51,"playtime":2307,"items_purged":["Strike_G","Defend_G"],"score":891,"play_id":"21dc9428-cf80-451b-b0b2-d34015dfe6e5","local_time":"20201216003350","is_ascension_mode":false,"campfire_choices":[{"data":"Predator","floor":6,"key":"SMITH"},{"data":"Neutralize","floor":8,"key":"SMITH"},{"floor":15,"key":"DIG"},{"floor":23,"key":"DIG"},{"floor":25,"key":"DIG"},{"floor":28,"key":"DIG"},{"floor":32,"key":"REST"},{"data":"Accuracy","floor":41,"key":"SMITH"},{"floor":49,"key":"REST"}],"circlet_count":0,"master_deck":["Strike_G","Strike_G","Strike_G","Defend_G","Defend_G","Defend_G","Survivor","Neutralize+1","Deflect","Predator+1","Backflip","Phantasmal Killer","Crippling Poison","Adrenaline","Envenom","Blade Dance+1","Blade Dance","Deflect","Terror","Deadly Poison","Noxious Fumes","PiercingWail","Noxious Fumes","Bane","Accuracy+1","Cloak And Dagger+1","Cloak And Dagger+1","Adrenaline"],"relics":["Ring of the Snake","Dream Catcher","Paper Crane","Singing Bowl","Shovel","Gremlin Horn","Kunai","HoveringKite","Orichalcum","Happy Flower","Eternal Feather","Vajra","Pantograph","Oddly Smooth Stone","Ornamental Fan","Black Star","TwistedFunnel","Peace Pipe","Blood Vial","White Beast Statue","MealTicket","Sundial","Letter Opener","Ancient Tea Set","MawBank","Meat on the Bone"],"acts_visited":["Exordium","TheCity","TheBeyond"],"potions_floor_usage":[7,11,11,14,14,16,40,50,50,50],"damage_taken":[{"damage":0,"enemies":"Jaw Worm","floor":1,"turns":3},{"damage":0,"enemies":"Cultist","floor":2,"turns":5},{"damage":11,"enemies":"Gremlin Nob","floor":7,"turns":4},{"damage":0,"enemies":"2 Louse","floor":10,"turns":2},{"damage":0,"enemies":"3 Sentries","floor":11,"turns":7},{"damage":3,"enemies":"Lots of Slimes","floor":12,"turns":6},{"damage":8,"enemies":"Red Slaver","floor":13,"turns":6},{"damage":2,"enemies":"Lagavulin","floor":14,"turns":5},{"damage":42,"enemies":"Hexaghost","floor":16,"turns":16},{"damage":0,"enemies":"Chosen","floor":18,"turns":5},{"damage":14,"enemies":"Spheric Guardian","floor":21,"turns":4},{"damage":1,"enemies":"Gremlin Leader","floor":24,"turns":5},{"damage":2,"enemies":"Shelled Parasite and Fungi","floor":29,"turns":4},{"damage":26,"enemies":"Slavers","floor":30,"turns":5},{"damage":21,"enemies":"Chosen and Byrds","floor":31,"turns":5},{"damage":24,"enemies":"Collector","floor":33,"turns":8},{"damage":3,"enemies":"Orb Walker","floor":35,"turns":3},{"damage":6,"enemies":"3 Darklings","floor":36,"turns":6},{"damage":0,"enemies":"Mind Bloom Boss Battle","floor":38,"turns":6},{"damage":22,"enemies":"Reptomancer","floor":40,"turns":5},{"damage":15,"enemies":"Jaw Worm Horde","floor":42,"turns":4},{"damage":19,"enemies":"Giant Head","floor":44,"turns":8},{"damage":24,"enemies":"Transient","floor":46,"turns":5},{"damage":10,"enemies":"Reptomancer","floor":47,"turns":6},{"damage":78,"enemies":"Time Eater","floor":50,"turns":10}],"seed_played":"-4890398216091544938","potions_obtained":[{"floor":3,"key":"Explosive Potion"},{"floor":3,"key":"Block Potion"},{"floor":3,"key":"BlessingOfTheForge"},{"floor":7,"key":"EssenceOfSteel"},{"floor":12,"key":"ColorlessPotion"},{"floor":13,"key":"Fire Potion"},{"floor":16,"key":"Ancient Potion"},{"floor":21,"key":"SteroidPotion"},{"floor":29,"key":"Regen Potion"},{"floor":36,"key":"CunningPotion"},{"floor":42,"key":"SpeedPotion"},{"floor":44,"key":"Dexterity Potion"},{"floor":47,"key":"LiquidBronze"}],"is_trial":false,"path_per_floor":["M","M","?","$","T","R","E","R","T","M","E","M","M","E","R","B",null,"M","$","?","M","$","R","E","R","T","?","R","M","E","M","R","B",null,"M","M","$","?","?","E","R","M","T","E","$","M","E","?","R","B",null],"character_chosen":"THE_SILENT","items_purchased":["Orichalcum","Terror","TwistedFunnel","Bane","Ancient Tea Set"],"campfire_rested":2,"item_purchase_floors":[19,22,37,37,45],"current_hp_per_floor":[77,77,77,77,77,77,66,66,66,66,66,65,57,55,55,13,79,79,79,79,65,65,65,66,78,78,78,81,81,55,34,70,61,85,84,80,80,89,85,63,78,67,67,52,67,45,37,37,80,25],"gold":190,"neow_bonus":"TEN_PERCENT_HP_BONUS","is_daily":false,"chose_seed":false,"campfire_upgraded":3,"win_rate":0.0,"timestamp":1608096830,"path_taken":["M","M","?","$","?","R","E","R","T","M","E","M","M","E","R","BOSS","M","$","?","M","$","R","E","R","T","?","R","M","E","M","R","BOSS","M","?","$","?","?","E","R","M","T","E","$","M","E","?","R","BOSS"],"items_purchased_type":["Relic","Card","Relic","Card","Relic"],"build_version":"2020-12-13","purchased_purges":2,"victory":true,"max_hp_per_floor":[77,77,77,77,77,77,77,77,77,77,77,79,79,79,79,79,79,79,79,79,79,79,79,81,81,81,81,81,83,83,83,83,85,85,87,89,89,89,85,85,85,87,87,89,89,89,89,89,91,91],"card_choices":[{"not_picked":["Flying Knee","Distraction"],"picked":"Deflect","floor":1},{"not_picked":["Expertise","Prepared"],"picked":"Predator","floor":2},{"not_picked":["Phantasmal Killer","Expertise","Flying Knee"],"picked":"SKIP","floor":7},{"not_picked":["Blur","Underhanded Strike"],"picked":"Backflip","floor":10},{"not_picked":["Skewer","Caltrops"],"picked":"Phantasmal Killer","floor":11},{"not_picked":["Quick Slash","Outmaneuver","Choke"],"picked":"Singing Bowl","floor":12},{"not_picked":["Dagger Throw","Underhanded Strike"],"picked":"Crippling Poison","floor":13},{"not_picked":["Flying Knee","PiercingWail"],"picked":"Adrenaline","floor":14},{"not_picked":["A Thousand Cuts","Die Die Die"],"picked":"Envenom","floor":16},{"not_picked":["Bouncing Flask","Heel Hook"],"picked":"Blade Dance+1","floor":18},{"not_picked":["Heel Hook","Outmaneuver"],"picked":"Deflect","floor":21},{"not_picked":["Quick Slash","Catalyst","Outmaneuver+1"],"picked":"Singing Bowl","floor":24},{"not_picked":["Blur","Concentrate","Sucker Punch"],"picked":"Singing Bowl","floor":29},{"not_picked":["Blade Dance+1","Bane+1"],"picked":"Noxious Fumes","floor":30},{"not_picked":["Poisoned Stab","Deadly Poison+1"],"picked":"PiercingWail","floor":31},{"not_picked":["Terror","Storm of Steel"],"picked":"Noxious Fumes","floor":32},{"not_picked":["Burst","Unload","Envenom"],"picked":"Singing Bowl","floor":33},{"not_picked":["Deadly Poison+1","Calculated Gamble","Dash+1"],"picked":"Singing Bowl","floor":35},{"not_picked":["Masterful Stab+1","Dagger Spray","Deadly Poison"],"picked":"Singing Bowl","floor":36},{"not_picked":["Poisoned Stab+1","Bouncing Flask"],"picked":"Accuracy","floor":38},{"not_picked":["Envenom","Deflect"],"picked":"Cloak And Dagger+1","floor":40},{"not_picked":["Skewer+1","Slice+1","Escape Plan+1"],"picked":"Singing Bowl","floor":42},{"not_picked":["Dash","Deadly Poison+1","Outmaneuver"],"picked":"Singing Bowl","floor":44},{"not_picked":["Prepared","Sucker Punch"],"picked":"Cloak And Dagger+1","floor":46},{"not_picked":["Crippling Poison+1","Prepared+1"],"picked":"Adrenaline","floor":47},{"not_picked":["Calculated Gamble+1","Dodge and Roll","Prepared"],"picked":"Singing Bowl","floor":49}],"player_experience":343038,"relics_obtained":[{"floor":5,"key":"Dream Catcher"},{"floor":7,"key":"Paper Crane"},{"floor":9,"key":"Singing Bowl"},{"floor":11,"key":"Shovel"},{"floor":14,"key":"Gremlin Horn"},{"floor":15,"key":"Kunai"},{"floor":23,"key":"Happy Flower"},{"floor":24,"key":"Eternal Feather"},{"floor":25,"key":"Vajra"},{"floor":26,"key":"Pantograph"},{"floor":28,"key":"Oddly Smooth Stone"},{"floor":30,"key":"Ornamental Fan"},{"floor":38,"key":"Peace Pipe"},{"floor":40,"key":"Blood Vial"},{"floor":40,"key":"White Beast Statue"},{"floor":43,"key":"MealTicket"},{"floor":44,"key":"Sundial"},{"floor":44,"key":"Letter Opener"},{"floor":47,"key":"MawBank"},{"floor":47,"key":"Meat on the Bone"}],"event_choices":[{"damage_healed":0,"gold_gain":0,"player_choice":"Got Potions","damage_taken":0,"max_hp_gain":0,"max_hp_loss":0,"event_name":"Lab","floor":3,"gold_loss":0},{"damage_healed":0,"gold_gain":0,"player_choice":"Read","damage_taken":0,"max_hp_gain":0,"max_hp_loss":0,"event_name":"The Library","floor":20,"gold_loss":0,"cards_obtained":["Blade Dance"]},{"damage_healed":0,"gold_gain":0,"cards_transformed":["Defend_G"],"player_choice":"Transformed","damage_taken":0,"max_hp_gain":0,"max_hp_loss":0,"event_name":"Transmorgrifier","floor":27,"gold_loss":0,"cards_obtained":["Deadly Poison"]},{"damage_healed":0,"gold_gain":0,"player_choice":"Fight","damage_taken":0,"max_hp_gain":0,"max_hp_loss":0,"event_name":"MindBloom","floor":38,"gold_loss":0},{"damage_healed":0,"gold_gain":0,"player_choice":"Max HP","damage_taken":0,"max_hp_gain":0,"max_hp_loss":4,"event_name":"Winding Halls","floor":39,"gold_loss":0},{"cards_removed":["Strike_G"],"damage_healed":0,"gold_gain":0,"player_choice":"Removed Attack","damage_taken":0,"max_hp_gain":0,"max_hp_loss":0,"event_name":"Falling","floor":48,"gold_loss":0}],"is_beta":false,"boss_relics":[{"not_picked":["Runic Pyramid","Velvet Choker"],"picked":"HoveringKite"},{"not_picked":["SacredBark","Ring of the Serpent"],"picked":"Black Star"}],"items_purged_floors":[4,19],"is_endless":false,"potions_floor_spawned":[7,12,13,16,21,29,33,36,42,44,46,47],"ascension_level":0}}