{"host":"dh4nu8nelr2izibb","time":1608088991,"event":{"mods":["Act Like it!","BaseMod","Better Third Choice","Card Forge","Displayed Cursed Tome","HololiveMod","Marisa????????","Minty Spire (QoL Compilation)","Puzzle Mod","Quick Restart","Relic Filter","StSLib","The Poker Player","The Servant 0.9.4","WarShipGirlsR/????R mod","???????????mod"],"gold_per_floor":[119,65,75,75,93,93,106,106,106,106,121,154,154,193,193,289,289,313,334,384,402,10,46,67,67,93,93,93,118,152,178,190,297,309,336,348,380,410,341,341,361,361,388,424,424,424,424],"floor_reached":46,"playtime":1769,"items_purged":["Clumsy"],"score":1050,"play_id":"c997fb2b-cc65-46f8-9649-0a676e6c7f87","local_time":"20201215222311","is_ascension_mode":true,"campfire_choices":[{"data":"Sucker Punch","floor":6.0,"key":"SMITH"},{"floor":8.0,"key":"REST"},{"data":"Malaise","floor":13.0,"key":"SMITH"},{"floor":15.0,"key":"REST"},{"floor":25.0,"key":"REST"},{"floor":27.0,"key":"REST"},{"data":"Noxious Fumes","floor":32.0,"key":"SMITH"},{"floor":40,"key":"REST"},{"floor":45,"key":"REST"}],"circlet_count":0,"master_deck":["AscendersBane","Defend_G","Defend_G","Defend_G","Survivor","Neutralize+1","Adrenaline+1","Dagger Spray+1","Dagger Throw","Quick Slash","Sucker Punch+1","Cloak And Dagger+1","Backflip","Malaise+1","Flying Knee+1","Adrenaline","Underhanded Strike+1","Underhanded Strike+1","Glass Knife+1","Acrobatics","Eviscerate+1","Blade Dance","All Out Attack","Reflex","Dagger Throw","Predator","Envenom+1","Noxious Fumes+1","Adrenaline","Tactician","Leg Sweep","Leg Sweep","Blur+1"],"relics":["Ring of the Snake","Hammer of Thor","Seething Fire","Anvil of the Gods","Question Card","Golden Idol","Matryoshka","CaptainsWheel","Astrolabe","Kunai","Nunchaku","Ninja Scroll","Bag of Preparation","MawBank","Pantograph","Bottled Lightning","Boot","Whetstone"],"acts_visited":["Exordium","TheCity","TheBeyond"],"potions_floor_usage":[],"damage_taken":[{"damage":7.0,"enemies":"Jaw Worm","floor":1.0,"turns":4.0},{"damage":2.0,"enemies":"Small Slimes","floor":3.0,"turns":3.0},{"damage":0.0,"enemies":"Cultist","floor":5.0,"turns":3.0},{"damage":1.0,"enemies":"Red Slaver","floor":7.0,"turns":3.0},{"damage":0.0,"enemies":"Lots of Slimes","floor":11.0,"turns":2.0},{"damage":7.0,"enemies":"3 Sentries","floor":12.0,"turns":5.0},{"damage":24.0,"enemies":"Lagavulin","floor":14.0,"turns":8.0},{"damage":26.0,"enemies":"Hexaghost","floor":16.0,"turns":14.0},{"damage":0.0,"enemies":"2 Thieves","floor":18.0,"turns":3.0},{"damage":0.0,"enemies":"Chosen","floor":19.0,"turns":3.0},{"damage":13.0,"enemies":"Snecko","floor":21.0,"turns":3.0},{"damage":16.0,"enemies":"Book of Stabbing","floor":23.0,"turns":6.0},{"damage":11.0,"enemies":"Centurion and Healer","floor":24.0,"turns":5.0},{"damage":7.0,"enemies":"Shelled Parasite and Fungi","floor":29.0,"turns":2.0},{"damage":0.0,"enemies":"Gremlin Leader","floor":30.0,"turns":3.0},{"damage":0.0,"enemies":"Sentry and Sphere","floor":31.0,"turns":2.0},{"damage":71.0,"enemies":"Collector","floor":33.0,"turns":10.0},{"damage":0.0,"enemies":"Orb Walker","floor":35.0,"turns":2.0},{"damage":25.0,"enemies":"3 Darklings","floor":37.0,"turns":5.0},{"damage":0.0,"enemies":"4 Shapes","floor":38.0,"turns":6.0},{"damage":0,"enemies":"Jaw Worm Horde","floor":41,"turns":4},{"damage":46,"enemies":"Nemesis","floor":44,"turns":5},{"damage":0,"enemies":"Writhing Mass","floor":46,"turns":2}],"seed_played":"-1033061087562117023","potions_obtained":[{"floor":3.0,"key":"Explosive Potion"},{"floor":7.0,"key":"ColorlessPotion"},{"floor":14.0,"key":"Strength Potion"},{"floor":19.0,"key":"ColorlessPotion"},{"floor":21.0,"key":"Swift Potion"},{"floor":29.0,"key":"Dexterity Potion"},{"floor":30.0,"key":"FairyPotion"}],"is_trial":false,"path_per_floor":["M","$","M","?","M","R","M","R","T","?","M","E","R","E","R","B",null,"M","M","?","M","$","E","M","R","T","R","?","M","E","M","R","B",null,"M","T","M","M","$","R","M","?","T","E","R","M"],"character_chosen":"THE_SILENT","items_purchased":["Dagger Throw","Kunai","All Out Attack","Leg Sweep"],"campfire_rested":6,"item_purchase_floors":[2,22,22,39],"current_hp_per_floor":[52,52,50,30,30,30,29,48,48,48,48,41,41,17,36,10,52,52,52,52,39,39,23,12,31,31,50,50,43,43,43,43,19,54,54,54,29,29,29,48,48,48,48,2,21,21,21],"gold":424,"neow_bonus":"THREE_RARE_CARDS","is_daily":false,"chose_seed":false,"campfire_upgraded":3,"win_rate":0.0,"timestamp":1608088991,"path_taken":["M","$","M","?","M","R","M","R","T","?","M","E","R","E","R","BOSS","M","M","?","M","$","E","M","R","T","R","?","?","E","M","R","BOSS","M","?","M","M","$","R","?","?","T","E","R","M"],"items_purchased_type":["Card","Relic","Card","Card"],"build_version":"2020-12-13","purchased_purges":1,"victory":false,"max_hp_per_floor":[66,66,66,66,66,66,66,66,66,66,66,66,66,66,66,66,66,66,66,66,66,66,66,66,66,66,66,66,66,66,66,66,66,66,66,66,66,66,66,66,66,66,66,66,66,66,66],"card_choices":[{"not_picked":["Night Terror","Die Die Die"],"picked":"Adrenaline","floor":0.0},{"not_picked":["Bane","Sucker Punch"],"picked":"Dagger Spray","floor":1.0},{"not_picked":["Underhanded Strike","Expertise"],"picked":"Quick Slash","floor":3.0},{"not_picked":["Dagger Spray","Dagger Throw"],"picked":"Sucker Punch","floor":5.0},{"not_picked":["Endless Agony","Accuracy"],"picked":"Cloak And Dagger","floor":7.0},{"not_picked":["Quick Slash","Deflect","Cloak And Dagger"],"picked":"Backflip","floor":11.0},{"not_picked":["Dodge and Roll","Bouncing Flask","Cloak And Dagger"],"picked":"Malaise","floor":12.0},{"not_picked":["Underhanded Strike","Setup","Deadly Poison"],"picked":"Flying Knee","floor":14.0},{"not_picked":["Wraith Form v2","Die Die Die","Corpse Explosion"],"picked":"Adrenaline","floor":16.0},{"not_picked":["Catalyst","Outmaneuver","Finisher"],"picked":"Acrobatics","floor":18.0},{"not_picked":["Bane","Finisher","Underhanded Strike+1"],"picked":"Eviscerate","floor":19.0},{"not_picked":["Concentrate","Sucker Punch","Finisher"],"picked":"Blade Dance","floor":21.0},{"not_picked":["All Out Attack","Noxious Fumes","Storm of Steel"],"picked":"Reflex","floor":23.0},{"not_picked":["Choke","PiercingWail","Finisher"],"picked":"Dagger Throw","floor":24.0},{"not_picked":["Blur+1","Heel Hook","Dodge and Roll"],"picked":"Predator","floor":29.0},{"not_picked":["Backflip+1","PiercingWail","Catalyst+1"],"picked":"Envenom","floor":30.0},{"not_picked":["Bane","Outmaneuver","Backflip"],"picked":"Noxious Fumes","floor":31.0},{"not_picked":["Corpse Explosion","Night Terror","Burst"],"picked":"Adrenaline","floor":33.0},{"not_picked":["Backflip","Slice+1","Accuracy"],"picked":"Tactician","floor":35.0},{"not_picked":["Poisoned Stab","Dodge and Roll","Calculated Gamble","Underhanded Strike+1"],"picked":"SKIP","floor":37.0},{"not_picked":["All Out Attack","Cloak And Dagger","Poisoned Stab"],"picked":"Leg Sweep","floor":38.0},{"not_picked":["Flying Knee","Bouncing Flask","Blade Dance","Burst"],"picked":"SKIP","floor":41},{"not_picked":["Slice","Infinite Blades","Dagger Spray"],"picked":"Blur+1","floor":44}],"player_experience":1102204,"relics_obtained":[{"floor":9.0,"key":"Question Card"},{"floor":12.0,"key":"Matryoshka"},{"floor":14.0,"key":"CaptainsWheel"},{"floor":23.0,"key":"Nunchaku"},{"floor":26.0,"key":"Ninja Scroll"},{"floor":26.0,"key":"Bag of Preparation"},{"floor":30.0,"key":"MawBank"},{"floor":36.0,"key":"Pantograph"},{"floor":36.0,"key":"Bottled Lightning"},{"floor":43,"key":"Boot"},{"floor":44,"key":"Whetstone"}],"event_choices":[{"damage_healed":50.0,"max_hp_gain":0.0,"max_hp_loss":66.0,"gold_gain":0.0,"event_name":"betterThird:BetterShining","player_choice":"Upgrade","floor":4.0,"gold_loss":0.0,"damage_taken":20.0,"cards_upgraded":["Dagger Spray","Neutralize"]},{"damage_healed":0.0,"max_hp_gain":0.0,"max_hp_loss":0.0,"gold_gain":0.0,"event_name":"Golden Idol","player_choice":"Take Wound","floor":10.0,"gold_loss":0.0,"damage_taken":0.0,"relics_obtained":["Golden Idol"],"cards_obtained":["Injury"]},{"damage_healed":0.0,"max_hp_gain":0.0,"max_hp_loss":0.0,"gold_gain":50.0,"event_name":"betterThird:BetterNest","player_choice":"Steal","floor":20.0,"gold_loss":0.0,"damage_taken":0.0},{"cards_removed":["Strike_G"],"damage_healed":0.0,"max_hp_gain":0.0,"max_hp_loss":0.0,"gold_gain":0.0,"event_name":"Purifier","player_choice":"Purged","floor":28.0,"gold_loss":0.0,"damage_taken":0.0}],"is_beta":false,"boss_relics":[{"not_picked":["WristBlade","Ectoplasm"],"picked":"Astrolabe"},{"not_picked":["Pandora\u0027s Box","Hololive_ChaosS","Hololive_TopUpMoneyS"]}],"items_purged_floors":[22],"is_endless":false,"potions_floor_spawned":[3,7,14,19,21,29,30],"killed_by":"Writhing Mass","ascension_level":20}}