{"host":"l8lkgdumzpe3823a","time":1608159835,"event":{"mods":["Aspiration","BaseMod","Better Note","Colored Powertips","Curses Come First","Custom Start","DeckTracker","Defuse TimeMaze Blight","Highlight Path","Hubris","Infinite Spire","Minty Spire (QoL Compilation)","Quick Restart","Replay The Spire","Shop Mod","StSLib","SuperFastMode","The Construct","The Dragon Tamer","vexMod"],"gold_per_floor":[116,66,66,66,79,105,105,118,145,176,176,64,82,32,32,32,32],"floor_reached":16,"playtime":340,"items_purged":["Injury"],"score":180,"play_id":"3f6a8999-ac25-4b47-bd7f-fb08794bf3ed","local_time":"20201216170355","is_ascension_mode":true,"campfire_choices":[{"data":"Dropkick","floor":7,"key":"SMITH"},{"data":"Bash","floor":15,"key":"SMITH"},{"data":"Limit Break","floor":15,"key":"SMITH"}],"circlet_count":0,"master_deck":["Strike_R","Strike_R","Strike_R","Strike_R","Defend_R","Defend_R","Defend_R","Defend_R","Bash+1","Dropkick+1","Reckless Charge+1","Twin Strike+1","Wild Strike+1","Limit Break+1","Pommel Strike+1"],"relics":["Burning Blood","NeowsBlessing","Molten Egg 2","Another Sword","hubris:SlimyHat","Replay:Arrowhead"],"acts_visited":["Exordium"],"potions_floor_usage":[10,10],"damage_taken":[{"damage":0,"enemies":"Small Slimes","floor":1,"turns":1},{"damage":0,"enemies":"2 Louse","floor":5,"turns":1},{"damage":0,"enemies":"Gremlin Nob","floor":6,"turns":1},{"damage":2,"enemies":"Jaw Worm","floor":8,"turns":2},{"damage":50,"enemies":"3 Sentries","floor":10,"turns":13},{"damage":17,"enemies":"Exordium Wildlife","floor":13,"turns":3},{"damage":25,"enemies":"Hexaghost","floor":16,"turns":4}],"seed_played":"-6757425654453883034","potions_obtained":[{"floor":1,"key":"ColorlessPotion"},{"floor":6,"key":"Energy Potion"}],"is_trial":false,"path_per_floor":["M","?","?","?","M","E","R","M","T","E","?","$","M","$","R","B"],"character_chosen":"IRONCLAD","items_purchased":["Wild Strike+1","Pommel Strike+1"],"campfire_rested":0,"item_purchase_floors":[12,14],"current_hp_per_floor":[78,78,78,78,80,80,80,80,80,36,36,36,25,25,25,0,0],"gold":32,"neow_bonus":"THREE_ENEMY_KILL","is_daily":false,"chose_seed":false,"campfire_upgraded":3,"win_rate":0.0,"timestamp":1608159835,"path_taken":["M","?","?","?","?","E","R","M","T","E","?","$","M","$","R","BOSS"],"items_purchased_type":["Card","Card"],"build_version":"2020-12-13","purchased_purges":1,"victory":false,"max_hp_per_floor":[80,80,80,80,80,80,80,80,80,80,80,80,80,80,80,80,80],"card_choices":[{"not_picked":["Armaments","Cleave"],"picked":"Dropkick","floor":1},{"not_picked":["Clash+1","Whirlwind+1"],"picked":"Reckless Charge+1","floor":5},{"not_picked":["Warcry","Bloodletting","Clothesline+1"],"picked":"SKIP","floor":6},{"not_picked":["Battle Trance","Anger+1","Combust"],"picked":"SKIP","floor":8},{"not_picked":["ReplayReversal","Inflame"],"picked":"Twin Strike+1","floor":10},{"not_picked":["Uppercut+1","ReplayTheSpireMod:Corrosion Curse"],"picked":"Limit Break","floor":13}],"player_experience":562468,"relics_obtained":[{"floor":6,"key":"Another Sword"},{"floor":9,"key":"hubris:SlimyHat"},{"floor":10,"key":"Replay:Arrowhead"}],"event_choices":[{"cards_removed":["Strike_R"],"damage_healed":0,"gold_gain":0,"player_choice":"Card Removal","damage_taken":0,"max_hp_gain":0,"max_hp_loss":0,"event_name":"The Cleric","floor":2,"gold_loss":50},{"damage_healed":0,"gold_gain":0,"player_choice":"Ignored","damage_taken":0,"max_hp_gain":0,"max_hp_loss":0,"event_name":"Liars Game","floor":3,"gold_loss":0},{"damage_healed":0,"gold_gain":0,"player_choice":"0 cards matched","damage_taken":0,"max_hp_gain":0,"max_hp_loss":0,"event_name":"Match and Keep!","floor":11,"gold_loss":0,"cards_obtained":[]}],"is_beta":false,"boss_relics":[],"items_purged_floors":[12],"is_endless":false,"potions_floor_spawned":[1,6],"killed_by":"Hexaghost","ascension_level":7}}