{"host":"2d0rd30cigwncx1y","time":1608130194,"event":{"mods":["BaseMod","Colored Map","Colored Powertips","Downfall","MarisaÅiñ∂âJÅ@ñÇóùçπÅj","Minty Spire (QoL Compilation)","Replay The Spire","StSLib","The Alterego","The Servant 0.9.4"],"gold_per_floor":[99,125,125,125,125,226,278,278,308,308,323,84,84,100,119,119,119],"floor_reached":16,"playtime":1116,"items_purged":["Clumsy"],"score":156,"play_id":"6afac296-3dca-40c6-b486-83c2f61694f3","local_time":"20201216154954","is_ascension_mode":false,"campfire_choices":[{"data":"champ:Taunt","floor":1,"key":"SMITH"},{"data":"champ:RapidStrikes","floor":5,"key":"SMITH"},{"data":"champ:BladeFlurry","floor":8,"key":"SMITH"},{"data":"champ:FaceSlap","floor":10,"key":"SMITH"}],"circlet_count":0,"master_deck":["champ:Strike","champ:Strike","champ:Strike","champ:Strike","champ:Defend+1","champ:Defend","champ:Defend","champ:Defend","champ:Execute","champ:Taunt+1","champ:RapidStrikes+1","champ:PerfectedStrike","champ:BladeFlurry+1","champ:StanceDance+1","champ:FaceSlap+1","champ:BerserkerStyle","champ:RisingSlash","champ:EnGarde","champ:IronFortress","champ:DefensiveShout","champ:CrookedStrike","Injury","champ:GladiatorsShout","champ:AdrenalArmor"],"relics":["champ:ChampionCrown","downfall:HeartsMalice","ReplayTheSpireMod:TigerMarble","Ancient Tea Set","Shovel","ReplayTheSpireMod:CursedCoin","War Paint"],"acts_visited":["Exordium"],"potions_floor_usage":[16,16],"damage_taken":[{"damage":0,"enemies":"Lagavulin","floor":2,"turns":1},{"damage":0,"enemies":"2 Louse","floor":4,"turns":1},{"damage":0,"enemies":"3 Sentries","floor":9,"turns":1},{"damage":0,"enemies":"Small Slimes","floor":11,"turns":2},{"damage":6,"enemies":"downfall:FleeingMerchant","floor":12,"turns":4},{"damage":0,"enemies":"Jaw Worm","floor":14,"turns":1},{"damage":9,"enemies":"3 Louse","floor":15,"turns":3},{"damage":68,"enemies":"downfall:Defect","floor":16,"turns":6}],"seed_played":"6190880326348784580","potions_obtained":[{"floor":2,"key":"Weak Potion"},{"floor":11,"key":"Reflective Coating"},{"floor":15,"key":"LifebloodPotion"}],"is_trial":false,"path_per_floor":["R","E","?","M","R","?","T","R","E","R","M","$","?","M","M","B"],"character_chosen":"THE_CHAMP","items_purchased":["ReplayTheSpireMod:CursedCoin","War Paint","champ:IronFortress","champ:DefensiveShout","champ:CrookedStrike"],"campfire_rested":0,"item_purchase_floors":[12,12,12,12,12],"current_hp_per_floor":[90,90,90,90,90,54,54,54,54,54,54,53,53,53,49,0,0],"gold":119,"neow_bonus":"THREE_ENEMY_KILL","is_daily":false,"chose_seed":false,"campfire_upgraded":4,"win_rate":0.0,"timestamp":1608130194,"path_taken":["R","E","?","M","R","?","T","R","E","R","M","$","?","M","M","BOSS"],"items_purchased_type":["Relic","Relic","Card","Card","Card"],"build_version":"2020-12-13","purchased_purges":1,"victory":false,"max_hp_per_floor":[90,90,90,90,90,90,90,90,90,90,90,90,90,90,90,90,90],"card_choices":[{"not_picked":["champ:GutPunch","champ:FalseCounter"],"picked":"champ:RapidStrikes","floor":2},{"not_picked":["champ:Haymaker","champ:CrookedStrike"],"picked":"champ:PerfectedStrike","floor":4},{"not_picked":["champ:GladiatorsShout","champ:Encircle"],"picked":"champ:BladeFlurry","floor":6},{"not_picked":["champ:BladeFlurry","champ:LastStand"],"picked":"champ:StanceDance","floor":6},{"not_picked":["champ:GladiatorsShout","champ:FanOfKnives"],"picked":"champ:FaceSlap","floor":6},{"not_picked":["champ:TornadoPunch","champ:DefensiveShout"],"picked":"champ:BerserkerStyle","floor":9},{"not_picked":["champ:Shatter","champ:FalseCounter"],"picked":"champ:RisingSlash","floor":11},{"not_picked":["champ:HeartStrike","champ:FalseCounter"],"picked":"champ:EnGarde","floor":12},{"not_picked":["champ:DefensiveShout","champ:Duel"],"picked":"champ:GladiatorsShout","floor":14},{"not_picked":["champ:GladiatorsShout","champ:CrookedStrike"],"picked":"champ:AdrenalArmor","floor":15}],"player_experience":63764,"relics_obtained":[{"floor":2,"key":"ReplayTheSpireMod:TigerMarble"},{"floor":7,"key":"Ancient Tea Set"},{"floor":9,"key":"Shovel"}],"event_choices":[],"is_beta":false,"boss_relics":[],"items_purged_floors":[12],"is_endless":false,"potions_floor_spawned":[2,11,15],"killed_by":"downfall:Defect","ascension_level":0}}