{"host":"6xsbn6ynqlzwllfm","time":1608145004,"event":{"mods":["2.2 Compatiblity","BaseMod","Bestiary","Colored Map","Colored Powertips","Curses Come First","Downfall","Highlight Path","Keyboard Shortcuts","Minty Spire (QoL Compilation)","Quick Restart","Relic Stats","Slay the Relics Exporter","StSLib","SuperFastMode"],"gold_per_floor":[113,126,142,157,187,187,187,199,228,242,261,261,261,273,273,345,345,361,374,3,22,55,87,87,87,104,282,2,29,46,1,1,78,78,90,90,108,127,127,127,154,170,180,191,209,209,209,227,227,227],"floor_reached":51,"playtime":1851,"items_purged":["Guardian:Strike_Guardian","Guardian:Strike_Guardian","Guardian:Strike_Guardian"],"score":1422,"play_id":"75066c79-2a79-4c9c-be60-20333ec56011","local_time":"20201216135644","is_ascension_mode":true,"campfire_choices":[{"floor":12,"key":"REST"},{"data":"Guardian:ExploitGems","floor":40,"key":"SMITH"},{"floor":47,"key":"REST"},{"floor":49,"key":"REST"}],"circlet_count":0,"master_deck":["AscendersBane","Guardian:Defend_Guardian","Guardian:Defend_Guardian","Guardian:Defend_Guardian","Guardian:Defend_Guardian","Guardian:CurlUp","Guardian:TwinSlam","CurseOfTheBell","Guardian:Planning","Guardian:PrismaticBarrier","Guardian:VentSteam","Guardian:ExploitGems+1","Guardian:PiercingHide+1","Guardian:BronzeArmor+1","Guardian:ExploitGems+1","Guardian:GemFire","Guardian:TimeCapacitor","Guardian:TemporalShield+1","Guardian:Repulse+1","Guardian:ChargeUp+1","Guardian:TimeSifter+1","Guardian:Planning+1","Guardian:Gem_Yellow","Guardian:Gem_Fragmented","Guardian:Clone+1","Guardian:RevengeProtocol+1"],"relics":["Calling Bell","Guardian:PickAxe","Letter Opener","TungstenRod","Singing Bowl","Toxic Egg 2","Regal Pillow","Runic Pyramid","OrangePellets","Lantern","Red Mask","Bottled Tornado","Bag of Preparation","Frozen Egg 2","Sozu","The Courier","Ancient Tea Set"],"acts_visited":["TheCity","TheBeyond"],"potions_floor_usage":[10,42],"damage_taken":[{"damage":0.0,"enemies":"Cultist","floor":1.0,"turns":5.0},{"damage":0.0,"enemies":"Small Slimes","floor":2.0,"turns":3.0},{"damage":2.0,"enemies":"Jaw Worm","floor":3.0,"turns":4.0},{"damage":3.0,"enemies":"Blue Slaver","floor":4.0,"turns":5.0},{"damage":28.0,"enemies":"Gremlin Nob","floor":5.0,"turns":5.0},{"damage":7.0,"enemies":"Gremlin Gang","floor":8.0,"turns":3.0},{"damage":11.0,"enemies":"3 Sentries","floor":9.0,"turns":8.0},{"damage":0,"enemies":"Lots of Slimes","floor":10,"turns":3},{"damage":4,"enemies":"Exordium Thugs","floor":11,"turns":5},{"damage":0,"enemies":"Gremlin Gang","floor":14,"turns":3},{"damage":2,"enemies":"downfall:Watcher","floor":16,"turns":12},{"damage":0,"enemies":"3 Byrds","floor":18,"turns":3},{"damage":15,"enemies":"Centurion and Healer","floor":19,"turns":4},{"damage":0,"enemies":"downfall:FleeingMerchant","floor":20,"turns":4},{"damage":2,"enemies":"Chosen and Byrds","floor":21,"turns":4},{"damage":0,"enemies":"Book of Stabbing","floor":22,"turns":2},{"damage":0,"enemies":"Masked Bandits","floor":23,"turns":1},{"damage":3,"enemies":"Snecko","floor":26,"turns":4},{"damage":0,"enemies":"downfall:FleeingMerchant","floor":27,"turns":3},{"damage":0,"enemies":"Slavers","floor":29,"turns":3},{"damage":0,"enemies":"Cultist and Chosen","floor":30,"turns":3},{"damage":0,"enemies":"downfall:Silent","floor":33,"turns":4},{"damage":0,"enemies":"3 Darklings","floor":35,"turns":2},{"damage":0,"enemies":"3 Shapes","floor":37,"turns":3},{"damage":0,"enemies":"Spire Growth","floor":38,"turns":2},{"damage":34,"enemies":"Transient","floor":42,"turns":5},{"damage":0,"enemies":"Sphere and 2 Shapes","floor":43,"turns":2},{"damage":33,"enemies":"Jaw Worm Horde","floor":44,"turns":3},{"damage":0,"enemies":"3 Darklings","floor":45,"turns":1},{"damage":0,"enemies":"Maw","floor":48,"turns":3},{"damage":0,"enemies":"downfall:Defect","floor":50,"turns":3}],"seed_played":"287365804752663212","potions_obtained":[{"floor":2.0,"key":"Fire Potion"},{"floor":3.0,"key":"Guardian:BlockOnCardUsePotion"},{"floor":8.0,"key":"Guardian:BlockOnCardUsePotion"},{"floor":10,"key":"Guardian:StasisDiscoveryPotion"},{"floor":14,"key":"champ:CounterPotion"},{"floor":18,"key":"Guardian:BlockOnCardUsePotion"},{"floor":26,"key":"Explosive Potion"}],"is_trial":false,"path_per_floor":["M","M","M","M","E","R","T","M","E","M","M","R","?","M","R","B",null,"M","M","$","M","E","?","T","?","M","$","$","E","M","$","R","B",null,"M","?","M","M","?","R","T","M","M","M","M","?","R","M","R","B",null],"character_chosen":"GUARDIAN","items_purchased":["OrangePellets","Guardian:TimeCapacitor","Guardian:TemporalShield+1","Guardian:ChargeUp+1","Bag of Preparation","Guardian:Planning+1"],"campfire_rested":3,"item_purchase_floors":[20,20,20,27,28,31],"current_hp_per_floor":[65,65,63,60,32,32,32,25,14,14,10,46,46,46,46,44,65,65,50,50,50,52,52,52,76,73,75,75,75,75,75,75,75,77,79,79,81,83,83,83,83,51,51,20,20,20,61,63,90,90],"gold":227,"neow_bonus":"BOSS_RELIC","is_daily":false,"chose_seed":false,"campfire_upgraded":1,"win_rate":0.0,"timestamp":1608145004,"path_taken":["M","M","M","M","E","R","T","M","E","M","?","R","?","?","R","BOSS","M","M","$","M","E","?","T","?","?","$","$","E","M","?","R","BOSS","M","?","?","M","?","R","T","M","M","M","M","?","R","M","R","BOSS"],"items_purchased_type":["Relic","Card","Card","Card","Relic","Card"],"build_version":"2020-12-13","purchased_purges":3,"victory":true,"max_hp_per_floor":[72,72,72,72,72,72,72,72,72,72,72,72,72,72,72,72,72,72,72,72,74,76,76,76,76,76,78,78,78,78,78,78,78,78,80,80,82,84,84,84,84,86,86,88,88,88,88,90,90,90],"relic_stats":{"Sozu":4,"OrangePellets":[7],"Regal Pillow":30,"Singing Bowl":18,"counters":[31,115],"Bag of Preparation":[24],"Letter Opener":[818],"obtain_stats":[{"Regal Pillow":9,"Lantern":22,"Singing Bowl":5,"Guardian:ModeShifter":0,"The Courier":39,"Bag of Preparation":28,"Letter Opener":0,"Bottled Tornado":24,"Frozen Egg 2":29,"Ancient Tea Set":41,"Calling Bell":0,"Guardian:PickAxe":0,"Sozu":34,"OrangePellets":20,"Red Mask":23,"Toxic Egg 2":7,"TungstenRod":0,"Runic Pyramid":17},{"Regal Pillow":7,"Lantern":16,"Singing Bowl":5,"Guardian:ModeShifter":0,"The Courier":25,"Bag of Preparation":19,"Letter Opener":0,"Bottled Tornado":17,"Frozen Egg 2":20,"Ancient Tea Set":25,"Calling Bell":0,"Guardian:PickAxe":0,"Sozu":22,"OrangePellets":14,"Red Mask":17,"Toxic Egg 2":5,"TungstenRod":0,"Runic Pyramid":11},{"Regal Pillow":33,"Lantern":73,"Singing Bowl":22,"Guardian:ModeShifter":0,"The Courier":98,"Bag of Preparation":81,"Letter Opener":0,"Bottled Tornado":74,"Frozen Egg 2":84,"Ancient Tea Set":98,"Calling Bell":0,"Guardian:PickAxe":0,"Sozu":91,"OrangePellets":67,"Red Mask":74,"Toxic Egg 2":22,"TungstenRod":0,"Runic Pyramid":56}],"TungstenRod":23},"card_choices":[{"not_picked":["Guardian:Gem_Cyan","Guardian:Recover"],"picked":"Guardian:Planning","floor":1.0},{"not_picked":["Guardian:TimeCapacitor","Guardian:SentryBeam"],"picked":"Guardian:Gem_Cyan","floor":2.0},{"not_picked":["Guardian:Recover","Guardian:Planning"],"picked":"Guardian:PrismaticBarrier","floor":3.0},{"not_picked":["Guardian:RollAttack","Guardian:Gem_Lightblue"],"picked":"Guardian:VentSteam","floor":4.0},{"not_picked":["Guardian:Gem_Green","Guardian:BaubleBeam"],"picked":"Guardian:ExploitGems","floor":5.0},{"not_picked":["Guardian:PrimingBeam","Guardian:Gem_Lightblue"],"picked":"Guardian:Gem_Cyan","floor":8.0},{"not_picked":["Guardian:VentSteam+1","Guardian:PrimingBeam"],"picked":"Guardian:PiercingHide+1","floor":9.0},{"not_picked":["Guardian:TimeBomb+1","Guardian:CrystalBeam"],"picked":"Guardian:Gem_Red","floor":10},{"not_picked":["Guardian:Incinerate","Guardian:Gem_Red"],"picked":"Guardian:BronzeArmor+1","floor":11},{"not_picked":["Guardian:TemporalStrike","Guardian:Reroute"],"picked":"Guardian:ExploitGems+1","floor":14},{"not_picked":["Guardian:SphericShield+1","Guardian:ExploitGems+1"],"picked":"Guardian:GemFire","floor":16},{"not_picked":["Guardian:Preprogram+1","Guardian:DonusPower+1"],"picked":"Guardian:Gem_White","floor":18},{"not_picked":["Guardian:ChargeCore","Guardian:TemporalStrike"],"picked":"Guardian:Gem_Crimson","floor":19},{"not_picked":["Guardian:VentSteam+1","Guardian:ConstructionForm"],"picked":"Guardian:Gem_Cyan","floor":20},{"not_picked":["Guardian:Reroute","Guardian:TemporalShield+1","Guardian:FuturePlans"],"picked":"Singing Bowl","floor":21},{"not_picked":["Guardian:Orbwalk","Guardian:TemporalStrike","Guardian:Incinerate"],"picked":"Singing Bowl","floor":22},{"not_picked":["Guardian:Incinerate","Guardian:ArmoredProtocol"],"picked":"Guardian:Gem_White","floor":23},{"not_picked":["Guardian:Recover+1","Guardian:ChargeCore"],"picked":"Guardian:Repulse+1","floor":26},{"not_picked":["Guardian:Reroute","Guardian:TemporalStrike","Guardian:VentSteam+1"],"picked":"Singing Bowl","floor":27},{"not_picked":["Guardian:FloatingOrbs+1","Guardian:TemporalShield+1"],"picked":"Guardian:TimeSifter+1","floor":29},{"not_picked":["Guardian:GuardianWhirl","Guardian:PrismaticBarrier+1"],"picked":"Guardian:Gem_Red","floor":30},{"not_picked":["Guardian:StasisEngine+1","Guardian:CompilePackage+1"],"picked":"Guardian:Gem_Synthetic","floor":33},{"not_picked":["Guardian:DonusPower+1","Guardian:Incinerate","Guardian:TimeBomb+1"],"picked":"Singing Bowl","floor":35},{"not_picked":["Guardian:Planning+1","Guardian:Incinerate","Guardian:Gem_Yellow"],"picked":"Singing Bowl","floor":37},{"not_picked":["Guardian:Gem_Green","Guardian:BronzeOrb","Guardian:VentSteam+1"],"picked":"Singing Bowl","floor":38},{"not_picked":["Guardian:ChargeCore+1","Guardian:Reroute","Guardian:TemporalStrike+1"],"picked":"Singing Bowl","floor":42},{"not_picked":["Guardian:ShieldSpikes+1","Guardian:Gem_Lightblue"],"picked":"Guardian:Clone+1","floor":43},{"not_picked":["Guardian:Gem_White","Guardian:Gem_Fragmented","Guardian:ShieldCharger+1"],"picked":"Singing Bowl","floor":44},{"not_picked":["Guardian:CrystalBeam","Guardian:Gem_White"],"picked":"Guardian:RevengeProtocol+1","floor":45},{"not_picked":["Guardian:TimeBomb+1","Guardian:RollAttack","Guardian:WalkerClaw"],"picked":"Singing Bowl","floor":48}],"player_experience":1227462,"relics_obtained":[{"floor":0.0,"key":"Guardian:PickAxe"},{"floor":0.0,"key":"Letter Opener"},{"floor":0.0,"key":"TungstenRod"},{"floor":5.0,"key":"Singing Bowl"},{"floor":7.0,"key":"Toxic Egg 2"},{"floor":9.0,"key":"Regal Pillow"},{"floor":22,"key":"Lantern"},{"floor":23,"key":"Red Mask"},{"floor":24,"key":"Bottled Tornado"},{"floor":29,"key":"Frozen Egg 2"},{"floor":39,"key":"The Courier"},{"floor":41,"key":"Ancient Tea Set"}],"event_choices":[{"damage_healed":0,"gold_gain":0,"player_choice":"Fought Bandits","damage_taken":0,"max_hp_gain":0,"max_hp_loss":0,"event_name":"Masked Bandits","floor":23,"gold_loss":0},{"damage_healed":24,"gold_gain":0,"player_choice":"Full Heal","damage_taken":0,"max_hp_gain":0,"max_hp_loss":0,"event_name":"Wheel of Change","floor":25,"gold_loss":0},{"cards_removed":["Guardian:Strike_Guardian"],"damage_healed":0,"gold_gain":0,"player_choice":"Offered Basic","damage_taken":0,"max_hp_gain":0,"max_hp_loss":0,"event_name":"Bonfire Elementals","floor":46,"gold_loss":0}],"is_beta":false,"boss_relics":[{"not_picked":["Tiny House","Snecko Eye"],"picked":"Runic Pyramid"},{"not_picked":["SacredBark","Velvet Choker"],"picked":"Sozu"}],"items_purged_floors":[20,27,28],"is_endless":false,"potions_floor_spawned":[2,3,8,10,14,18,19,23,26,37,38,42,48],"ascension_level":14}}