{"host":"f14d6hm2349s9jse","time":1608156046,"event":{"mods":["2.2 Compatiblity","BaseMod","Minty Spire (QoL Compilation)","StSLib","The Alterego"],"gold_per_floor":[119,119,138,153,172,197,212,212,212,237,237,162,180,196,196,301,301,315,330,346,346,362,392,392,406,406,406,406,437,451,451,451,451,451],"floor_reached":33,"playtime":3199,"items_purged":["Pain"],"score":326,"play_id":"0bd22a86-03b0-4abe-8b35-b4238cf436d3","local_time":"20201216170046","is_ascension_mode":false,"campfire_choices":[{"floor":8,"key":"REST"},{"data":"alterego_mod:Nekomimi","floor":15,"key":"SMITH"},{"floor":24,"key":"REST"},{"floor":27,"key":"REST"},{"floor":32,"key":"REST"}],"circlet_count":0,"master_deck":["alterego_mod:Defend","alterego_mod:Defend","alterego_mod:Defend","alterego_mod:Defend","alterego_mod:Impale","alterego_mod:BigMeatyClaws","alterego_mod:BrynhildrsRune","alterego_mod:Swimsuit","alterego_mod:Nekomimi+1","alterego_mod:1TonWallop","alterego_mod:RingBreak","alterego_mod:Collar","alterego_mod:AlterEgo","CurseOfTheBell","alterego_mod:Santa","alterego_mod:Rip+1","alterego_mod:1TonWallop+1","alterego_mod:BrynhildrRomantia","alterego_mod:Vow","alterego_mod:Birthday","Bite","Bite","Bite","Bite","Bite"],"relics":["alterego_mod:MasochisticConstitution","NeowsBlessing","NlothsMask","Boot","Sundial","WarpedTongs","Calling Bell","Omamori","Meat on the Bone","Ginger","FossilizedHelix","Gremlin Horn","Centennial Puzzle"],"acts_visited":["Exordium","TheCity"],"potions_floor_usage":[6,20,23,23,29,33],"damage_taken":[{"damage":5,"enemies":"2 Louse","floor":1,"turns":3},{"damage":6,"enemies":"Cultist","floor":3,"turns":3},{"damage":6,"enemies":"Jaw Worm","floor":4,"turns":3},{"damage":15,"enemies":"Lots of Slimes","floor":5,"turns":14},{"damage":35,"enemies":"3 Sentries","floor":6,"turns":10},{"damage":18,"enemies":"Red Slaver","floor":7,"turns":7},{"damage":25,"enemies":"Lagavulin","floor":10,"turns":12},{"damage":3,"enemies":"3 Louse","floor":13,"turns":6},{"damage":2,"enemies":"Blue Slaver","floor":14,"turns":7},{"damage":65,"enemies":"Hexaghost","floor":16,"turns":17},{"damage":23,"enemies":"Spheric Guardian","floor":18,"turns":13},{"damage":31,"enemies":"3 Byrds","floor":19,"turns":9},{"damage":27,"enemies":"Centurion and Healer","floor":20,"turns":9},{"damage":40,"enemies":"Chosen and Byrds","floor":22,"turns":8},{"damage":23,"enemies":"Book of Stabbing","floor":23,"turns":4},{"damage":47,"enemies":"Snake Plant","floor":25,"turns":7},{"damage":60,"enemies":"Slavers","floor":29,"turns":10},{"damage":14,"enemies":"Snecko","floor":30,"turns":6},{"damage":127,"enemies":"Champ","floor":33,"turns":14}],"seed_played":"-9212035947196296287","potions_obtained":[{"floor":1,"key":"ColorlessPotion"},{"floor":4,"key":"Swift Potion"},{"floor":7,"key":"Dexterity Potion"},{"floor":13,"key":"DistilledChaos"},{"floor":16,"key":"Energy Potion"},{"floor":19,"key":"Fruit Juice"},{"floor":22,"key":"Swift Potion"},{"floor":29,"key":"GamblersBrew"},{"floor":30,"key":"LiquidBronze"}],"is_trial":false,"path_per_floor":["M","?","M","M","M","E","M","R","T","E","?","$","M","M","R","B",null,"M","M","M","T","M","E","R","M","T","R","?","E","M","?","R","B"],"character_chosen":"The_Alterego","items_purchased":[],"campfire_rested":4,"item_purchase_floors":[],"current_hp_per_floor":[71,71,72,73,74,61,51,73,73,56,56,56,68,74,74,17,80,65,56,49,49,36,26,53,29,29,57,57,34,40,40,61,0,0],"gold":451,"neow_bonus":"THREE_ENEMY_KILL","is_daily":false,"chose_seed":false,"campfire_upgraded":1,"win_rate":0.0,"timestamp":1608156046,"path_taken":["M","?","M","M","?","E","M","R","T","E","?","$","?","M","R","BOSS","M","M","M","?","?","E","R","M","T","R","?","E","M","?","R","BOSS"],"items_purchased_type":[],"build_version":"2020-12-13","purchased_purges":1,"victory":false,"max_hp_per_floor":[71,71,72,73,74,75,76,76,76,77,77,77,78,79,79,80,80,81,82,88,88,89,90,90,94,94,94,94,102,103,72,72,72,72],"card_choices":[{"not_picked":["alterego_mod:Belle","alterego_mod:Pet"],"picked":"alterego_mod:Swimsuit","floor":1},{"not_picked":["alterego_mod:Cycle","alterego_mod:GoddessCore"],"picked":"alterego_mod:Nekomimi","floor":3},{"not_picked":["alterego_mod:BusterCard","alterego_mod:Undulate","alterego_mod:Schoolgirl"],"picked":"SKIP","floor":4},{"not_picked":["alterego_mod:DestructionOfProperty","alterego_mod:BiFurious"],"picked":"alterego_mod:1TonWallop","floor":5},{"not_picked":["alterego_mod:SakuraFive","alterego_mod:GoddessCore","alterego_mod:Bounce"],"picked":"SKIP","floor":6},{"not_picked":["alterego_mod:DiscoLights","alterego_mod:Complex","alterego_mod:MagicResistance"],"picked":"SKIP","floor":7},{"not_picked":["alterego_mod:PerceptionDisorder","alterego_mod:Support"],"picked":"alterego_mod:RingBreak","floor":10},{"not_picked":["alterego_mod:Bounce","alterego_mod:Mirror","alterego_mod:MaintainEyeContact"],"picked":"SKIP","floor":13},{"not_picked":["alterego_mod:1TonWallop","alterego_mod:Skirt"],"picked":"alterego_mod:Collar","floor":14},{"not_picked":["alterego_mod:InsideBaseball","alterego_mod:Alter"],"picked":"alterego_mod:AlterEgo","floor":16},{"not_picked":["alterego_mod:Skirt","alterego_mod:Crossover"],"picked":"alterego_mod:Santa","floor":18},{"not_picked":["alterego_mod:RidiculouslyBig","alterego_mod:HighServant"],"picked":"alterego_mod:Rip+1","floor":19},{"not_picked":["alterego_mod:BiFurious","alterego_mod:Pet"],"picked":"alterego_mod:1TonWallop+1","floor":20},{"not_picked":["alterego_mod:Mirror","alterego_mod:Maid+1","alterego_mod:Bounce+1"],"picked":"SKIP","floor":22},{"not_picked":["alterego_mod:Complex","alterego_mod:Valentines"],"picked":"alterego_mod:BrynhildrRomantia","floor":23},{"not_picked":["alterego_mod:GoddessCore","alterego_mod:Pet","alterego_mod:TrashNCrash"],"picked":"SKIP","floor":25},{"not_picked":["alterego_mod:BreastValley","alterego_mod:Rip+1"],"picked":"alterego_mod:Vow","floor":29},{"not_picked":["alterego_mod:GoddessCore+1","alterego_mod:Smother"],"picked":"alterego_mod:Birthday","floor":30}],"player_experience":2463875,"relics_obtained":[{"floor":6,"key":"Boot"},{"floor":10,"key":"Sundial"},{"floor":17,"key":"Omamori"},{"floor":17,"key":"Meat on the Bone"},{"floor":17,"key":"Ginger"},{"floor":21,"key":"FossilizedHelix"},{"floor":23,"key":"Gremlin Horn"},{"floor":29,"key":"Centennial Puzzle"}],"event_choices":[{"damage_healed":0,"gold_gain":0,"player_choice":"Trade","damage_taken":0,"relics_obtained":["NlothsMask"],"max_hp_gain":0,"max_hp_loss":0,"event_name":"FaceTrader","floor":2,"gold_loss":0},{"damage_healed":0,"gold_gain":0,"player_choice":"Rummage","damage_taken":0,"relics_obtained":["WarpedTongs"],"max_hp_gain":0,"max_hp_loss":0,"event_name":"Accursed Blacksmith","floor":11,"gold_loss":0,"cards_obtained":["Pain"]},{"damage_healed":0,"gold_gain":0,"player_choice":"Ignored","damage_taken":0,"max_hp_gain":0,"max_hp_loss":0,"event_name":"Beggar","floor":28,"gold_loss":0},{"damage_healed":0,"gold_gain":0,"player_choice":"Became a vampire","damage_taken":0,"max_hp_gain":0,"max_hp_loss":31,"event_name":"Vampires","floor":31,"gold_loss":0,"cards_obtained":["Bite","Bite","Bite","Bite","Bite"]}],"is_beta":false,"boss_relics":[{"not_picked":["Runic Dome","Snecko Eye"],"picked":"Calling Bell"}],"items_purged_floors":[12],"is_endless":false,"potions_floor_spawned":[1,4,7,13,14,16,19,22,29,30],"killed_by":"Champ","ascension_level":0}}