{"host":"5jyeqch4fosnsiz2","time":1608137960,"event":{"mods":["BaseMod","Bestiary","Colored Map","Colored Powertips","Filter the Spire","Minty Spire (QoL Compilation)","Relic Stats","StSLib","Waifu the Spire","ojb\u0027s Better Paths Mod","ojb\u0027s Info Mod"],"gold_per_floor":[111,121,131,131,131,131,160,179,204,204,241,316,336,363,363,470,529,542,551,551,576,596,596,596],"floor_reached":23,"playtime":2440,"items_purged":[],"score":203,"play_id":"12ac8559-8c59-479a-8586-27e21e857fe0","local_time":"20201216115920","is_ascension_mode":false,"campfire_choices":[{"data":"Phantasmal Killer","floor":6,"key":"SMITH"},{"data":"Night Terror","floor":10,"key":"SMITH"},{"floor":15,"key":"REST"}],"circlet_count":0,"master_deck":["Survivor","Neutralize","Blur","Night Terror+1","Cloak And Dagger","Quick Slash+1","After Image","Leg Sweep","Well Laid Plans","Unload","Flechettes","Phantasmal Killer+1","Crippling Poison","Underhanded Strike","Concentrate","Flying Knee","Caltrops","Calculated Gamble","Adrenaline","Backflip","RitualDagger","Escape Plan+1","Backstab"],"relics":["Pandora\u0027s Box","Toy Ornithopter","CeramicFish","Regal Pillow","Tiny House","Enchiridion"],"acts_visited":["Exordium","TheCity"],"potions_floor_usage":[2,8,22,23,23],"damage_taken":[{"damage":0,"enemies":"Cultist","floor":1,"turns":3},{"damage":0,"enemies":"2 Louse","floor":2,"turns":3},{"damage":0,"enemies":"Small Slimes","floor":3,"turns":2},{"damage":7,"enemies":"Gremlin Nob","floor":7,"turns":4},{"damage":0,"enemies":"3 Louse","floor":8,"turns":2},{"damage":35,"enemies":"3 Sentries","floor":11,"turns":8},{"damage":9,"enemies":"2 Fungi Beasts","floor":13,"turns":4},{"damage":5,"enemies":"Exordium Wildlife","floor":14,"turns":3},{"damage":20,"enemies":"Slime Boss","floor":16,"turns":6},{"damage":24,"enemies":"2 Thieves","floor":18,"turns":4},{"damage":9,"enemies":"Chosen","floor":21,"turns":6},{"damage":9,"enemies":"Centurion and Healer","floor":22,"turns":5},{"damage":32,"enemies":"Slavers","floor":23,"turns":2}],"seed_played":"-2119399903753299608","potions_obtained":[{"floor":1,"key":"Poison Potion"},{"floor":7,"key":"Explosive Potion"},{"floor":13,"key":"SpeedPotion"},{"floor":17,"key":"DuplicationPotion"},{"floor":22,"key":"Dexterity Potion"}],"is_trial":false,"path_per_floor":["M","M","M","?","?","R","E","M","T","R","E","?","M","M","R","B",null,"M","?","?","M","M","E"],"character_chosen":"THE_SILENT","items_purchased":[],"campfire_rested":1,"item_purchase_floors":[],"current_hp_per_floor":[70,70,70,75,75,75,68,73,73,73,38,27,18,13,50,30,80,56,50,34,25,21,0,0],"gold":596,"neow_bonus":"BOSS_RELIC","is_daily":false,"chose_seed":false,"campfire_upgraded":2,"win_rate":0.0,"timestamp":1608137960,"path_taken":["M","M","M","?","?","R","E","M","T","R","E","?","M","M","R","BOSS","M","?","?","M","M","E"],"items_purchased_type":[],"build_version":"2020-12-13","purchased_purges":0,"victory":false,"max_hp_per_floor":[70,70,70,75,75,75,75,75,75,75,75,75,75,75,75,75,80,80,80,80,80,80,80,80],"relic_stats":{"Regal Pillow":15,"counters":[13,52],"CeramicFish":63,"Pandora\u0027s Box":["Blur","Night Terror","Cloak And Dagger","Quick Slash","After Image","Leg Sweep","Well Laid Plans","Unload","Flechettes","Phantasmal Killer"],"obtain_stats":[{"Regal Pillow":11,"Tiny House":17,"CeramicFish":9,"Enchiridion":20,"Pandora\u0027s Box":0,"Toy Ornithopter":7,"Ring of the Snake":0},{"Regal Pillow":6,"Tiny House":9,"CeramicFish":5,"Enchiridion":10,"Pandora\u0027s Box":0,"Toy Ornithopter":4,"Ring of the Snake":0},{"Regal Pillow":22,"Tiny House":35,"CeramicFish":14,"Enchiridion":39,"Pandora\u0027s Box":0,"Toy Ornithopter":12,"Ring of the Snake":0}],"Toy Ornithopter":20},"card_choices":[{"not_picked":["Well Laid Plans","Underhanded Strike"],"picked":"Crippling Poison","floor":1},{"not_picked":["Dodge and Roll","Dagger Spray"],"picked":"Underhanded Strike","floor":2},{"not_picked":["Noxious Fumes","Underhanded Strike"],"picked":"Concentrate","floor":3},{"not_picked":["Bane","Night Terror","Deadly Poison"],"picked":"SKIP","floor":7},{"not_picked":["Infinite Blades","Sucker Punch"],"picked":"Flying Knee","floor":8},{"not_picked":["Choke","Finisher"],"picked":"Caltrops","floor":11},{"not_picked":["Deflect","Leg Sweep","Endless Agony"],"picked":"SKIP","floor":13},{"not_picked":["Concentrate","Underhanded Strike"],"picked":"Calculated Gamble","floor":14},{"not_picked":["Night Terror","Die Die Die"],"picked":"Adrenaline","floor":16},{"not_picked":["PiercingWail","Accuracy"],"picked":"Backflip","floor":17},{"not_picked":["Sucker Punch","Terror","Caltrops"],"picked":"SKIP","floor":18},{"not_picked":["Cloak And Dagger","Dagger Throw"],"picked":"Escape Plan+1","floor":21},{"not_picked":["Sucker Punch+1","Deadly Poison"],"picked":"Backstab","floor":22}],"player_experience":272810,"relics_obtained":[{"floor":7,"key":"Toy Ornithopter"},{"floor":9,"key":"CeramicFish"},{"floor":11,"key":"Regal Pillow"},{"floor":20,"key":"Enchiridion"}],"event_choices":[{"damage_healed":0,"gold_gain":0,"player_choice":"Donut","damage_taken":0,"max_hp_gain":5,"max_hp_loss":0,"event_name":"Big Fish","floor":4,"gold_loss":0},{"damage_healed":0,"gold_gain":0,"player_choice":"Ignored","damage_taken":0,"max_hp_gain":0,"max_hp_loss":0,"event_name":"Liars Game","floor":5,"gold_loss":0},{"damage_healed":0,"gold_gain":75,"player_choice":"Gather Gold","damage_taken":11,"max_hp_gain":0,"max_hp_loss":0,"event_name":"World of Goop","floor":12,"gold_loss":0},{"damage_healed":0,"gold_gain":0,"player_choice":"Joined the Cult","damage_taken":6,"max_hp_gain":0,"max_hp_loss":0,"event_name":"Nest","floor":19,"gold_loss":0,"cards_obtained":["RitualDagger"]},{"damage_healed":0,"gold_gain":0,"player_choice":"Obtained Book","damage_taken":16,"max_hp_gain":0,"max_hp_loss":0,"event_name":"Cursed Tome","floor":20,"gold_loss":0}],"is_beta":false,"boss_relics":[{"not_picked":["Velvet Choker","Fusion Hammer"],"picked":"Tiny House"}],"items_purged_floors":[],"is_endless":false,"potions_floor_spawned":[1,7,13,22],"killed_by":"Slavers","ascension_level":0}}