{"host":"2bb43zy5ktuvl8oc","time":1608128019,"event":{"mods":["Act Like it!","BaseMod","Downfall","Gensokyo","Hermit","Koishi","Marisa（F雨　魔理沙）","Minty Spire (QoL Compilation)","Remilia（蕾米莉亚）","Replay The Spire","Shop Mod","StSLib","The Administrix","The Animator","The Bug Knight","The Cursed","The Hierophant","The Mystic","The Runesmith","The Senshi","The Servant 0.9.4","Youmu（魂魄妖梦）","Yuyuko","【东方二次创作】八云紫mod"],"gold_per_floor":[115,126,137,155,169,169,169,169],"floor_reached":7,"playtime":753,"items_purged":[],"score":47,"play_id":"db8e1c7f-bf7b-4e38-8e31-9f7299804583","local_time":"20201216221339","is_ascension_mode":true,"campfire_choices":[{"data":"Mini Ghostdom","floor":6,"key":"SMITH"}],"circlet_count":0,"master_deck":["Fantasy Butterflies","Fantasy Butterflies","Fantasy Butterflies","Fantasy Butterflies","Fantasy Butterflies","Dreamy Sakura","Dreamy Sakura","Dreamy Sakura","Dreamy Sakura","Dreamy Sakura","Deathly Ground","Faramita\u0027s Temptation","Ghostdom Sakura","Sweet of Phantom","Mini Ghostdom+1","Scenery of Papilio"],"relics":["Coronal","Yuyuko\u0027s fan"],"acts_visited":["Exordium"],"potions_floor_usage":[],"damage_taken":[{"damage":45,"enemies":"Cultist","floor":1,"turns":6},{"damage":21,"enemies":"Jaw Worm","floor":2,"turns":5},{"damage":10,"enemies":"2 Louse","floor":3,"turns":2},{"damage":14,"enemies":"2 Fungi Beasts","floor":4,"turns":3},{"damage":33,"enemies":"Large Slime","floor":5,"turns":6},{"damage":76,"enemies":"Gremlin Nob","floor":7,"turns":5}],"seed_played":"-2321700720292695272","potions_obtained":[{"floor":2,"key":"GamblersBrew"},{"floor":5,"key":"Gelsemium Tea"}],"is_trial":false,"path_per_floor":["M","M","M","M","M","R","E"],"character_chosen":"YUYOKO","items_purchased":[],"campfire_rested":0,"item_purchase_floors":[],"current_hp_per_floor":[29,43,37,45,42,42,0,0],"gold":169,"neow_bonus":"TWENTY_PERCENT_HP_BONUS","is_daily":false,"chose_seed":false,"campfire_upgraded":1,"win_rate":0.0,"timestamp":1608128019,"path_taken":["M","M","M","?","?","R","E"],"items_purchased_type":[],"build_version":"2020-12-13","purchased_purges":0,"victory":false,"max_hp_per_floor":[48,48,48,48,48,48,48,48],"card_choices":[{"not_picked":["City of Death","Infinite Sin"],"picked":"Ghostdom Sakura","floor":1},{"not_picked":["Sakura Ward","Stifle"],"picked":"Sweet of Phantom","floor":2},{"not_picked":["Triple Snow","Unborn Light"],"picked":"Mini Ghostdom","floor":3},{"not_picked":["Gather the Spring","The Forgotten Winter","End of Faramita"],"picked":"SKIP","floor":4},{"not_picked":["Fondling of Papilio","Elegance"],"picked":"Scenery of Papilio","floor":5}],"player_experience":434856,"relics_obtained":[],"event_choices":[],"is_beta":false,"boss_relics":[],"items_purged_floors":[],"is_endless":false,"potions_floor_spawned":[2,5],"killed_by":"Gremlin Nob","ascension_level":1}}