{"host":"ov7kp8bjf83ind03","time":1608141103,"event":{"mods":["AchievementEnabler","BaseMod","Better Note","Colored Map","Colored Powertips","Downfall","Minty Spire (QoL Compilation)","Permanent Neow","Rare Cards Sparkle","Relic Sorter","Relic Stats","StSLib","everything is the same but u backflip on backflip"],"gold_per_floor":[99,114,114,28,47,79,79,114,132,167,167,167,267,287,305,405,405,330,363,363,373,158,187,210,244,47,81,81,99,109,187,197,295,295,145,179,229,64,64,97,122,142,142,168,181,196,42,42,54,54,54,87,14,14,14],"floor_reached":56,"playtime":6072,"items_purged":["champ:Strike","champ:Strike"],"score":1616,"play_id":"b194f463-050f-4c37-bffa-034fc7ab1251","local_time":"20201216125143","is_ascension_mode":true,"campfire_choices":[{"floor":1.0,"key":"RECALL"},{"data":"champ:Taunt","floor":3.0,"key":"SMITH"},{"data":"champ:PerfectForm","floor":18.0,"key":"SMITH"},{"data":"champ:Improvising","floor":35.0,"key":"SMITH"},{"data":"expansioncontent:Hexaburn","floor":39.0,"key":"SMITH"},{"data":"champ:RageSigil","floor":43.0,"key":"SMITH"},{"data":"champ:Encircle","floor":54,"key":"SMITH"}],"circlet_count":0,"master_deck":["champ:Strike","champ:Defend","champ:Defend","champ:Defend","champ:Defend","champ:Execute","champ:Taunt+1","champ:ShieldThrow","champ:RecklessLeap","champ:Encircle+1","champ:DefensiveShout+1","champ:BerserkersShout","champ:Aggression","champ:SteelEdge","champ:CrookedStrike","champ:Control","champ:Encircle","champ:Circumvent","champ:EndlessRage","champ:RageSigil+1","champ:PerfectForm+1","champ:Shatter","Flash of Steel","Flash of Steel","champ:AdrenalArmor+1","champ:Improvising+1","expansioncontent:Hexaburn+1","champ:StanceDance+1"],"relics":["champ:ChampionCrown","Strawberry","Omamori","Nunchaku","Bag of Preparation","CloakClasp","Coffee Dripper","downfall:HeartBlessingRed","Orichalcum","Sling","Ginger","Tiny Chest","Smiling Mask","Membership Card","Meat on the Bone","Eternal Feather","SlaversCollar","downfall:HeartBlessingGreen","downfall:HeartBlessingBlue","Lantern","Peace Pipe","War Paint","Dream Catcher","Bronze Scales","Ancient Tea Set","Thread and Needle","Letter Opener","champ:FightingForDummies","Oddly Smooth Stone"],"acts_visited":["Exordium","TheCity","TheBeyond","TheEnding"],"potions_floor_usage":[55,55,55],"damage_taken":[{"damage":5.0,"enemies":"Cultist","floor":2.0,"turns":3.0},{"damage":25.0,"enemies":"downfall:FleeingMerchant","floor":4.0,"turns":4.0},{"damage":2.0,"enemies":"Jaw Worm","floor":5.0,"turns":2.0},{"damage":26.0,"enemies":"Gremlin Nob","floor":6.0,"turns":2.0},{"damage":47.0,"enemies":"3 Sentries","floor":8.0,"turns":6.0},{"damage":15.0,"enemies":"2 Louse","floor":9.0,"turns":1.0},{"damage":25.0,"enemies":"Gremlin Nob","floor":10.0,"turns":3.0},{"damage":50.0,"enemies":"Gremlin Nob","floor":13.0,"turns":4.0},{"damage":5.0,"enemies":"Large Slime","floor":14.0,"turns":3.0},{"damage":32.0,"enemies":"Exordium Wildlife","floor":15.0,"turns":2.0},{"damage":69.0,"enemies":"downfall:Silent","floor":16.0,"turns":8.0},{"damage":31.0,"enemies":"Gremlin Leader","floor":19.0,"turns":2.0},{"damage":40.0,"enemies":"Spheric Guardian","floor":21.0,"turns":3.0},{"damage":40.0,"enemies":"downfall:FleeingMerchant","floor":22.0,"turns":4.0},{"damage":24.0,"enemies":"Book of Stabbing","floor":23.0,"turns":3.0},{"damage":50.0,"enemies":"Slavers","floor":25.0,"turns":3.0},{"damage":42.0,"enemies":"Book of Stabbing","floor":27.0,"turns":3.0},{"damage":18.0,"enemies":"Shell Parasite","floor":29.0,"turns":2.0},{"damage":37.0,"enemies":"Snecko","floor":30.0,"turns":3.0},{"damage":26.0,"enemies":"3 Cultists","floor":32.0,"turns":4.0},{"damage":49.0,"enemies":"downfall:Ironclad","floor":33.0,"turns":5.0},{"damage":51.0,"enemies":"Giant Head","floor":36.0,"turns":4.0},{"damage":82.0,"enemies":"Mind Bloom Boss Battle","floor":37.0,"turns":4.0},{"damage":38.0,"enemies":"Reptomancer","floor":40.0,"turns":2.0},{"damage":24.0,"enemies":"3 Shapes","floor":42.0,"turns":3.0},{"damage":60.0,"enemies":"Giant Head","floor":44.0,"turns":2.0},{"damage":50,"enemies":"3 Darklings","floor":45,"turns":4},{"damage":40,"enemies":"Jaw Worm Horde","floor":46,"turns":3},{"damage":28,"enemies":"Spire Growth","floor":49,"turns":2},{"damage":48,"enemies":"downfall:Watcher","floor":50,"turns":4},{"damage":58,"enemies":"downfall:CharBossMerchant","floor":52,"turns":3},{"damage":163,"enemies":"downfall:NeowBoss","floor":55,"turns":13}],"seed_played":"-8742475779269483036","potions_obtained":[{"floor":6.0,"key":"FairyPotion"},{"floor":8.0,"key":"Weak Potion"},{"floor":9.0,"key":"sneckomod:MuddlingPotion"},{"floor":10.0,"key":"Swift Potion"},{"floor":20.0,"key":"Block Potion"},{"floor":20.0,"key":"champ:TechniquePotion"},{"floor":25.0,"key":"sneckomod:MuddlingPotion"},{"floor":36.0,"key":"sneckomod:MuddlingPotion"},{"floor":37.0,"key":"Dexterity Potion"},{"floor":44.0,"key":"Dexterity Potion"}],"is_trial":false,"path_per_floor":["R","M","R","$","M","E","T","E","M","E","?","?","?","M","M","B",null,"R","E","?","M","$","E","T","E","$","E","?","M","M","T","M","B",null,"R","E","?","$","R","E","T","M","R","E","M","M","$","T","M","B",null,"E","$","R","B",null],"character_chosen":"THE_CHAMP","items_purchased":["champ:DefensiveShout","champ:BerserkersShout","Sling","Ginger","Membership Card","Flash of Steel","War Paint","expansioncontent:Hexaburn","Thread and Needle","Oddly Smooth Stone"],"campfire_rested":0,"item_purchase_floors":[4,4,22,22,26,26,38,38,47,53],"current_hp_per_floor":[90,90,90,90,90,97,97,76,76,62,62,62,50,50,54,71,97,97,97,97,92,97,95,95,92,92,85,85,84,92,92,84,97,97,107,107,107,107,107,107,107,102,107,107,107,96,96,96,102,102,107,107,107,107,107],"gold":14,"neow_bonus":"ONE_RANDOM_RARE_CARD","is_daily":false,"chose_seed":false,"campfire_upgraded":6,"win_rate":0.0,"timestamp":1608141103,"path_taken":["R","M","R","$","?","E","T","E","M","E","?","?","?","M","M","BOSS","R","E","?","M","$","E","T","E","$","E","?","M","M","?","M","BOSS","R","E","?","$","R","E","T","M","R","E","M","M","$","?","M","BOSS","E","$","R","BOSS"],"items_purchased_type":["Card","Card","Relic","Relic","Relic","Card","Relic","Card","Relic","Relic"],"build_version":"2020-12-13","purchased_purges":2,"victory":true,"max_hp_per_floor":[90,90,90,90,90,97,97,97,97,97,97,97,97,97,97,97,97,97,97,97,97,97,97,97,97,97,97,97,97,97,97,97,97,97,107,107,107,107,107,107,107,107,107,107,107,107,107,107,107,107,107,107,107,107,107],"relic_stats":{"counters":[32,114],"Eternal Feather":5,"Bag of Preparation":[50],"CloakClasp":[195],"Ginger":[7],"Letter Opener":[40],"Orichalcum":[96],"War Paint":["champ:DefensiveShout","champ:AdrenalArmor"],"Smiling Mask":0,"Peace Pipe":0,"Nunchaku":[29],"Dream Catcher":0,"Bronze Scales":[81],"Tiny Chest":1,"obtain_stats":[{"Lantern":36,"champ:ChampionCrown":0,"downfall:HeartBlessingGreen":35,"Bag of Preparation":10,"CloakClasp":13,"Ginger":22,"Sling":22,"Smiling Mask":25,"Ancient Tea Set":44,"Nunchaku":8,"Dream Catcher":40,"downfall:HeartBlessingBlue":35,"Strawberry":6,"Tiny Chest":23,"champ:FightingForDummies":52,"downfall:HeartBlessingRed":18,"Oddly Smooth Stone":53,"Eternal Feather":31,"Thread and Needle":47,"Omamori":7,"Letter Opener":48,"Orichalcum":19,"War Paint":38,"Peace Pipe":37,"SlaversCollar":34,"Bronze Scales":41,"Coffee Dripper":17,"Membership Card":26,"Meat on the Bone":27},{"Lantern":22,"champ:ChampionCrown":0,"downfall:HeartBlessingGreen":21,"Bag of Preparation":7,"CloakClasp":8,"Ginger":14,"Sling":14,"Smiling Mask":16,"Ancient Tea Set":26,"Nunchaku":5,"Dream Catcher":24,"downfall:HeartBlessingBlue":21,"Strawberry":4,"Tiny Chest":15,"champ:FightingForDummies":31,"downfall:HeartBlessingRed":11,"Oddly Smooth Stone":31,"Eternal Feather":19,"Thread and Needle":28,"Omamori":4,"Letter Opener":28,"Orichalcum":12,"War Paint":23,"Peace Pipe":23,"SlaversCollar":21,"Bronze Scales":24,"Coffee Dripper":11,"Membership Card":16,"Meat on the Bone":17},{"Lantern":74,"champ:ChampionCrown":0,"downfall:HeartBlessingGreen":70,"Bag of Preparation":21,"CloakClasp":25,"Ginger":47,"Sling":47,"Smiling Mask":53,"Ancient Tea Set":85,"Nunchaku":17,"Dream Catcher":80,"downfall:HeartBlessingBlue":70,"Strawberry":11,"Tiny Chest":50,"champ:FightingForDummies":101,"downfall:HeartBlessingRed":38,"Oddly Smooth Stone":101,"Eternal Feather":61,"Thread and Needle":92,"Omamori":11,"Letter Opener":92,"Orichalcum":40,"War Paint":78,"Peace Pipe":78,"SlaversCollar":70,"Bronze Scales":80,"Coffee Dripper":38,"Membership Card":53,"Meat on the Bone":56}],"Meat on the Bone":48},"card_choices":[{"not_picked":["champ:ShieldSigil","champ:PerfectedStrike"],"picked":"champ:RecklessLeap","floor":2.0},{"not_picked":["champ:ShieldWall","champ:RageSigil"],"picked":"champ:Encircle","floor":4.0},{"not_picked":["champ:Haymaker","champ:ShieldSigil"],"picked":"champ:Aggression","floor":5.0},{"not_picked":["champ:RageSigil","champ:DefensiveStyle"],"picked":"champ:SteelEdge","floor":6.0},{"not_picked":["champ:ShieldSlam","champ:GladiatorStyle"],"picked":"champ:CrookedStrike","floor":8.0},{"not_picked":["champ:PerfectedStrike","champ:BerserkersShout"],"picked":"champ:Control","floor":9.0},{"not_picked":["champ:RageSigil","champ:Aggression"],"picked":"champ:Encircle","floor":10.0},{"not_picked":["champ:RageSigil","champ:Haymaker"],"picked":"champ:Circumvent","floor":13.0},{"not_picked":["champ:SwordSigil","champ:Duel"],"picked":"champ:EndlessRage","floor":14.0},{"not_picked":["champ:HeartStrike","champ:Backstep"],"picked":"champ:RageSigil","floor":15.0},{"not_picked":["champ:MurderStrike","champ:CrownThrow"],"picked":"champ:PerfectForm","floor":16.0},{"not_picked":["champ:FocusedGladiator","champ:BladeFlurry"],"picked":"champ:Shatter","floor":19.0},{"not_picked":["champ:BerserkersShout","champ:EnGarde+1","champ:CrookedStrike"],"picked":"SKIP","floor":21.0},{"not_picked":["champ:Duel+1","champ:Control+1","champ:RapidStrikes"],"picked":"SKIP","floor":22.0},{"not_picked":["champ:Encircle+1","champ:FanOfKnives","champ:Aggression"],"picked":"SKIP","floor":23.0},{"not_picked":["champ:Haymaker+1","champ:BladeFlurry","champ:BringItOn"],"picked":"SKIP","floor":25.0},{"not_picked":["champ:BerserkersShout","champ:TornadoPunch+1","champ:ShieldThrow"],"picked":"SKIP","floor":27.0},{"not_picked":["champ:ShieldSigil","champ:ShieldWall+1"],"picked":"champ:AdrenalArmor","floor":29.0},{"not_picked":["champ:FaceSlap+1","champ:GladiatorsShout","champ:HeartStrike+1"],"picked":"SKIP","floor":30.0},{"not_picked":["champ:RageSigil","champ:FalseCounter+1","champ:GladiatorsShout+1"],"picked":"SKIP","floor":32.0},{"not_picked":["champ:Devastate","champ:SwordThrow"],"picked":"champ:Improvising","floor":33.0},{"not_picked":["champ:RageSigil+1","champ:MurderStrike","champ:FalseCounter+1"],"picked":"SKIP","floor":36.0},{"not_picked":["champ:FaceSlap","champ:BringItOn+1","champ:HeartStrike+1"],"picked":"SKIP","floor":40.0},{"not_picked":["champ:StanceDance+1","champ:FalseCounter+1","champ:EndlessRage"],"picked":"SKIP","floor":42.0},{"not_picked":["champ:HeartStrike","champ:EndlessRage","champ:FanOfKnives"],"picked":"SKIP","floor":44.0},{"not_picked":["champ:DefensiveShout+1","champ:BladeFlurry+1"],"picked":"champ:StanceDance+1","floor":45},{"not_picked":["champ:Duel+1","champ:BladeFlurry","champ:PreciseThrust"],"picked":"SKIP","floor":46},{"not_picked":["champ:CrookedStrike","champ:Aggression+1","champ:LastStand"],"picked":"SKIP","floor":49},{"not_picked":["champ:Circumvent+1","champ:Control+1","champ:FightOn"],"picked":"SKIP","floor":52}],"player_experience":179253,"relics_obtained":[{"floor":6.0,"key":"Strawberry"},{"floor":7.0,"key":"Omamori"},{"floor":8.0,"key":"Nunchaku"},{"floor":10.0,"key":"Bag of Preparation"},{"floor":13.0,"key":"CloakClasp"},{"floor":19.0,"key":"Orichalcum"},{"floor":23.0,"key":"Tiny Chest"},{"floor":25.0,"key":"Smiling Mask"},{"floor":27.0,"key":"Meat on the Bone"},{"floor":31.0,"key":"Eternal Feather"},{"floor":36.0,"key":"Lantern"},{"floor":37.0,"key":"Peace Pipe"},{"floor":40.0,"key":"Dream Catcher"},{"floor":41.0,"key":"Bronze Scales"},{"floor":44.0,"key":"Ancient Tea Set"},{"floor":48,"key":"Letter Opener"},{"floor":52,"key":"champ:FightingForDummies"}],"event_choices":[{"damage_healed":0.0,"max_hp_gain":0.0,"max_hp_loss":0.0,"gold_gain":0.0,"event_name":"Lab","player_choice":"Got Potions","floor":20.0,"gold_loss":0.0,"damage_taken":0.0},{"damage_healed":0.0,"max_hp_gain":0.0,"max_hp_loss":0.0,"gold_gain":0.0,"event_name":"Duplicator","player_choice":"Copied","floor":28.0,"gold_loss":0.0,"damage_taken":0.0,"cards_obtained":["Flash of Steel"]}],"is_beta":false,"boss_relics":[{"not_picked":["Pandora\u0027s Box","Black Star"],"picked":"Coffee Dripper"},{"not_picked":["Astrolabe","Sozu"],"picked":"SlaversCollar"}],"items_purged_floors":[22,38],"is_endless":false,"potions_floor_spawned":[6,8,9,10,21,23,25,36,37,44],"ascension_level":1}}