{"host":"mvlqq966zh3ccmv5","time":1608098517,"event":{"mods":["AchievementEnabler","BaseMod","DeckTracker","Minty Spire (QoL Compilation)","SuperFastMode"],"gold_per_floor":[112,130,80,5,5,38,68,68,95,95,123,185,205,219,219,318,318,328,10,23,35,49,83,83,83,108,134,233,253,266,300,300,395,395,413,313,331,331,383,398,398,414,414,689,689,160,175,175,175,175],"floor_reached":51,"playtime":1418,"items_purged":["Defend_P","Strike_P","Defend_P+1"],"score":1183,"play_id":"b039a3a6-84f7-4579-a845-c790e655b45e","local_time":"20201216150157","is_ascension_mode":true,"campfire_choices":[{"floor":8.0,"key":"REST"},{"floor":10.0,"key":"REST"},{"data":"Eruption","floor":15.0,"key":"SMITH"},{"data":"Devotion","floor":24.0,"key":"SMITH"},{"floor":32.0,"key":"REST"},{"data":"Evaluate","floor":41.0,"key":"SMITH"},{"floor":49.0,"key":"REST"}],"circlet_count":0,"master_deck":["AscendersBane","Strike_P+1","Strike_P+1","Defend_P+1","Defend_P+1","Eruption+1","Vigilance+1","SpiritShield+1","ClearTheMind+1","CutThroughFate+1","Consecrate+1","TalkToTheHand+1","CrushJoints+1","Crescendo+1","EmptyBody+1","SashWhip+1","FearNoEvil+1","Devotion+1","FlurryOfBlows+1","Prostrate+1","ForeignInfluence+1","Worship+1","InnerPeace+1","InnerPeace+1","MentalFortress+1","MentalFortress+1","Crescendo+1","Brilliance+1","WheelKick+1","SashWhip+1","TalkToTheHand+1","Evaluate+1","Regret","Prostrate+1"],"relics":["HolyWater","Dream Catcher","Whetstone","Odd Mushroom","Juzu Bracelet","MealTicket","Damaru","FossilizedHelix","Blood Vial","Du-Vu Doll","Orichalcum","Shuriken","War Paint","Sozu","Mark of the Bloom","Ginger","Bottled Lightning","Centennial Puzzle","Singing Bowl"],"acts_visited":["Exordium","TheCity","TheBeyond"],"potions_floor_usage":[50],"damage_taken":[{"damage":0.0,"enemies":"2 Louse","floor":1.0,"turns":3.0},{"damage":0.0,"enemies":"Small Slimes","floor":2.0,"turns":3.0},{"damage":32.0,"enemies":"Gremlin Nob","floor":6.0,"turns":4.0},{"damage":19.0,"enemies":"The Mushroom Lair","floor":7.0,"turns":3.0},{"damage":14.0,"enemies":"Lagavulin","floor":11.0,"turns":8.0},{"damage":15.0,"enemies":"3 Sentries","floor":12.0,"turns":6.0},{"damage":3.0,"enemies":"Jaw Worm","floor":13.0,"turns":2.0},{"damage":0.0,"enemies":"Exordium Wildlife","floor":14.0,"turns":2.0},{"damage":26.0,"enemies":"Hexaghost","floor":16.0,"turns":10.0},{"damage":1.0,"enemies":"Spheric Guardian","floor":18.0,"turns":3.0},{"damage":0.0,"enemies":"Chosen","floor":20.0,"turns":4.0},{"damage":6.0,"enemies":"3 Cultists","floor":21.0,"turns":4.0},{"damage":0.0,"enemies":"Snake Plant","floor":22.0,"turns":1.0},{"damage":17.0,"enemies":"Book of Stabbing","floor":23.0,"turns":3.0},{"damage":0.0,"enemies":"Gremlin Leader","floor":27.0,"turns":4.0},{"damage":0.0,"enemies":"Centurion and Healer","floor":29.0,"turns":2.0},{"damage":3.0,"enemies":"3 Cultists","floor":30.0,"turns":4.0},{"damage":35.0,"enemies":"Book of Stabbing","floor":31.0,"turns":4.0},{"damage":1.0,"enemies":"Automaton","floor":33.0,"turns":8.0},{"damage":11.0,"enemies":"3 Shapes","floor":35.0,"turns":3.0},{"damage":0.0,"enemies":"Orb Walker","floor":37.0,"turns":2.0},{"damage":0.0,"enemies":"2 Orb Walkers","floor":39.0,"turns":4.0},{"damage":0.0,"enemies":"Transient","floor":40.0,"turns":5.0},{"damage":0.0,"enemies":"Sphere and 2 Shapes","floor":42.0,"turns":2.0},{"damage":0.0,"enemies":"Maw","floor":47.0,"turns":4.0},{"damage":60,"enemies":"Awakened One","floor":50,"turns":9}],"seed_played":"414190668103127811","potions_obtained":[{"floor":1.0,"key":"SteroidPotion"},{"floor":2.0,"key":"Dexterity Potion"},{"floor":11.0,"key":"Regen Potion"},{"floor":14.0,"key":"CultistPotion"},{"floor":16.0,"key":"FearPotion"},{"floor":22.0,"key":"Strength Potion"},{"floor":27.0,"key":"BottledMiracle"},{"floor":29.0,"key":"GamblersBrew"},{"floor":30.0,"key":"Explosive Potion"}],"is_trial":false,"path_per_floor":["M","M","?","$","?","E","?","R","T","R","E","?","M","M","R","B",null,"M","$","M","M","M","E","R","?","T","E","?","M","M","E","R","B",null,"M","$","M","?","?","M","R","M","T","?","?","$","M","?","R","B",null],"character_chosen":"WATCHER","items_purchased":["Prostrate","FossilizedHelix","Centennial Puzzle","Singing Bowl"],"campfire_rested":4,"item_purchase_floors":[19,19,46,46],"current_hp_per_floor":[65,65,65,65,62,30,11,32,32,53,39,38,35,35,35,9,56,55,70,70,64,64,47,47,47,47,49,49,51,50,17,38,39,64,55,70,72,72,72,72,72,72,72,72,72,72,72,70,70,10],"gold":175,"neow_bonus":"ONE_RANDOM_RARE_CARD","is_daily":false,"chose_seed":false,"campfire_upgraded":3,"win_rate":0.0,"timestamp":1608098517,"path_taken":["M","M","?","$","?","E","?","R","T","R","E","?","M","M","R","BOSS","M","$","M","M","M","E","R","?","T","E","?","M","M","E","R","BOSS","M","$","M","?","?","M","R","M","T","?","?","$","M","?","R","BOSS"],"items_purchased_type":["Card","Relic","Relic","Relic"],"build_version":"2020-12-13","purchased_purges":3,"victory":true,"max_hp_per_floor":[72,72,72,72,72,72,72,72,72,72,72,72,72,72,72,72,72,72,72,72,72,72,72,72,72,72,72,72,72,72,72,72,72,72,72,72,72,72,72,72,72,72,72,72,72,72,74,70,70,70],"card_choices":[{"not_picked":["Wireheading","SashWhip"],"picked":"ClearTheMind","floor":1.0},{"not_picked":["Study","Wallop"],"picked":"CutThroughFate","floor":2.0},{"not_picked":["Wish","DeceiveReality"],"picked":"Consecrate","floor":6.0},{"not_picked":["FlyingSleeves","FollowUp"],"picked":"TalkToTheHand","floor":7.0},{"not_picked":["Protect","SashWhip"],"picked":"CrushJoints","floor":8.0},{"not_picked":["Sanctity","Halt"],"picked":"Crescendo","floor":10.0},{"not_picked":["ThirdEye","CutThroughFate"],"picked":"EmptyBody","floor":11.0},{"not_picked":["DevaForm","Consecrate"],"picked":"SashWhip","floor":12.0},{"not_picked":["SignatureMove","BattleHymn","WreathOfFlame"],"picked":"SKIP","floor":13.0},{"not_picked":["EmptyBody","CrushJoints"],"picked":"FearNoEvil","floor":14.0},{"not_picked":["Scrawl","DeusExMachina"],"picked":"Devotion","floor":16.0},{"not_picked":["Consecrate","WreathOfFlame"],"picked":"FlurryOfBlows+1","floor":18.0},{"not_picked":["Wireheading+1","JustLucky"],"picked":"ForeignInfluence+1","floor":20.0},{"not_picked":["ClearTheMind","Evaluate","Protect"],"picked":"SKIP","floor":21.0},{"not_picked":["ClearTheMind","Meditate+1"],"picked":"Worship","floor":22.0},{"not_picked":["Consecrate","ConjureBlade"],"picked":"InnerPeace+1","floor":23.0},{"not_picked":["CutThroughFate","Halt"],"picked":"InnerPeace+1","floor":27.0},{"not_picked":["FlyingSleeves","JustLucky","BowlingBash+1"],"picked":"SKIP","floor":29.0},{"not_picked":["Prostrate","Perseverance"],"picked":"MentalFortress","floor":30.0},{"not_picked":["Wireheading","Meditate"],"picked":"MentalFortress","floor":31.0},{"not_picked":["CrushJoints","ForeignInfluence"],"picked":"Crescendo+1","floor":32.0},{"not_picked":["Vault","Ragnarok"],"picked":"Brilliance","floor":33.0},{"not_picked":["Protect+1","Vengeance"],"picked":"WheelKick","floor":35.0},{"not_picked":["Fasting2","Consecrate+1"],"picked":"SashWhip+1","floor":37.0},{"not_picked":["Crescendo","ClearTheMind"],"picked":"TalkToTheHand+1","floor":39.0},{"not_picked":["BowlingBash","ForeignInfluence"],"picked":"Evaluate","floor":40.0},{"not_picked":["Crescendo","SpiritShield","PathToVictory+1"],"picked":"SKIP","floor":42.0},{"not_picked":["Crescendo","EmptyMind","Study"],"picked":"Singing Bowl","floor":47.0},{"not_picked":["Pray+1","FollowUp+1"],"picked":"Prostrate+1","floor":49.0}],"player_experience":208224,"relics_obtained":[{"floor":6.0,"key":"Whetstone"},{"floor":7.0,"key":"Odd Mushroom"},{"floor":9.0,"key":"Juzu Bracelet"},{"floor":11.0,"key":"MealTicket"},{"floor":23.0,"key":"Blood Vial"},{"floor":26.0,"key":"Orichalcum"},{"floor":27.0,"key":"Shuriken"},{"floor":31.0,"key":"War Paint"},{"floor":39.0,"key":"Ginger"},{"floor":43.0,"key":"Bottled Lightning"}],"event_choices":[{"cards_removed":["Strike_P"],"damage_healed":0.0,"max_hp_gain":0.0,"max_hp_loss":0.0,"gold_gain":0.0,"event_name":"The Cleric","player_choice":"Card Removal","floor":3.0,"gold_loss":50.0,"damage_taken":0.0},{"damage_healed":0.0,"max_hp_gain":0.0,"max_hp_loss":0.0,"gold_gain":0.0,"event_name":"Scrap Ooze","player_choice":"Success","floor":5.0,"gold_loss":0.0,"damage_taken":3.0,"relics_obtained":["Dream Catcher"]},{"damage_healed":0.0,"max_hp_gain":0.0,"max_hp_loss":0.0,"gold_gain":0.0,"event_name":"Mushrooms","player_choice":"Fought Mushrooms","floor":7.0,"gold_loss":0.0,"damage_taken":0.0},{"damage_healed":0.0,"max_hp_gain":0.0,"max_hp_loss":0.0,"gold_gain":0.0,"event_name":"Dead Adventurer","player_choice":"Searched \u00272\u0027 times","floor":12.0,"gold_loss":0.0,"damage_taken":0.0,"relics_obtained":["Damaru"]},{"damage_healed":0.0,"max_hp_gain":0.0,"max_hp_loss":0.0,"gold_gain":0.0,"event_name":"The Mausoleum","player_choice":"Opened","floor":25.0,"gold_loss":0.0,"damage_taken":0.0,"relics_obtained":["Du-Vu Doll"]},{"damage_healed":0.0,"max_hp_gain":0.0,"max_hp_loss":0.0,"gold_gain":99.0,"event_name":"Nest","player_choice":"Stole From Cult","floor":28.0,"gold_loss":0.0,"damage_taken":0.0},{"damage_healed":0.0,"max_hp_gain":0.0,"max_hp_loss":0.0,"gold_gain":0.0,"event_name":"MindBloom","player_choice":"Upgrade","floor":38.0,"gold_loss":0.0,"damage_taken":0.0,"cards_upgraded":["Strike_P","Defend_P","Defend_P","Vigilance","SpiritShield","ClearTheMind","Consecrate","TalkToTheHand","CrushJoints","Crescendo","EmptyBody","SashWhip","FearNoEvil","Prostrate","MentalFortress","MentalFortress","Brilliance","WheelKick"],"relics_obtained":["Mark of the Bloom"]},{"damage_healed":0.0,"max_hp_gain":0.0,"max_hp_loss":0.0,"gold_gain":0.0,"event_name":"Mysterious Sphere","player_choice":"Fight","floor":39.0,"gold_loss":0.0,"damage_taken":0.0},{"damage_healed":0.0,"max_hp_gain":0.0,"max_hp_loss":0.0,"gold_gain":275.0,"event_name":"Golden Shrine","player_choice":"Desecrate","floor":44.0,"gold_loss":0.0,"damage_taken":0.0,"cards_obtained":["Regret"]},{"damage_healed":0.0,"max_hp_gain":0.0,"max_hp_loss":0.0,"gold_gain":0.0,"event_name":"Tomb of Lord Red Mask","player_choice":"Ignored","floor":45.0,"gold_loss":0.0,"damage_taken":0.0},{"damage_healed":0.0,"max_hp_gain":0.0,"max_hp_loss":4.0,"gold_gain":0.0,"event_name":"Winding Halls","player_choice":"Max HP","floor":48.0,"gold_loss":0.0,"damage_taken":0.0}],"is_beta":false,"boss_relics":[{"not_picked":["Ectoplasm","Velvet Choker"],"picked":"HolyWater"},{"not_picked":["SacredBark","Coffee Dripper"],"picked":"Sozu"}],"items_purged_floors":[4,36,46],"is_endless":false,"potions_floor_spawned":[1,2,11,14,16,21,22,27,29,30,31,37,39],"ascension_level":11}}