{"host":"6scopiddv55v50ud","time":1608160856,"event":{"mods":["AchievementEnabler","Act Like it!","BaseMod","Better Altar","Better Match","Better Note","Better Sensory Stone","Better Skull","Better Third Choice","Defuse TimeMaze Blight","Downfall","Minty Spire (QoL Compilation)","StSLib"],"gold_per_floor":[99,99,126,226,151,168,195,250,175,185,205,57,57,76,92,195,245,245,263,21,21,37,37,89,101,134,144,60,45,45,45,60,60,60],"floor_reached":33,"playtime":2704,"items_purged":[],"score":315,"play_id":"e6dcb1c0-22f2-4800-84b6-690df6f10ad9","local_time":"20201216152056","is_ascension_mode":false,"campfire_choices":[{"floor":1,"key":"RECALL"},{"data":"champ:SteelEdge","floor":5,"key":"SMITH"},{"data":"1","floor":9,"key":"LIFT"},{"data":"champ:HeavySlash","floor":18,"key":"SMITH"},{"data":"champ:ShieldWall","floor":21,"key":"SMITH"},{"data":"champ:ShieldWall","floor":23,"key":"SMITH"}],"circlet_count":0,"master_deck":["champ:Strike","champ:Strike","champ:Strike","champ:Strike","champ:Defend","champ:Defend","champ:Defend","champ:Defend","champ:Execute","champ:Taunt","champ:PreciseThrust","champ:StanceDance","champ:SteelEdge+1","champ:BringItOn","champ:FalseCounter","champ:ShieldWall","champ:ShieldWall+1","champ:FlashCut","champ:DefensiveShout+1","champ:HeavySlash+1","champ:ArenaPreparation","champ:ShieldWall+1","champ:EnGarde","champ:DefensiveStyle","sneckomod:Unknown+1"],"relics":["champ:ChampionCrown","downfall:HeartsMalice","Blue Candle","CloakClasp","downfall:HeartBlessingRed","Girya","downfall:HeartBlessingBlue","Eternal Feather","Tiny House","PreservedInsect","Bag of Marbles","HornCleat"],"acts_visited":["Exordium","TheCity"],"potions_floor_usage":[8,16,22,26,33,33,33],"damage_taken":[{"damage":0,"enemies":"2 Louse","floor":2,"turns":1},{"damage":0,"enemies":"3 Sentries","floor":3,"turns":1},{"damage":0,"enemies":"3 Sentries","floor":4,"turns":1},{"damage":6,"enemies":"Jaw Worm","floor":6,"turns":5},{"damage":11,"enemies":"Lagavulin Event","floor":8,"turns":8},{"damage":0,"enemies":"Cultist","floor":10,"turns":3},{"damage":0,"enemies":"2 Fungi Beasts","floor":11,"turns":2},{"damage":8,"enemies":"downfall:FleeingMerchant","floor":12,"turns":4},{"damage":26,"enemies":"Large Slime","floor":14,"turns":6},{"damage":0,"enemies":"Red Slaver","floor":15,"turns":3},{"damage":40,"enemies":"downfall:Ironclad","floor":16,"turns":7},{"damage":19,"enemies":"Spheric Guardian","floor":19,"turns":4},{"damage":5,"enemies":"downfall:FleeingMerchant","floor":20,"turns":4},{"damage":33,"enemies":"Chosen","floor":22,"turns":4},{"damage":35,"enemies":"Snecko","floor":25,"turns":4},{"damage":26,"enemies":"Book of Stabbing","floor":26,"turns":4},{"damage":14,"enemies":"Snake Plant","floor":27,"turns":4},{"damage":15,"enemies":"downfall:FleeingMerchant","floor":28,"turns":4},{"damage":29,"enemies":"downfall:FleeingMerchant","floor":29,"turns":4},{"damage":23,"enemies":"Centurion and Healer","floor":32,"turns":8},{"damage":19,"enemies":"downfall:Silent","floor":33,"turns":4}],"seed_played":"-8027024863172101829","potions_obtained":[{"floor":4,"key":"ColorlessPotion"},{"floor":11,"key":"SpeedPotion"},{"floor":14,"key":"FearPotion"},{"floor":15,"key":"DistilledChaos"},{"floor":17,"key":"PowerPotion"},{"floor":22,"key":"ColorlessPotion"},{"floor":32,"key":"champ:UltimateStancePotion"}],"is_trial":false,"path_per_floor":["R","M","E","?","R","M","T","?","R","M","M","$","T","M","M","B",null,"R","M","$","R","M","R","T","M","E","M","$","$","?","?","M","B"],"character_chosen":"THE_CHAMP","items_purchased":["champ:ShieldWall","champ:FlashCut","champ:DefensiveShout","champ:ShieldWall","PreservedInsect","champ:DefensiveStyle"],"campfire_rested":0,"item_purchase_floors":[12,12,12,20,20,28],"current_hp_per_floor":[90,90,90,90,90,89,89,88,98,98,98,95,95,77,77,52,105,105,91,91,103,90,102,102,72,51,42,42,37,37,37,19,0,0],"gold":60,"neow_bonus":"THREE_ENEMY_KILL","is_daily":false,"chose_seed":false,"campfire_upgraded":4,"win_rate":0.0,"timestamp":1608160856,"path_taken":["R","M","E","?","R","M","T","?","R","M","?","$","?","M","M","BOSS","R","M","$","R","M","R","T","M","E","M","$","$","?","?","M","BOSS"],"items_purchased_type":["Card","Card","Card","Card","Relic","Card"],"build_version":"2020-12-13","purchased_purges":0,"victory":false,"max_hp_per_floor":[90,90,90,90,90,90,90,90,100,100,100,100,100,100,100,100,105,105,105,105,105,105,105,105,105,105,105,105,105,105,105,105,105,105],"card_choices":[{"not_picked":["champ:TornadoPunch","champ:FightOn"],"picked":"champ:PreciseThrust","floor":2},{"not_picked":["champ:CalledShot","champ:BladeFlurry"],"picked":"champ:StanceDance","floor":3},{"not_picked":["champ:FlashCut","champ:Backstep"],"picked":"champ:SteelEdge","floor":4},{"not_picked":["champ:StanceDance","champ:FanOfKnives"],"picked":"champ:BringItOn","floor":6},{"not_picked":["champ:BringItOn","champ:PerfectedStrike"],"picked":"champ:FalseCounter","floor":10},{"not_picked":["champ:EnGarde","champ:TornadoPunch"],"picked":"champ:ShieldWall","floor":11},{"not_picked":["champ:Circumvent","champ:GladiatorsShout","champ:FlashCut"],"picked":"SKIP","floor":12},{"not_picked":["champ:PerfectedStrike","champ:FlashCut","champ:FaceSlap"],"picked":"SKIP","floor":14},{"not_picked":["champ:BladeFlurry","champ:Backstep","champ:GladiatorsShout"],"picked":"SKIP","floor":15},{"not_picked":["champ:DancingMaster","champ:SwordThrow"],"picked":"champ:HeavySlash","floor":16},{"not_picked":["champ:DefensiveShout","champ:TornadoPunch"],"picked":"champ:ArenaPreparation","floor":17},{"not_picked":["champ:FocusedBerserking","champ:FaceSlap","champ:DefensiveShout"],"picked":"SKIP","floor":19},{"not_picked":["champ:ArenaPreparation","champ:StanceDance","champ:CrookedStrike"],"picked":"SKIP","floor":20},{"not_picked":["champ:FanOfKnives","champ:TornadoPunch+1","champ:FightOn"],"picked":"SKIP","floor":22},{"not_picked":["champ:BerserkerStyle","champ:CalledShot","champ:HoldFirm"],"picked":"SKIP","floor":25},{"not_picked":["champ:SwordThrow","champ:CalledShot","champ:FaceSlap"],"picked":"SKIP","floor":26},{"not_picked":["champ:SkillfulDodge","champ:BringItOn+1","champ:HeartStrike"],"picked":"SKIP","floor":27},{"not_picked":["champ:Duel+1","champ:Haymaker"],"picked":"champ:EnGarde","floor":28},{"not_picked":["champ:PerfectedStrike","champ:BringItOn+1","champ:RecklessLeap"],"picked":"SKIP","floor":29},{"not_picked":["champ:CrookedStrike","champ:GladiatorsShout","champ:TornadoPunch+1"],"picked":"SKIP","floor":32}],"player_experience":284291,"relics_obtained":[{"floor":3,"key":"Blue Candle"},{"floor":4,"key":"CloakClasp"},{"floor":8,"key":"Girya"},{"floor":13,"key":"Eternal Feather"},{"floor":24,"key":"Bag of Marbles"},{"floor":26,"key":"HornCleat"}],"event_choices":[{"cards_removed":["champ:DefensiveStyle"],"damage_healed":0,"gold_gain":0,"player_choice":"Take \u0026 Give","damage_taken":0,"max_hp_gain":0,"max_hp_loss":0,"event_name":"betterNote:BetterNote","floor":31,"gold_loss":0,"cards_obtained":["sneckomod:Unknown"]}],"is_beta":false,"boss_relics":[{"not_picked":["Snecko Eye","Empty Cage"],"picked":"Tiny House"}],"items_purged_floors":[],"is_endless":false,"potions_floor_spawned":[4,11,14,15,19,22,32],"killed_by":"downfall:Silent","ascension_level":0}}