{"host":"m6aaltr68g9tvoay","time":1608077378,"event":{"mods":["AchievementEnabler","BaseMod","Colored Map","Minty Spire (QoL Compilation)","StSLib"],"gold_per_floor":[114,134,134,99,113,113,140,187,187,187,187,187,25,57,57,134,134,145,145,48,66,66,66,95,95,95,145,145,145,160,173,173,173,173],"floor_reached":33,"playtime":837,"items_purged":[],"score":573,"play_id":"dc8f7a02-f4b9-4459-9327-aa9ae1bc6b5e","local_time":"20201215160938","is_ascension_mode":true,"campfire_choices":[{"data":"Dagger Spray","floor":6.0,"key":"SMITH"},{"data":"Distraction","floor":15.0,"key":"SMITH"},{"floor":23.0,"key":"REST"},{"floor":29,"key":"REST"},{"floor":32,"key":"REST"}],"circlet_count":0,"master_deck":["AscendersBane","Strike_G","Strike_G","Strike_G","Strike_G","Defend_G","Defend_G","Defend_G","Defend_G","Survivor","Neutralize","Dagger Spray+1","Blade Dance","Choke","Slice","Distraction+1","Envenom","Endless Agony","Blind","PiercingWail","Writhe","Flying Knee","Dodge and Roll+1"],"relics":["Ring of the Serpent","Vajra","Juzu Bracelet","Letter Opener","Sling","Mercury Hourglass","Pen Nib","MutagenicStrength","Mummified Hand","Calipers"],"acts_visited":["Exordium","TheCity"],"potions_floor_usage":[24,31],"damage_taken":[{"damage":11.0,"enemies":"Small Slimes","floor":1.0,"turns":6.0},{"damage":1.0,"enemies":"2 Louse","floor":2.0,"turns":3.0},{"damage":2.0,"enemies":"Jaw Worm","floor":5.0,"turns":2.0},{"damage":32.0,"enemies":"Lagavulin","floor":7.0,"turns":5.0},{"damage":0.0,"enemies":"Gremlin Nob","floor":14.0,"turns":2.0},{"damage":47.0,"enemies":"Hexaghost","floor":16.0,"turns":8.0},{"damage":29.0,"enemies":"3 Byrds","floor":18.0,"turns":4.0},{"damage":3.0,"enemies":"Spheric Guardian","floor":21.0,"turns":4.0},{"damage":25,"enemies":"Book of Stabbing","floor":24,"turns":4},{"damage":12,"enemies":"Centurion and Healer","floor":30,"turns":5},{"damage":5,"enemies":"Snecko","floor":31,"turns":3},{"damage":74,"enemies":"Automaton","floor":33,"turns":8}],"seed_played":"-8499291724728984122","potions_obtained":[{"floor":0.0,"key":"Energy Potion"},{"floor":0.0,"key":"LiquidBronze"},{"floor":5.0,"key":"EssenceOfSteel"},{"floor":16.0,"key":"SpeedPotion"},{"floor":18.0,"key":"Dexterity Potion"},{"floor":21.0,"key":"LiquidMemories"},{"floor":30,"key":"SkillPotion"}],"is_trial":false,"path_per_floor":["M","M","?","?","M","R","E","T","T","?","?","?","$","E","R","B",null,"M","?","$","M","?","R","E","?","T","?","?","R","M","M","R","B"],"character_chosen":"THE_SILENT","items_purchased":["Sling","Blind"],"campfire_rested":3,"item_purchase_floors":[13,20],"current_hp_per_floor":[48,47,47,63,61,61,29,29,29,24,24,76,76,76,76,29,64,35,30,30,27,42,64,39,39,39,39,39,61,49,44,66,0,0],"gold":173,"neow_bonus":"THREE_SMALL_POTIONS","is_daily":false,"chose_seed":false,"campfire_upgraded":2,"win_rate":0.0,"timestamp":1608077378,"path_taken":["M","M","?","?","M","R","E","?","T","?","?","?","?","E","R","BOSS","M","?","?","M","?","R","E","?","T","?","?","R","M","M","R","BOSS"],"items_purchased_type":["Relic","Card"],"build_version":"2020-12-13","purchased_purges":0,"victory":false,"max_hp_per_floor":[66,66,66,66,66,66,66,66,66,66,66,76,76,76,76,76,76,76,76,76,76,76,76,76,76,76,76,76,76,76,76,76,76,76],"card_choices":[{"not_picked":["Underhanded Strike","Prepared"],"picked":"Dagger Spray","floor":1.0},{"not_picked":["Night Terror","Skewer"],"picked":"Blade Dance","floor":2.0},{"not_picked":["Deadly Poison","Acrobatics"],"picked":"Choke","floor":5.0},{"not_picked":["Deflect","Underhanded Strike"],"picked":"Slice","floor":7.0},{"not_picked":["Terror","Choke"],"picked":"Distraction","floor":14.0},{"not_picked":["Burst","Bullet Time"],"picked":"Envenom","floor":16.0},{"not_picked":["Concentrate","Dagger Throw"],"picked":"Endless Agony","floor":18.0},{"not_picked":["Underhanded Strike","Footwork","Setup"],"picked":"SKIP","floor":21.0},{"not_picked":["Setup","Well Laid Plans"],"picked":"PiercingWail","floor":24},{"not_picked":["Sucker Punch","Skewer"],"picked":"Flying Knee","floor":30},{"not_picked":["Flying Knee","Backflip"],"picked":"Dodge and Roll+1","floor":31}],"player_experience":1236434,"relics_obtained":[{"floor":7.0,"key":"Vajra"},{"floor":8.0,"key":"Juzu Bracelet"},{"floor":9.0,"key":"Letter Opener"},{"floor":14.0,"key":"Mercury Hourglass"},{"floor":24,"key":"Pen Nib"},{"floor":26,"key":"Mummified Hand"}],"event_choices":[{"damage_healed":0.0,"max_hp_gain":0.0,"max_hp_loss":0.0,"gold_gain":0.0,"cards_transformed":["Strike_G"],"event_name":"Living Wall","player_choice":"Change","floor":3.0,"gold_loss":0.0,"damage_taken":0.0,"cards_obtained":["Unload"]},{"damage_healed":16.0,"max_hp_gain":0.0,"max_hp_loss":0.0,"gold_gain":0.0,"event_name":"The Cleric","player_choice":"Healed","floor":4.0,"gold_loss":35.0,"damage_taken":0.0},{"damage_healed":0.0,"max_hp_gain":0.0,"max_hp_loss":0.0,"gold_gain":0.0,"event_name":"Scrap Ooze","player_choice":"Fled","floor":10.0,"gold_loss":0.0,"damage_taken":5.0},{"cards_removed":["Defend_G"],"damage_healed":0.0,"max_hp_gain":0.0,"max_hp_loss":0.0,"gold_gain":0.0,"event_name":"Wheel of Change","player_choice":"Card Removal","floor":11.0,"gold_loss":0.0,"damage_taken":0.0},{"cards_removed":["Unload"],"damage_healed":42.0,"max_hp_gain":10.0,"max_hp_loss":0.0,"gold_gain":0.0,"event_name":"Bonfire Elementals","player_choice":"Offered Rare","floor":12.0,"gold_loss":0.0,"damage_taken":0.0},{"damage_healed":0.0,"max_hp_gain":0.0,"max_hp_loss":0.0,"gold_gain":0.0,"event_name":"Designer","player_choice":"Punched","floor":19.0,"gold_loss":0.0,"damage_taken":5.0},{"damage_healed":15.0,"max_hp_gain":0.0,"max_hp_loss":0.0,"gold_gain":0.0,"event_name":"The Library","player_choice":"Heal","floor":22.0,"gold_loss":0.0,"damage_taken":0.0},{"damage_healed":0,"gold_gain":0,"player_choice":"Inject Mutagens","damage_taken":0,"relics_obtained":["MutagenicStrength"],"max_hp_gain":0,"max_hp_loss":0,"event_name":"Drug Dealer","floor":25,"gold_loss":0},{"damage_healed":0,"gold_gain":50,"player_choice":"Stole From Cult","damage_taken":0,"max_hp_gain":0,"max_hp_loss":0,"event_name":"Nest","floor":27,"gold_loss":0},{"damage_healed":0,"gold_gain":0,"player_choice":"Opened","damage_taken":0,"relics_obtained":["Calipers"],"max_hp_gain":0,"max_hp_loss":0,"event_name":"The Mausoleum","floor":28,"gold_loss":0,"cards_obtained":["Writhe"]}],"is_beta":false,"boss_relics":[{"not_picked":["Runic Pyramid","Runic Dome"],"picked":"Ring of the Serpent"}],"items_purged_floors":[],"is_endless":false,"potions_floor_spawned":[5,14,16,18,21,30],"killed_by":"Automaton","ascension_level":19}}