{"host":"67d7yvf7wgk1klfn","time":1608090261,"event":{"mods":["BaseMod","Filter the Spire","Minty Spire (QoL Compilation)","Relic Stats","Slay the Relics Exporter","StSLib"],"gold_per_floor":[118,118,133,133,147,147,160,160,160,184,184,184,217,240,240,333,333,348,29,29,109,24,67,20,59,59,59,7,41,41,55,55,149,149,162,162,185,208,262,305,305,341,341,380,395,12,56,71,71,71,71,71,21,54,54],"floor_reached":56,"playtime":2247,"items_purged":["Strike_G+1","Strike_G+1"],"score":2192,"play_id":"e1bc8789-e881-4b95-aa67-739dadefd22f","local_time":"20201215224421","is_ascension_mode":true,"campfire_choices":[{"data":"Crippling Poison","floor":6.0,"key":"SMITH"},{"data":"Catalyst","floor":8.0,"key":"SMITH"},{"data":"Well Laid Plans","floor":12.0,"key":"SMITH"},{"data":"Leg Sweep","floor":15.0,"key":"SMITH"},{"floor":27.0,"key":"REST"},{"floor":30,"key":"REST"},{"floor":32,"key":"REST"},{"floor":49,"key":"RECALL"},{"floor":52,"key":"REST"}],"circlet_count":0,"master_deck":["AscendersBane","Strike_G+1","Strike_G+1","Strike_G+1","Defend_G+1","Defend_G+1","Defend_G+1","Defend_G+1","Defend_G+1","Survivor","Neutralize+1","Underhanded Strike+1","Well Laid Plans+1","Crippling Poison+1","Catalyst+1","Leg Sweep+1","Burst","Calculated Gamble","Catalyst","Acrobatics+1","Deflect","Predator","PiercingWail+1","Poisoned Stab","Deadly Poison","PiercingWail+1","Crippling Poison+1","Acrobatics","Noxious Fumes","Apotheosis"],"relics":["WristBlade","Golden Idol","Gremlin Horn","Mango","Whetstone","Akabeko","Fusion Hammer","HornCleat","Nunchaku","Omamori","Dream Catcher","Snake Skull","Shuriken","Bag of Preparation","SacredBark","Vajra","Smiling Mask","Lizard Tail","Juzu Bracelet","Darkstone Periapt","CeramicFish","Membership Card","PreservedInsect","Pear","Ornamental Fan"],"acts_visited":["Exordium","TheCity","TheBeyond","TheEnding"],"potions_floor_usage":[31,55,55],"damage_taken":[{"damage":0.0,"enemies":"2 Louse","floor":1.0,"turns":4.0},{"damage":0.0,"enemies":"Small Slimes","floor":3.0,"turns":4.0},{"damage":0.0,"enemies":"Cultist","floor":5.0,"turns":4.0},{"damage":6.0,"enemies":"Looter","floor":7.0,"turns":3.0},{"damage":2.0,"enemies":"Exordium Wildlife","floor":10.0,"turns":2.0},{"damage":0.0,"enemies":"Lagavulin","floor":13.0,"turns":7.0},{"damage":1.0,"enemies":"The Guardian","floor":16.0,"turns":11.0},{"damage":21.0,"enemies":"Spheric Guardian","floor":18.0,"turns":5.0},{"damage":16.0,"enemies":"Book of Stabbing","floor":23.0,"turns":7.0},{"damage":0.0,"enemies":"Gremlin Leader","floor":25.0,"turns":4.0},{"damage":18.0,"enemies":"Book of Stabbing","floor":29.0,"turns":5.0},{"damage":0,"enemies":"Chosen","floor":31,"turns":3},{"damage":14,"enemies":"Champ","floor":33,"turns":6},{"damage":0,"enemies":"3 Shapes","floor":35,"turns":4},{"damage":0,"enemies":"Orb Walker","floor":37,"turns":3},{"damage":0,"enemies":"Transient","floor":38,"turns":5},{"damage":23,"enemies":"Giant Head","floor":40,"turns":6},{"damage":7,"enemies":"Nemesis","floor":42,"turns":5},{"damage":4,"enemies":"Reptomancer","floor":44,"turns":5},{"damage":2,"enemies":"4 Shapes","floor":45,"turns":5},{"damage":5,"enemies":"Nemesis","floor":47,"turns":7},{"damage":8,"enemies":"3 Darklings","floor":48,"turns":5},{"damage":62,"enemies":"Time Eater","floor":50,"turns":7},{"damage":35,"enemies":"Shield and Spear","floor":54,"turns":8},{"damage":38,"enemies":"The Heart","floor":55,"turns":10}],"seed_played":"7723797529238026578","potions_obtained":[{"floor":3.0,"key":"Poison Potion"},{"floor":10.0,"key":"ColorlessPotion"},{"floor":23.0,"key":"SteroidPotion"},{"floor":25.0,"key":"Fruit Juice"},{"floor":31,"key":"Ancient Potion"},{"floor":44,"key":"SpeedPotion"}],"is_trial":false,"path_per_floor":["M","?","M","?","M","R","M","R","T","M","?","R","E","T","R","B",null,"M","$","?","T","?","E","$","E","T","R","?","E","R","M","R","B",null,"M","T","M","M","T","E","?","E","T","E","M","$","E","M","R","B",null,"R","$","E","B",null],"character_chosen":"THE_SILENT","items_purchased":["Catalyst","HornCleat","Deflect","Membership Card","Noxious Fumes","Apotheosis","PreservedInsect"],"campfire_rested":4,"item_purchase_floors":[19,19,24,46,46,46,46],"current_hp_per_floor":[59,46,46,46,46,46,40,40,40,38,40,40,40,40,40,39,66,45,45,45,45,45,29,29,29,29,51,51,33,55,60,80,66,77,77,77,77,77,77,54,54,47,47,43,41,41,46,38,38,24,74,90,90,55,17],"gold":54,"neow_bonus":"BOSS_RELIC","is_daily":false,"chose_seed":false,"campfire_upgraded":4,"win_rate":0.0,"timestamp":1608090261,"path_taken":["M","?","M","?","M","R","M","R","T","M","?","R","E","?","R","BOSS","M","?","?","?","?","E","$","E","T","R","?","E","R","M","R","BOSS","M","?","M","?","?","E","?","E","T","E","M","$","E","M","R","BOSS","R","$","E","BOSS"],"items_purchased_type":["Card","Relic","Card","Relic","Card","Card","Relic"],"build_version":"2020-12-13","purchased_purges":2,"victory":true,"max_hp_per_floor":[66,66,66,61,61,61,61,61,61,61,75,75,75,75,75,75,75,75,75,75,75,75,75,75,75,75,75,75,75,75,80,80,80,80,80,80,80,80,80,80,80,80,80,80,80,80,90,90,90,90,90,90,90,90,90],"relic_stats":{"Darkstone Periapt":0,"Gremlin Horn":[15,15],"counters":[25,135],"Golden Idol":182,"CeramicFish":18,"Snake Skull":[112],"PreservedInsect":127,"Bag of Preparation":[28],"Juzu Bracelet":0,"Whetstone":["Underhanded Strike","Strike_G"],"Smiling Mask":-12,"Nunchaku":[8],"Dream Catcher":4,"Lizard Tail":45,"Shuriken":[9],"Ornamental Fan":[0],"obtain_stats":[{"Darkstone Periapt":43,"Gremlin Horn":9,"SacredBark":34,"CeramicFish":44,"Vajra":36,"Mango":11,"Snake Skull":26,"Bag of Preparation":29,"Juzu Bracelet":42,"Whetstone":13,"Smiling Mask":39,"Nunchaku":22,"Dream Catcher":25,"Lizard Tail":40,"HornCleat":19,"WristBlade":0,"Fusion Hammer":17,"Ring of the Snake":0,"Pear":47,"Golden Idol":4,"PreservedInsect":46,"Omamori":23,"Akabeko":14,"Shuriken":28,"Ornamental Fan":54,"Membership Card":46},{"Darkstone Periapt":18,"Gremlin Horn":4,"SacredBark":13,"CeramicFish":19,"Vajra":14,"Mango":5,"Snake Skull":10,"Bag of Preparation":11,"Juzu Bracelet":18,"Whetstone":6,"Smiling Mask":16,"Nunchaku":8,"Dream Catcher":10,"Lizard Tail":17,"HornCleat":8,"WristBlade":0,"Fusion Hammer":7,"Ring of the Snake":0,"Pear":21,"Golden Idol":2,"PreservedInsect":20,"Omamori":9,"Akabeko":6,"Shuriken":10,"Ornamental Fan":24,"Membership Card":20},{"Darkstone Periapt":88,"Gremlin Horn":15,"SacredBark":65,"CeramicFish":93,"Vajra":69,"Mango":17,"Snake Skull":51,"Bag of Preparation":56,"Juzu Bracelet":88,"Whetstone":24,"Smiling Mask":77,"Nunchaku":40,"Dream Catcher":51,"Lizard Tail":83,"HornCleat":40,"WristBlade":0,"Fusion Hammer":35,"Ring of the Snake":0,"Pear":105,"Golden Idol":8,"PreservedInsect":98,"Omamori":47,"Akabeko":24,"Shuriken":51,"Ornamental Fan":125,"Membership Card":98}]},"card_choices":[{"not_picked":["Outmaneuver","Prepared"],"picked":"Underhanded Strike","floor":1.0},{"not_picked":["Backstab","Flechettes"],"picked":"Well Laid Plans","floor":3.0},{"not_picked":["Backflip","Masterful Stab"],"picked":"Crippling Poison","floor":5.0},{"not_picked":["Quick Slash","Backflip"],"picked":"Catalyst","floor":7.0},{"not_picked":["Dagger Spray","Finisher"],"picked":"Leg Sweep","floor":10.0},{"not_picked":["Dagger Spray","Calculated Gamble","Backflip"],"picked":"SKIP","floor":13.0},{"not_picked":["Wraith Form v2","A Thousand Cuts"],"picked":"Burst","floor":16.0},{"not_picked":["Blur","Quick Slash"],"picked":"Calculated Gamble","floor":18.0},{"not_picked":["Grand Finale","Poisoned Stab"],"picked":"Acrobatics+1","floor":23.0},{"not_picked":["Storm of Steel","Quick Slash"],"picked":"Predator","floor":25.0},{"not_picked":["Infinite Blades","Sucker Punch"],"picked":"PiercingWail+1","floor":27.0},{"not_picked":["Quick Slash","Deflect","Dagger Throw"],"picked":"SKIP","floor":29.0},{"not_picked":["Choke+1","Masterful Stab"],"picked":"Poisoned Stab","floor":30},{"not_picked":["Dagger Spray","Underhanded Strike","Cloak And Dagger"],"picked":"SKIP","floor":31},{"not_picked":["Finisher+1","Slice"],"picked":"Deadly Poison","floor":32},{"not_picked":["Poisoned Stab","Cloak And Dagger"],"picked":"PiercingWail+1","floor":35},{"not_picked":["Backflip","Predator+1","Dagger Throw"],"picked":"SKIP","floor":37},{"not_picked":["Eviscerate","Deadly Poison"],"picked":"Crippling Poison+1","floor":38},{"not_picked":["Backstab+1","Flying Knee"],"picked":"Acrobatics","floor":40},{"not_picked":["Slice","Venomology","Distraction"],"picked":"SKIP","floor":42},{"not_picked":["Blade Dance","Poisoned Stab+1","Dodge and Roll"],"picked":"SKIP","floor":44},{"not_picked":["Infinite Blades","Caltrops","Slice"],"picked":"SKIP","floor":45},{"not_picked":["Tactician","Endless Agony+1","Cloak And Dagger"],"picked":"SKIP","floor":47},{"not_picked":["Tactician","Endless Agony+1","Cloak And Dagger"],"picked":"SKIP","floor":47},{"not_picked":["Tactician","Endless Agony+1","Cloak And Dagger"],"picked":"SKIP","floor":47},{"not_picked":["Deadly Poison","Sucker Punch+1","Accuracy"],"picked":"SKIP","floor":48},{"not_picked":["Tactician","Flying Knee","Underhanded Strike+1"],"picked":"SKIP","floor":54}],"player_experience":612849,"relics_obtained":[{"floor":9.0,"key":"Gremlin Horn"},{"floor":13.0,"key":"Whetstone"},{"floor":14.0,"key":"Akabeko"},{"floor":23.0,"key":"Omamori"},{"floor":25.0,"key":"Dream Catcher"},{"floor":26.0,"key":"Snake Skull"},{"floor":29.0,"key":"Bag of Preparation"},{"floor":36,"key":"Vajra"},{"floor":39,"key":"Smiling Mask"},{"floor":40,"key":"Lizard Tail"},{"floor":42,"key":"Juzu Bracelet"},{"floor":43,"key":"Darkstone Periapt"},{"floor":44,"key":"CeramicFish"},{"floor":47,"key":"Pear"},{"floor":54,"key":"Ornamental Fan"}],"event_choices":[{"damage_healed":0.0,"max_hp_gain":0.0,"max_hp_loss":0.0,"gold_gain":0.0,"event_name":"Shining Light","player_choice":"Entered Light","floor":2.0,"gold_loss":0.0,"damage_taken":13.0,"cards_upgraded":["Strike_G","Neutralize"]},{"damage_healed":0.0,"max_hp_gain":0.0,"max_hp_loss":5.0,"gold_gain":0.0,"event_name":"Golden Idol","player_choice":"Lose Max HP","floor":4.0,"gold_loss":0.0,"damage_taken":0.0,"relics_obtained":["Golden Idol"]},{"damage_healed":0.0,"max_hp_gain":0.0,"max_hp_loss":0.0,"gold_gain":0.0,"event_name":"Scrap Ooze","player_choice":"Success","floor":11.0,"gold_loss":0.0,"damage_taken":12.0,"relics_obtained":["Mango"]},{"damage_healed":0.0,"max_hp_gain":0.0,"max_hp_loss":0.0,"gold_gain":0.0,"event_name":"Back to Basics","player_choice":"Simplicity","floor":20.0,"gold_loss":0.0,"damage_taken":0.0,"cards_upgraded":["Strike_G","Strike_G","Strike_G","Defend_G","Defend_G","Defend_G","Defend_G","Defend_G"]},{"damage_healed":0.0,"max_hp_gain":0.0,"max_hp_loss":0.0,"gold_gain":0.0,"event_name":"Addict","player_choice":"Obtained Relic","floor":22.0,"gold_loss":85.0,"damage_taken":0.0,"relics_obtained":["Nunchaku"]},{"damage_healed":0.0,"max_hp_gain":0.0,"max_hp_loss":0.0,"gold_gain":0.0,"event_name":"WeMeetAgain","player_choice":"Paid Gold","floor":28.0,"gold_loss":52.0,"damage_taken":0.0,"relics_obtained":["Shuriken"]},{"damage_healed":0,"gold_gain":0,"player_choice":"Memory 1","damage_taken":0,"max_hp_gain":0,"max_hp_loss":0,"event_name":"SensoryStone","floor":41,"gold_loss":0}],"is_beta":false,"boss_relics":[{"not_picked":["Sozu","Black Star"],"picked":"Fusion Hammer"},{"not_picked":["Tiny House","Coffee Dripper"],"picked":"SacredBark"}],"items_purged_floors":[46,53],"is_endless":false,"potions_floor_spawned":[3,10,13,23,25,31,38,42,44,45,47],"ascension_level":14}}