{"host":"wghdsg8ym2wc7ov9","time":1608098179,"event":{"mods":["AchievementEnabler","BaseMod","Better Altar","Better Note","Colored Map","Hermit","Highlight Path","Jorbs\u0027s Wanderer Trilogy","Minty Spire (QoL Compilation)","Random Character Button","Relic Stats","Shop Mod","StSLib","The Bug Knight","The Cursed","The Hierophant","The Servant 0.9.4"],"gold_per_floor":[111,124,141,141,141,141,157,192,192,210,210,230,148,162,162,162,162],"floor_reached":16,"playtime":3208,"items_purged":[],"score":104,"play_id":"aea1ab01-0a54-4763-89a8-75a4262536f5","local_time":"20201215215619","is_ascension_mode":false,"campfire_choices":[{"floor":6,"key":"REST"},{"floor":11,"key":"REST"},{"floor":15,"key":"REST"}],"circlet_count":0,"master_deck":["Strike_S","Strike_S","Strike_S","Strike_S","Defend_S","Defend_S","Defend_S+1","Defend_S","KidneyShot","Exchange+1","Spin","Rewind","FastForward","Starlight","SpecialFormula","Sabotage","Defy","Discovery","Contraction"],"relics":["Uniform","War Paint","Blue Candle","Oddly Smooth Stone","Bird Faced Urn"],"acts_visited":["Exordium"],"potions_floor_usage":[12,12],"damage_taken":[{"damage":5,"enemies":"Small Slimes","floor":1,"turns":4},{"damage":6,"enemies":"Jaw Worm","floor":2,"turns":5},{"damage":0,"enemies":"Cultist","floor":3,"turns":3},{"damage":2,"enemies":"Looter","floor":7,"turns":4},{"damage":35,"enemies":"3 Sentries","floor":8,"turns":11},{"damage":6,"enemies":"2 Fungi Beasts","floor":10,"turns":2},{"damage":46,"enemies":"Gremlin Gang","floor":12,"turns":5},{"damage":0,"enemies":"Looter","floor":14,"turns":4},{"damage":40,"enemies":"Hexaghost","floor":16,"turns":18}],"seed_played":"1584878689527229470","potions_obtained":[{"floor":2,"key":"FearPotion"},{"floor":7,"key":"Explosive Potion"},{"floor":14,"key":"Ancient Potion"}],"is_trial":false,"path_per_floor":["M","M","M","?","T","R","M","E","T","M","R","M","$","M","R","B"],"character_chosen":"THE_SERVANT","items_purchased":["Discovery"],"campfire_rested":3,"item_purchase_floors":[13],"current_hp_per_floor":[66,60,60,48,48,69,67,32,32,26,47,6,6,11,32,0,0],"gold":162,"neow_bonus":"TEN_PERCENT_HP_BONUS","is_daily":false,"chose_seed":false,"campfire_upgraded":0,"win_rate":0.0,"timestamp":1608098179,"path_taken":["M","M","M","?","?","R","M","E","T","?","R","M","$","M","R","BOSS"],"items_purchased_type":["Card"],"build_version":"2020-12-13","purchased_purges":0,"victory":false,"max_hp_per_floor":[71,71,71,71,71,71,71,71,71,71,71,71,71,71,71,71,71],"relic_stats":{"counters":[9,56],"Blue Candle":[0],"Bird Faced Urn":[0],"War Paint":["Defend_S","Exchange"],"obtain_stats":[{"Blue Candle":5,"Bird Faced Urn":9,"Oddly Smooth Stone":8,"Uniform":0,"War Paint":4},{"Blue Candle":3,"Bird Faced Urn":5,"Oddly Smooth Stone":5,"Uniform":0,"War Paint":3},{"Blue Candle":12,"Bird Faced Urn":27,"Oddly Smooth Stone":27,"Uniform":0,"War Paint":12}]},"card_choices":[{"not_picked":["Hightail","Replace"],"picked":"Spin","floor":1},{"not_picked":["DoubleEdge","TimeWarp"],"picked":"Rewind","floor":2},{"not_picked":["Hightail","FanOfKnives"],"picked":"FastForward","floor":3},{"not_picked":["Collapse","Replace"],"picked":"Starlight","floor":7},{"not_picked":["Sabotage","Rearm"],"picked":"SpecialFormula","floor":8},{"not_picked":["Replace","Spin"],"picked":"Sabotage","floor":10},{"not_picked":["Gouge","FastForward"],"picked":"Defy","floor":12},{"not_picked":["Rewind","BottledTime"],"picked":"Contraction","floor":14}],"player_experience":412397,"relics_obtained":[{"floor":5,"key":"Blue Candle"},{"floor":8,"key":"Oddly Smooth Stone"},{"floor":9,"key":"Bird Faced Urn"}],"event_choices":[{"damage_healed":0,"gold_gain":0,"player_choice":"Success","damage_taken":12,"relics_obtained":["War Paint"],"max_hp_gain":0,"max_hp_loss":0,"event_name":"Scrap Ooze","floor":4,"gold_loss":0}],"is_beta":false,"boss_relics":[],"items_purged_floors":[],"is_endless":false,"potions_floor_spawned":[2,7,14],"killed_by":"Hexaghost","ascension_level":0}}