{"host":"j5gdvqtwmxqn6tw6","time":1608121837,"event":{"mods":["BaseMod","Colored Map","Colored Powertips","Downfall","Minty Spire (QoL Compilation)","Replay The Spire","StSLib","SuperFastMode"],"gold_per_floor":[99,99,99,24,59,59,84,84,94,128,143,157,177,62,76,76,76],"floor_reached":16,"playtime":571,"items_purged":["hexamod:Strike","hexamod:Defend"],"score":160,"play_id":"99ebcf66-57ae-4334-be04-b4ead50470f9","local_time":"20201216133037","is_ascension_mode":false,"campfire_choices":[{"data":"hexamod:Float","floor":1,"key":"SMITH"},{"data":"hexamod:ExtraCrispy","floor":6,"key":"SMITH"},{"data":"hexamod:PhantomFireball","floor":8,"key":"SMITH"}],"circlet_count":0,"master_deck":["hexamod:Strike","hexamod:Strike","hexamod:Defend","hexamod:Defend","hexamod:Defend","hexamod:Sear","hexamod:Float+1","hexamod:PhantomFireball+1","hexamod:BurningTouch","hexamod:RainOfEmbers","hexamod:ExtraCrispy+1","hexamod:RadiantFlame","hexamod:PhantomCloak","hexamod:ThermalTransfer"],"relics":["hexamod:SpiritBrand","downfall:HeartsMalice","Eternal Feather","Ancient Tea Set","Pocketwatch"],"acts_visited":["Exordium"],"potions_floor_usage":[10,12,16,16],"damage_taken":[{"damage":0,"enemies":"Small Slimes","floor":3,"turns":1},{"damage":0,"enemies":"downfall:FleeingMerchant","floor":4,"turns":1},{"damage":0,"enemies":"Gremlin Nob","floor":5,"turns":1},{"damage":0,"enemies":"Cultist","floor":9,"turns":2},{"damage":0,"enemies":"Replay:BlueRogue","floor":10,"turns":5},{"damage":6,"enemies":"2 Louse","floor":11,"turns":3},{"damage":12,"enemies":"Exordium Thugs","floor":12,"turns":3},{"damage":26,"enemies":"3 Louse","floor":13,"turns":5},{"damage":4,"enemies":"downfall:FleeingMerchant","floor":14,"turns":4},{"damage":2,"enemies":"Blue Slaver","floor":15,"turns":4},{"damage":24,"enemies":"downfall:Silent","floor":16,"turns":2}],"seed_played":"-6129440555900290836","potions_obtained":[{"floor":9,"key":"Strength Potion"},{"floor":10,"key":"Fire Potion"},{"floor":11,"key":"PowerPotion"},{"floor":15,"key":"Fire Potion"}],"is_trial":false,"path_per_floor":["R","?","M","$","E","R","T","R","M","E","M","M","M","$","M","B"],"character_chosen":"THE_SPIRIT","items_purchased":[],"campfire_rested":0,"item_purchase_floors":[],"current_hp_per_floor":[70,70,70,70,70,70,70,70,70,70,64,52,26,22,20,0,0],"gold":76,"neow_bonus":"THREE_ENEMY_KILL","is_daily":false,"chose_seed":false,"campfire_upgraded":3,"win_rate":0.0,"timestamp":1608121837,"path_taken":["R","?","M","?","E","R","T","R","M","E","M","?","M","$","M","BOSS"],"items_purchased_type":[],"build_version":"2020-12-13","purchased_purges":2,"victory":false,"max_hp_per_floor":[70,70,70,70,70,70,70,70,70,70,70,70,70,70,70,70,70],"card_choices":[{"not_picked":["hexamod:SpectralAdrenaline","hexamod:HeatMetal"],"picked":"hexamod:BurningTouch","floor":3},{"not_picked":["hexamod:Hexaguard","hexamod:SecondSeal"],"picked":"hexamod:RainOfEmbers","floor":4},{"not_picked":["hexamod:SwordOfDarkness","hexamod:DynamicBlow"],"picked":"hexamod:ExtraCrispy","floor":5},{"not_picked":["hexamod:FourthSeal","hexamod:EtherealExpedition","hexamod:RainOfEmbers"],"picked":"SKIP","floor":9},{"not_picked":["hexamod:CatchUp","hexamod:ShieldOfDarkness"],"picked":"hexamod:RadiantFlame","floor":10},{"not_picked":["hexamod:Firestarter","hexamod:InspiringFlames"],"picked":"hexamod:PhantomCloak","floor":11},{"not_picked":["hexamod:SwordOfDarkness","hexamod:SpectersWail","hexamod:Rewind"],"picked":"SKIP","floor":12},{"not_picked":["hexamod:NightmareStrike","hexamod:SkipABeat","hexamod:GhostLash"],"picked":"SKIP","floor":13},{"not_picked":["hexamod:ChargedBarrage","hexamod:AdvancingGuard","hexamod:FastForward"],"picked":"SKIP","floor":14},{"not_picked":["hexamod:ParanormalForm","hexamod:PhantomFireball"],"picked":"hexamod:ThermalTransfer","floor":15}],"player_experience":30668,"relics_obtained":[{"floor":5,"key":"Eternal Feather"},{"floor":7,"key":"Ancient Tea Set"},{"floor":10,"key":"Pocketwatch"}],"event_choices":[{"damage_healed":0,"gold_gain":0,"cards_transformed":["hexamod:Strike"],"player_choice":"Transformed","damage_taken":0,"max_hp_gain":0,"max_hp_loss":0,"event_name":"Transmorgrifier","floor":2,"gold_loss":0,"cards_obtained":["hexamod:PhantomFireball"]}],"is_beta":false,"boss_relics":[],"items_purged_floors":[4,14],"is_endless":false,"potions_floor_spawned":[9,10,11,15],"killed_by":"downfall:Silent","ascension_level":0}}