{"host":"25hwxgnshg5vqzox","time":1608147295,"event":{"mods":["BaseMod","Colored Map","Googly Eyes","Highlight Path","Minty Spire (QoL Compilation)","Replay The Spire","StSLib"],"gold_per_floor":[111,197,208,218,228,259,259,269,296,296,252,272,287,287,287,383,383,393,211,243,223,254,254,284,310,365,402,402,402,402,402,402,511,511,538,580,606,124,124,124,33,33,58,101,129,154,154,181,181,199,199],"floor_reached":50,"playtime":4636,"items_purged":[],"score":700,"play_id":"b0c9729a-91cc-43aa-b8ea-6225092e5c0b","local_time":"20201216193455","is_ascension_mode":false,"campfire_choices":[{"floor":7,"key":"REST"},{"data":"Envenom","floor":10,"key":"SMITH"},{"floor":15,"key":"DIG"},{"data":"Backstab","floor":23,"key":"SMITH"},{"data":"Ghostly","floor":29,"key":"SMITH"},{"floor":32,"key":"DIG"},{"floor":40,"key":"REST"},{"floor":42,"key":"REST"},{"floor":47,"key":"REST"},{"data":"Ghostly","floor":49,"key":"SMITH"}],"circlet_count":0,"master_deck":["Strike_G+1","Strike_G+1","Strike_G+1","Strike_G+1","Strike_G+1","Defend_G+1","Defend_G+1","Defend_G+1","Defend_G+1","Defend_G+1","Survivor","Neutralize","Crippling Poison","Deadly Poison","Flying Knee+1","PiercingWail+1","Draining Mist","Deflect","Masterful Stab","Envenom+1","Caltrops","Backstab+1","Bullet Time+1","Deadly Poison","Slice","Skewer","Deflect+1","Sucker Punch","Dodge and Roll","Pot Of Greed+1","Pot Of Greed","Pot Of Greed","Blade Dance","Ghostly+1","Ghostly+1","Ghostly+1","Ghostly","Ghostly","ReplayTheSpireMod:From All Sides","Pot Of Greed","Blade Dance","Distraction+1","Die Die Die","Die Die Die","The Bomb","Fluid Movement","ReplayTheSpireMod:Private Reserves","Replay:Poison Smokescreen","Poisoned Stab+1","Replay:Poison Smokescreen+1"],"relics":["Ring of the Snake","NeowsBlessing","ReplayTheSpireMod:Lightbulb","Gremlin Food","Pet Ghost","Boot","Honey Jar","Replay:Bandana","Grinning Jar","Replay:Bottled Eggs","WristBlade","Dream Catcher"],"acts_visited":["Exordium","TheCity","TheBeyond"],"potions_floor_usage":[6,27,37,50,50,50],"damage_taken":[{"damage":0,"enemies":"2 Louse","floor":1,"turns":1},{"damage":0,"enemies":"Jaw Worm","floor":3,"turns":1},{"damage":0,"enemies":"Cultist","floor":4,"turns":1},{"damage":0,"enemies":"Large Slime","floor":5,"turns":7},{"damage":20,"enemies":"3 Sentries","floor":6,"turns":11},{"damage":0,"enemies":"3 Louse","floor":8,"turns":3},{"damage":0,"enemies":"Blue Slaver","floor":12,"turns":4},{"damage":2,"enemies":"Red Slaver","floor":13,"turns":5},{"damage":31,"enemies":"The Guardian","floor":16,"turns":12},{"damage":0,"enemies":"Shell Parasite","floor":18,"turns":4},{"damage":7,"enemies":"2 Thieves","floor":20,"turns":4},{"damage":3,"enemies":"Centurion and Healer","floor":22,"turns":7},{"damage":3,"enemies":"Snecko","floor":24,"turns":4},{"damage":0,"enemies":"Snake Plant","floor":25,"turns":4},{"damage":5,"enemies":"Sentry and Sphere","floor":27,"turns":5},{"damage":19,"enemies":"Pondfish","floor":33,"turns":12},{"damage":1,"enemies":"3 Shapes","floor":35,"turns":4},{"damage":5,"enemies":"3 Darklings","floor":36,"turns":5},{"damage":16,"enemies":"Writhing Mass","floor":37,"turns":5},{"damage":6,"enemies":"4 Shapes","floor":44,"turns":3},{"damage":1,"enemies":"Transient","floor":45,"turns":5},{"damage":2,"enemies":"Jaw Worm Horde","floor":46,"turns":4},{"damage":1,"enemies":"3 Darklings","floor":48,"turns":6},{"damage":61,"enemies":"Replay:Hell Engine","floor":50,"turns":13}],"seed_played":"8014356038512010983","potions_obtained":[{"floor":1,"key":"SneckoOil"},{"floor":3,"key":"FairyPotion"},{"floor":12,"key":"GamblersBrew"},{"floor":13,"key":"Fire Potion"},{"floor":16,"key":"ColorlessPotion"},{"floor":21,"key":"Elixir"},{"floor":22,"key":"Toxic Potion"},{"floor":25,"key":"Explosive Potion"},{"floor":36,"key":"Adrenaline Potion"},{"floor":44,"key":"SpeedPotion"}],"is_trial":false,"path_per_floor":["M","?","M","M","M","E","R","M","T","R","?","M","M","?","R_BF","B",null,"M","$","M","?","M","R","M","M","T","M","?","R","?","?","R_BF","B",null,"M","M","M","$","?","R","$","R","T","M","M","M","R","M","R","B"],"character_chosen":"THE_SILENT","items_purchased":["Replay:Bandana","Slice","Flashbang","Die Die Die","The Bomb","Fluid Movement","ReplayTheSpireMod:Private Reserves"],"campfire_rested":4,"item_purchase_floors":[19,19,38,38,38,38,41],"current_hp_per_floor":[70,70,70,70,70,50,70,70,70,70,70,70,68,56,56,25,70,70,70,63,63,60,60,57,57,57,52,35,35,35,31,31,12,40,39,34,18,18,18,30,30,40,40,34,33,31,40,39,39,0,0],"gold":199,"neow_bonus":"THREE_ENEMY_KILL","is_daily":false,"chose_seed":false,"campfire_upgraded":4,"win_rate":0.0,"timestamp":1608147295,"path_taken":["M","?","?","M","M","E","R","M","T","R","?","M","M","?","R_BF","BOSS","M","$","M","?","?","R","M","M","T","M","?","R","?","?","R_BF","BOSS","M","M","M","$","?","R","?","R","T","M","M","?","R","M","R","BOSS"],"items_purchased_type":["Relic","Card","Potion","Card","Card","Card","Card"],"build_version":"2020-12-13","purchased_purges":0,"victory":false,"max_hp_per_floor":[70,70,70,70,70,70,70,70,70,70,70,70,70,70,70,70,70,70,70,70,70,70,70,70,70,70,70,35,35,35,40,40,40,40,40,40,40,40,40,40,40,40,40,40,40,40,40,40,40,40,40],"card_choices":[{"not_picked":["Bouncing Flask","Poisoned Stab"],"picked":"Crippling Poison","floor":1},{"not_picked":["Leg Sweep","Toxin Wave"],"picked":"Deadly Poison","floor":2},{"not_picked":["Underhanded Strike","Sneak Up"],"picked":"Flying Knee","floor":2},{"not_picked":["Blur","Footwork"],"picked":"PiercingWail","floor":2},{"not_picked":["Poisoned Stab","All Out Attack"],"picked":"Draining Mist","floor":3},{"not_picked":["Flying Knee","Blade Dance"],"picked":"Deflect","floor":4},{"not_picked":["Predator","PiercingWail"],"picked":"Masterful Stab","floor":5},{"not_picked":["Underhanded Strike","PiercingWail","Well Laid Plans"],"picked":"SKIP","floor":6},{"not_picked":["Acrobatics","Deflect"],"picked":"Envenom","floor":8},{"not_picked":["Dagger Spray","Blade Dance"],"picked":"Caltrops","floor":12},{"not_picked":["Choke","Tactician"],"picked":"Backstab","floor":13},{"not_picked":["Phantasmal Killer","ReplayTheSpireMod:Necrosis"],"picked":"Bullet Time","floor":16},{"not_picked":["Reflex","Crippling Poison","Leg Sweep"],"picked":"Deadly Poison","floor":18},{"not_picked":["Acrobatics","Blade Dance","Blur"],"picked":"Skewer","floor":20},{"not_picked":["Quick Slash","Underhanded Strike","Slice"],"picked":"Deflect+1","floor":22},{"not_picked":["ReplayTheSpireMod:Exploit Weakness","Dagger Throw","Adrenaline"],"picked":"Sucker Punch","floor":24},{"not_picked":["ReplayTheSpireMod:Tripwire","Expertise","Underhanded Strike+1"],"picked":"Dodge and Roll","floor":25},{"not_picked":["Masterful Stab+1","Sneak Up","ReplayTheSpireMod:Tripwire"],"picked":"Blade Dance","floor":27},{"not_picked":["Night Terror","Venomology","Malaise"],"picked":"ReplayTheSpireMod:From All Sides","floor":33},{"not_picked":["Poisoned Stab","Deadly Poison","Flying Knee+1"],"picked":"Blade Dance","floor":35},{"not_picked":["Hidden Blade","Deadly Poison+1","Dodge and Roll"],"picked":"Distraction+1","floor":36},{"not_picked":["Calculated Gamble","Acrobatics+1","Skewer+1","Riddle With Holes"],"picked":"SKIP","floor":37},{"not_picked":["Reflex","Quick Slash","ReplayTheSpireMod:Shiv Toss"],"picked":"Replay:Poison Smokescreen","floor":44},{"not_picked":["Acrobatics+1","Hidden Blade+1","Slice"],"picked":"Poisoned Stab+1","floor":45},{"not_picked":["Flying Knee","PiercingWail","Dagger Throw+1","Outmaneuver"],"picked":"SKIP","floor":46},{"not_picked":["Distraction","Escape Plan+1","Prepared"],"picked":"Replay:Poison Smokescreen+1","floor":48}],"player_experience":2024,"relics_obtained":[{"floor":6,"key":"ReplayTheSpireMod:Lightbulb"},{"floor":9,"key":"Gremlin Food"},{"floor":15,"key":"Boot"},{"floor":26,"key":"Grinning Jar"},{"floor":32,"key":"Replay:Bottled Eggs"},{"floor":43,"key":"Dream Catcher"}],"event_choices":[{"damage_healed":0,"gold_gain":0,"player_choice":"Left Gold","damage_taken":0,"max_hp_gain":0,"max_hp_loss":0,"event_name":"World of Goop","floor":11,"gold_loss":44},{"damage_healed":0,"gold_gain":0,"player_choice":"Success","damage_taken":12,"relics_obtained":["Pet Ghost"],"max_hp_gain":0,"max_hp_loss":0,"event_name":"Scrap Ooze","floor":14,"gold_loss":0},{"damage_healed":0,"gold_gain":0,"player_choice":"Bought 1 Potion","damage_taken":0,"max_hp_gain":0,"max_hp_loss":0,"event_name":"The Woman in Blue","floor":21,"gold_loss":0},{"damage_healed":0,"gold_gain":0,"player_choice":"Became a Ghost","damage_taken":0,"max_hp_gain":0,"max_hp_loss":35,"event_name":"Ghosts","floor":28,"gold_loss":0,"cards_obtained":["Ghostly","Ghostly","Ghostly","Ghostly","Ghostly"]},{"damage_healed":0,"gold_gain":0,"player_choice":"Simplicity","damage_taken":0,"max_hp_gain":0,"max_hp_loss":0,"event_name":"Back to Basics","floor":30,"gold_loss":0,"cards_upgraded":["Strike_G","Strike_G","Strike_G","Strike_G","Strike_G","Defend_G","Defend_G","Defend_G","Defend_G","Defend_G"]},{"damage_healed":0,"gold_gain":0,"player_choice":"Shed Blood","damage_taken":9,"max_hp_gain":5,"max_hp_loss":0,"event_name":"Forgotten Altar","floor":31,"gold_loss":0},{"damage_healed":0,"gold_gain":0,"player_choice":"Forge","damage_taken":0,"max_hp_gain":0,"max_hp_loss":0,"event_name":"Accursed Blacksmith","floor":39,"gold_loss":0,"cards_upgraded":["Ghostly"]}],"is_beta":false,"boss_relics":[{"not_picked":["Snecko Eye","SlaversCollar"],"picked":"Honey Jar"},{"not_picked":["Replay:Drink Me","Ring of Chaos"],"picked":"WristBlade"}],"items_purged_floors":[],"is_endless":false,"potions_floor_spawned":[1,3,12,13,16,22,25,36,44],"killed_by":"Replay:Hell Engine","ascension_level":0}}