{"host":"l2dnabsh5e0fsksb","time":1608114033,"event":{"mods":["2.2 Compatiblity","BaseMod","Downfall","Minty Spire (QoL Compilation)","Quick Restart","StSLib"],"gold_per_floor":[99,130,130,130,130,162,162,12,31,31,48,48,33,46,62,162,162,162,191,208,226,254,265,334,259,272,305,321,341,360,166,179,281,281,281,316,316,335,335,352,379,390,425,425,444,56,67,119,134,134,134,169,13,13,13,13],"floor_reached":55,"playtime":4478,"items_purged":["sneckomod:Bewildered","hexamod:Strike"],"score":976,"play_id":"fa0ee623-2c6e-46fb-82a9-613221357355","local_time":"20201216205033","is_ascension_mode":false,"campfire_choices":[{"floor":1.0,"key":"RECALL"},{"data":"hexamod:SpectersWail","floor":8.0,"key":"SMITH"},{"data":"hexamod:NecessarySacrifice","floor":10.0,"key":"SMITH"},{"data":"hexamod:EmpoweringStance","floor":18,"key":"SMITH"},{"data":"hexamod:FlamesFromBeyond","floor":25,"key":"SMITH"},{"data":"hexamod:VolcanoVisage","floor":35,"key":"SMITH"},{"data":"hexamod:GhostShield","floor":37,"key":"SMITH"},{"floor":44,"key":"REST"},{"data":"hexamod:VolcanoVisage","floor":54,"key":"SMITH"}],"circlet_count":0,"master_deck":["hexamod:Strike","hexamod:Strike","hexamod:Strike","hexamod:Defend","hexamod:Defend","hexamod:Defend","hexamod:Defend","hexamod:Sear","hexamod:Float","hexamod:GhostShield+1","hexamod:SpectersWail+1","hexamod:FlamesFromBeyond+1","hexamod:NecessarySacrifice+1","hexamod:AdvancingGuard","hexamod:ShieldOfDarkness","hexamod:ShieldOfDarkness","hexamod:GhostflameBarrier","hexamod:EmpoweringStance+1","hexamod:GhostflameBarrier","hexamod:HeatMetal+1","hexamod:ThermalTransfer+1","hexamod:RainOfEmbers+1","hexamod:RainOfEmbers+1","hexamod:ShieldOfDarkness+1","hexamod:SwordOfDarkness+1","hexamod:PhantomFireball+1","hexamod:RadiantFlame","hexamod:SoulSteal+1","hexamod:SpectersWail+1","hexamod:FirstSeal","hexamod:VolcanoVisage+1","hexamod:RadiantFlame+1","hexamod:Hexaguard+1","hexamod:HeatShield+1","hexamod:ThermalTransfer+1","hexamod:SwordOfDarkness+1","hexamod:GhostLash+1","hexamod:PhantomFireball+1","Parasite","hexamod:Again+1","hexamod:AdvancingGuard+1","hexamod:Incineration+1","hexamod:VolcanoVisage+1","hexamod:RadiantFlame+1"],"relics":["hexamod:SpiritBrand","downfall:HeartsMalice","Unceasing Top","Omamori","Matryoshka","Ancient Tea Set","Molten Egg 2","downfall:HeartBlessingRed","downfall:HeartBlessingGreen","WarpedTongs","Cursed Key","InkBottle","Boot","Bag of Preparation","downfall:HeartBlessingBlue","Pear","Toy Ornithopter","expansioncontent:StudyCardRelic","Turnip","hexamod:MatchstickCase","Orichalcum","Guardian:PocketSentry","ClockworkSouvenir","Sling","Bottled Tornado","Lee\u0027s Waffle"],"acts_visited":["Exordium","TheCity","TheBeyond","TheEnding"],"potions_floor_usage":[19,19,23,27,27,33,43,55,55,55],"damage_taken":[{"damage":0.0,"enemies":"3 Sentries","floor":2.0,"turns":1.0},{"damage":0.0,"enemies":"Jaw Worm","floor":3.0,"turns":1.0},{"damage":0.0,"enemies":"Gremlin Nob","floor":6.0,"turns":1.0},{"damage":0.0,"enemies":"Small Slimes","floor":9.0,"turns":2.0},{"damage":0.0,"enemies":"Cultist","floor":11.0,"turns":3.0},{"damage":0.0,"enemies":"downfall:FleeingMerchant","floor":13.0,"turns":4.0},{"damage":0,"enemies":"3 Louse","floor":14,"turns":3},{"damage":2,"enemies":"Lots of Slimes","floor":15,"turns":3},{"damage":4,"enemies":"downfall:Silent","floor":16,"turns":14},{"damage":7,"enemies":"Slavers","floor":19,"turns":4},{"damage":0,"enemies":"3 Byrds","floor":20,"turns":4},{"damage":0,"enemies":"Spheric Guardian","floor":21,"turns":4},{"damage":0,"enemies":"Book of Stabbing","floor":22,"turns":6},{"damage":0,"enemies":"Snecko","floor":23,"turns":3},{"damage":0,"enemies":"Centurion and Healer","floor":26,"turns":4},{"damage":4,"enemies":"Gremlin Leader","floor":27,"turns":7},{"damage":13,"enemies":"Snake Plant","floor":28,"turns":4},{"damage":3,"enemies":"Sentry and Sphere","floor":29,"turns":5},{"damage":16,"enemies":"3 Cultists","floor":30,"turns":5},{"damage":0,"enemies":"downfall:FleeingMerchant","floor":31,"turns":4},{"damage":0,"enemies":"Snecko","floor":32,"turns":3},{"damage":44,"enemies":"downfall:Defect","floor":33,"turns":11},{"damage":25,"enemies":"Nemesis","floor":36,"turns":6},{"damage":6,"enemies":"3 Shapes","floor":38,"turns":3},{"damage":0,"enemies":"Orb Walker","floor":40,"turns":3},{"damage":26,"enemies":"Maw","floor":42,"turns":8},{"damage":30,"enemies":"Giant Head","floor":43,"turns":10},{"damage":0,"enemies":"4 Shapes","floor":45,"turns":5},{"damage":0,"enemies":"downfall:FleeingMerchant","floor":46,"turns":4},{"damage":0,"enemies":"Writhing Mass","floor":47,"turns":4},{"damage":0,"enemies":"downfall:FleeingMerchant","floor":48,"turns":2},{"damage":8,"enemies":"Jaw Worm Horde","floor":49,"turns":3},{"damage":5,"enemies":"downfall:Ironclad","floor":50,"turns":6},{"damage":87,"enemies":"downfall:CharBossMerchant","floor":52,"turns":9},{"damage":104,"enemies":"downfall:NeowBoss","floor":55,"turns":31}],"seed_played":"-3515523555044030851","potions_obtained":[{"floor":6.0,"key":"Fire Potion"},{"floor":9.0,"key":"LiquidMemories"},{"floor":14,"key":"Fire Potion"},{"floor":19,"key":"Dexterity Potion"},{"floor":22,"key":"FearPotion"},{"floor":23,"key":"SkillPotion"},{"floor":28,"key":"Ancient Potion"},{"floor":32,"key":"SpeedPotion"},{"floor":36,"key":"SmokeBomb"},{"floor":42,"key":"Strength Potion"},{"floor":45,"key":"SneckoOil"},{"floor":47,"key":"sneckomod:MuddlingPotion"},{"floor":49,"key":"hexamod:DoubleChargePotion"}],"is_trial":false,"path_per_floor":["R","E","M","?","?","E","T","R","M","R","M","?","$","M","M","B",null,"R","E","M","M","E","M","T","R","M","E","M","M","M","$","M","B",null,"R","E","R","M","?","M","T","M","E","R","M","$","M","$","M","B",null,"E","$","R","B"],"character_chosen":"THE_SPIRIT","items_purchased":["Toy Ornithopter","hexamod:SpectersWail+1","Guardian:PocketSentry","ClockworkSouvenir","hexamod:Incineration+1","Sling","Lee\u0027s Waffle"],"campfire_rested":1,"item_purchase_floors":[31,31,46,46,48,48,53],"current_hp_per_floor":[70,70,70,70,70,70,70,70,70,70,70,70,70,70,68,64,70,70,63,63,63,63,63,63,73,73,79,66,63,47,47,47,15,90,90,72,72,73,90,90,90,71,53,80,80,87,90,90,82,84,90,10,97,97,0,0],"gold":13,"neow_bonus":"THREE_ENEMY_KILL","is_daily":false,"chose_seed":false,"campfire_upgraded":7,"win_rate":0.0,"timestamp":1608114033,"path_taken":["R","E","M","?","?","E","T","R","?","R","M","?","$","M","M","BOSS","R","E","M","M","E","M","T","R","?","E","M","M","M","$","M","BOSS","R","E","R","M","?","?","T","M","E","R","M","$","M","?","M","BOSS","E","$","R","BOSS"],"items_purchased_type":["Relic","Card","Relic","Relic","Card","Relic","Relic"],"build_version":"2020-12-13","purchased_purges":2,"victory":false,"max_hp_per_floor":[70,70,70,70,70,70,70,70,70,70,70,70,70,70,70,70,70,70,70,70,70,70,70,70,80,80,90,90,90,90,90,90,90,90,90,90,90,90,90,90,90,90,90,90,90,90,90,90,90,90,90,90,97,97,97,97],"card_choices":[{"not_picked":["hexamod:FastForward","hexamod:NightmareGuise"],"picked":"hexamod:GhostShield","floor":2.0},{"not_picked":["hexamod:UnleashSpirits","hexamod:Hexaguard"],"picked":"hexamod:SpectersWail","floor":3.0},{"not_picked":["hexamod:InspiringFlames","hexamod:SpectralAdrenaline"],"picked":"hexamod:FlamesFromBeyond","floor":6.0},{"not_picked":["hexamod:Hexaguard","hexamod:FourthSeal"],"picked":"hexamod:NecessarySacrifice","floor":9.0},{"not_picked":["hexamod:FastForward","hexamod:InspiringFlames"],"picked":"hexamod:AdvancingGuard","floor":11.0},{"not_picked":["hexamod:Haunt","hexamod:HeatMetal+1"],"picked":"hexamod:ShieldOfDarkness","floor":13.0},{"not_picked":["hexamod:CatchUp","hexamod:AdvancingGuard"],"picked":"hexamod:ShieldOfDarkness","floor":14},{"not_picked":["hexamod:BurningTouch","hexamod:PowerFromBeyond"],"picked":"hexamod:GhostflameBarrier","floor":15},{"not_picked":["hexamod:UnleashSpirits+1","hexamod:ParanormalForm"],"picked":"hexamod:EmpoweringStance","floor":16},{"not_picked":["hexamod:NightmareStrike+1","hexamod:GhostOfSpirePresent"],"picked":"hexamod:GhostflameBarrier","floor":19},{"not_picked":["hexamod:GhostLash+1","hexamod:PhantomCloak"],"picked":"hexamod:HeatMetal+1","floor":20},{"not_picked":["hexamod:PowerFromBeyond","hexamod:NightmareGuise"],"picked":"hexamod:ThermalTransfer+1","floor":21},{"not_picked":["hexamod:AdvancingGuard","hexamod:WildfireWeapon"],"picked":"hexamod:RainOfEmbers+1","floor":22},{"not_picked":["hexamod:ShieldOfDarkness","hexamod:RecurringNightmare"],"picked":"hexamod:RainOfEmbers+1","floor":23},{"not_picked":["hexamod:HauntingEcho+1","hexamod:GhostLash+1"],"picked":"hexamod:ShieldOfDarkness+1","floor":26},{"not_picked":["hexamod:ThirdSeal","hexamod:BurningTouch","hexamod:GhostflameBarrier"],"picked":"SKIP","floor":27},{"not_picked":["hexamod:NightmareStrike+1","hexamod:SixthSeal"],"picked":"hexamod:SwordOfDarkness+1","floor":28},{"not_picked":["hexamod:ShieldOfDarkness+1","hexamod:Firestarter+1"],"picked":"hexamod:PhantomFireball+1","floor":29},{"not_picked":["hexamod:RecurringNightmare","hexamod:AdvancingGuard"],"picked":"hexamod:RadiantFlame","floor":30},{"not_picked":["hexamod:GhostflameBarrier","hexamod:RadiantFlame"],"picked":"hexamod:SoulSteal+1","floor":31},{"not_picked":["hexamod:CatchUp","hexamod:InspiringFlames"],"picked":"hexamod:FirstSeal","floor":32},{"not_picked":["hexamod:TimeOfNeed","hexamod:UnleashSpirits+1"],"picked":"hexamod:VolcanoVisage","floor":33},{"not_picked":["hexamod:GhostLash+1","hexamod:HeatShield"],"picked":"hexamod:RadiantFlame+1","floor":36},{"not_picked":["hexamod:AdvancingGuard","hexamod:BurningTouch"],"picked":"hexamod:Hexaguard+1","floor":38},{"not_picked":["hexamod:DynamicBlow+1","hexamod:Hexaguard"],"picked":"hexamod:HeatShield+1","floor":40},{"not_picked":["hexamod:NecessarySacrifice","hexamod:BurningTouch"],"picked":"hexamod:ThermalTransfer+1","floor":42},{"not_picked":["hexamod:FourthSeal","hexamod:SpectersWail+1"],"picked":"hexamod:SwordOfDarkness+1","floor":43},{"not_picked":["hexamod:FastForward","hexamod:GhostflameBarrier"],"picked":"hexamod:GhostLash+1","floor":45},{"not_picked":["hexamod:ShieldOfDarkness","hexamod:NightmareGuise+1"],"picked":"hexamod:PhantomFireball+1","floor":46},{"not_picked":["hexamod:ThermalTransfer+1","hexamod:NecessarySacrifice"],"picked":"hexamod:Again+1","floor":47},{"not_picked":["hexamod:FastForward","hexamod:SkipABeat"],"picked":"hexamod:AdvancingGuard+1","floor":48},{"not_picked":["hexamod:GhostShield","hexamod:InspiringFlames+1"],"picked":"hexamod:VolcanoVisage","floor":49},{"not_picked":["hexamod:NightmareStrike+1","hexamod:EtherealExpedition"],"picked":"hexamod:RadiantFlame+1","floor":52}],"player_experience":1690596,"relics_obtained":[{"floor":2.0,"key":"Unceasing Top"},{"floor":6.0,"key":"Matryoshka"},{"floor":7.0,"key":"Ancient Tea Set"},{"floor":7.0,"key":"Molten Egg 2"},{"floor":19,"key":"InkBottle"},{"floor":22,"key":"Boot"},{"floor":24,"key":"Bag of Preparation"},{"floor":27,"key":"Pear"},{"floor":36,"key":"Turnip"},{"floor":41,"key":"hexamod:MatchstickCase"},{"floor":43,"key":"Orichalcum"},{"floor":52,"key":"Bottled Tornado"}],"event_choices":[{"damage_healed":0.0,"max_hp_gain":0.0,"max_hp_loss":0.0,"gold_gain":0.0,"event_name":"Big Fish","player_choice":"Box","floor":4.0,"gold_loss":0.0,"damage_taken":0.0,"relics_obtained":["Omamori"],"cards_obtained":["Regret"]},{"cards_removed":["Regret"],"damage_healed":0.0,"max_hp_gain":0.0,"max_hp_loss":0.0,"gold_gain":0.0,"event_name":"Purifier","player_choice":"Purged","floor":5.0,"gold_loss":0.0,"damage_taken":0.0},{"damage_healed":0.0,"max_hp_gain":0.0,"max_hp_loss":0.0,"gold_gain":0.0,"event_name":"Accursed Blacksmith","player_choice":"Rummage","floor":12.0,"gold_loss":0.0,"damage_taken":0.0,"relics_obtained":["WarpedTongs"],"cards_obtained":["Pain"]},{"damage_healed":17,"gold_gain":0,"player_choice":"Full Heal","damage_taken":0,"max_hp_gain":0,"max_hp_loss":0,"event_name":"Wheel of Change","floor":39,"gold_loss":0}],"is_beta":false,"boss_relics":[{"not_picked":["Snecko Eye","Runic Pyramid"],"picked":"Cursed Key"},{"not_picked":["Empty Cage","SacredBark"],"picked":"expansioncontent:StudyCardRelic"}],"items_purged_floors":[46,48],"is_endless":false,"potions_floor_spawned":[6,9,14,15,19,22,23,28,32,36,42,45,47,49],"killed_by":"downfall:NeowBoss","ascension_level":0}}