{"host":"43ljbksi7ebmxfn8","time":1608097426,"event":{"mods":["Act Like it!","BaseMod","Gensokyo","Minty Spire (QoL Compilation)","MostiFishMod","Pale of the Ancients","Quick Restart","Shop Mod","Spicy Shops","StSLib","TestMod","óô»ðÖ¸ÄÏ"],"gold_per_floor":[118,131,131,148,168,168,193,193,193,232,81,81,81],"floor_reached":12,"playtime":828,"items_purged":[],"score":136,"play_id":"0cf0d3e2-5495-4594-a742-3bc2fdf27388","local_time":"20201216134346","is_ascension_mode":true,"campfire_choices":[{"data":"MostiFishMod:SephirahHod","floor":6,"key":"SMITH"}],"circlet_count":0,"master_deck":["AscendersBane","Strike_B","Strike_B","Strike_B","Strike_B","Defend_B","Defend_B","Defend_B","Defend_B","Zap","MostiFishMod:SephirahHod+1","testmod-Bloodthirsty","DevaForm","Necronomicurse"],"relics":["Cracked Core","DaveBox","testmod-TestBox","MostiFishMod:Hod","testmod-CasingShield","Question Card","PrismaticShard","Gensokyo:Justice","CeramicFish","Gensokyo:PortableGap","testmod-CrystalShield","Necronomicon"],"acts_visited":["Exordium"],"potions_floor_usage":[],"damage_taken":[{"damage":8,"enemies":"Gensokyo:2_Kodama","floor":1,"turns":3},{"damage":1,"enemies":"Gensokyo:Gryphon","floor":2,"turns":2},{"damage":0,"enemies":"Gensokyo:3_Fairies","floor":4,"turns":4},{"damage":3,"enemies":"Gensokyo:Gryphon_and_Rabbit","floor":5,"turns":4},{"damage":20,"enemies":"Gensokyo:Aya","floor":7,"turns":5},{"damage":16,"enemies":"Gensokyo:Cirno","floor":10,"turns":6},{"damage":77,"enemies":"Gensokyo:Mamizou","floor":12,"turns":12}],"seed_played":"-7874548002160233548","potions_obtained":[{"floor":2,"key":"Fire Potion"},{"floor":5,"key":"EntropicBrew"}],"is_trial":false,"path_per_floor":["M","M","?","M","M","R","E","?","T","E","?","E"],"character_chosen":"DEFECT","items_purchased":[],"campfire_rested":0,"item_purchase_floors":[],"current_hp_per_floor":[56,55,55,55,52,52,59,59,59,47,47,0,0],"gold":81,"neow_bonus":"THREE_CARDS","is_daily":false,"chose_seed":false,"campfire_upgraded":1,"win_rate":0.0,"timestamp":1608097426,"path_taken":["M","M","?","M","M","R","E","?","T","E","?","E"],"items_purchased_type":[],"build_version":"2020-12-13","purchased_purges":0,"victory":false,"max_hp_per_floor":[71,71,71,71,71,71,71,64,64,64,64,64,64],"card_choices":[{"not_picked":["Rebound","Cold Snap","Force Field"],"picked":"SKIP","floor":1},{"not_picked":["SignatureMove","Gash","Flying Knee","BowlingBash"],"picked":"SKIP","floor":2},{"not_picked":["Slice","Sucker Punch","BowlingBash","MostiFishMod:FrostNova"],"picked":"SKIP","floor":4},{"not_picked":["FollowUp","Sucker Punch","Searing Blow"],"picked":"testmod-Bloodthirsty","floor":5},{"not_picked":["Combust","Prepared","Loop","Sucker Punch"],"picked":"SKIP","floor":7},{"not_picked":["Steam Power","Power Through","Wild Strike"],"picked":"DevaForm","floor":10}],"player_experience":354705,"relics_obtained":[{"floor":1,"key":"Question Card"},{"floor":1,"key":"PrismaticShard"},{"floor":7,"key":"CeramicFish"},{"floor":10,"key":"testmod-CrystalShield"}],"event_choices":[],"is_beta":false,"boss_relics":[],"items_purged_floors":[],"is_endless":false,"potions_floor_spawned":[2,5],"killed_by":"Gensokyo:Mamizou","ascension_level":14}}