{"host":"cf32014d19ld5mat","time":1608139387,"event":{"mods":["AchievementEnabler","BaseMod","Block Reminder","Minty Spire (QoL Compilation)","Random Character Button","Relic Stats","StSLib"],"gold_per_floor":[113,113,113,127,277,304,19,85,85,85,85,136,136,179,179,252,302,302,316,316,316],"floor_reached":20,"playtime":508,"items_purged":["Doubt"],"score":480,"play_id":"92dac935-d234-470a-ab02-055d18c8c1cc","local_time":"20201216172307","is_ascension_mode":true,"campfire_choices":[{"floor":13.0,"key":"REST"},{"data":"Gash","floor":15.0,"key":"SMITH"}],"circlet_count":0,"master_deck":["AscendersBane","Strike_B","Strike_B","Strike_B","Defend_B","Defend_B","Defend_B+1","Zap","Dualcast","Sweeping Beam","HandOfGreed+1","BootSequence+1","Gash+1","Ball Lightning","Biased Cognition","Skim+1","All For One","Gash"],"relics":["Cracked Core","NeowsBlessing","Turnip","Gambling Chip","Toxic Egg 2","Peace Pipe","Potion Belt","Tiny House"],"acts_visited":["Exordium","TheCity"],"potions_floor_usage":[16,20],"damage_taken":[{"damage":0.0,"enemies":"Small Slimes","floor":1.0,"turns":1.0},{"damage":0.0,"enemies":"Jaw Worm","floor":4.0,"turns":1.0},{"damage":0.0,"enemies":"Gremlin Nob","floor":6.0,"turns":1.0},{"damage":35.0,"enemies":"3 Sentries","floor":8.0,"turns":6.0},{"damage":0.0,"enemies":"Gremlin Nob","floor":12.0,"turns":3.0},{"damage":0.0,"enemies":"2 Louse","floor":14.0,"turns":2.0},{"damage":21,"enemies":"Hexaghost","floor":16,"turns":7},{"damage":18,"enemies":"2 Thieves","floor":18,"turns":4},{"damage":23,"enemies":"Spheric Guardian","floor":19,"turns":4},{"damage":0,"enemies":"Snake Plant","floor":20,"turns":2}],"seed_played":"6583999650781681549","potions_obtained":[{"floor":1.0,"key":"Ancient Potion"},{"floor":8.0,"key":"LiquidMemories"},{"floor":14.0,"key":"CultistPotion"},{"floor":16,"key":"EssenceOfSteel"},{"floor":17,"key":"Dexterity Potion"}],"is_trial":false,"path_per_floor":["M","?","?","M","?","E","$","E","T","?","?","E","R","M","R","B",null,"M","M","M"],"character_chosen":"DEFECT","items_purchased":["HandOfGreed"],"campfire_rested":1,"item_purchase_floors":[7],"current_hp_per_floor":[64,46,39,39,39,39,39,4,4,4,4,4,25,25,25,4,59,41,18,18,18],"gold":316,"neow_bonus":"THREE_ENEMY_KILL","is_daily":false,"chose_seed":false,"campfire_upgraded":1,"win_rate":0.0,"timestamp":1608139387,"path_taken":["M","?","?","M","?","E","$","E","T","?","?","E","R","M","R","BOSS","M","?","M"],"items_purchased_type":["Card"],"build_version":"2020-12-13","purchased_purges":1,"victory":false,"max_hp_per_floor":[71,71,71,71,71,71,71,71,71,71,71,71,71,71,71,71,76,76,76,76,76],"relic_stats":{"Peace Pipe":0,"counters":[10,31],"Gambling Chip":[19],"Turnip":[7],"obtain_stats":[{"Peace Pipe":9,"Potion Belt":12,"Tiny House":17,"NeowsBlessing":0,"Gambling Chip":6,"Turnip":2,"Toxic Egg 2":8,"Cracked Core":0},{"Peace Pipe":4,"Potion Belt":5,"Tiny House":7,"NeowsBlessing":0,"Gambling Chip":3,"Turnip":1,"Toxic Egg 2":4,"Cracked Core":0},{"Peace Pipe":9,"Potion Belt":12,"Tiny House":21,"NeowsBlessing":0,"Gambling Chip":3,"Turnip":1,"Toxic Egg 2":9,"Cracked Core":0}]},"card_choices":[{"not_picked":["Fusion","BootSequence"],"picked":"Sweeping Beam","floor":1.0},{"not_picked":["Leap","Hello World","Darkness"],"picked":"SKIP","floor":4.0},{"not_picked":["Leap","Stack","Redo"],"picked":"SKIP","floor":6.0},{"not_picked":["Leap+1","Stack+1"],"picked":"BootSequence+1","floor":8.0},{"not_picked":["Hologram+1","Chill+1"],"picked":"Gash","floor":12.0},{"not_picked":["Undo+1","Cold Snap"],"picked":"Ball Lightning","floor":14.0},{"not_picked":["Rainbow+1","Hyperbeam"],"picked":"Biased Cognition","floor":16},{"not_picked":["Redo+1","Rebound"],"picked":"Skim+1","floor":17},{"not_picked":["Barrage+1","Redo+1"],"picked":"All For One","floor":18},{"not_picked":["Tempest+1","Coolheaded+1"],"picked":"Gash","floor":19}],"player_experience":949695,"relics_obtained":[{"floor":6.0,"key":"Gambling Chip"},{"floor":8.0,"key":"Toxic Egg 2"},{"floor":9.0,"key":"Peace Pipe"},{"floor":12.0,"key":"Potion Belt"}],"event_choices":[{"damage_healed":0.0,"max_hp_gain":0.0,"max_hp_loss":0.0,"gold_gain":0.0,"event_name":"Scrap Ooze","player_choice":"Success","floor":2.0,"gold_loss":0.0,"damage_taken":18.0,"relics_obtained":["Turnip"]},{"cards_removed":["Defend_B"],"damage_healed":0.0,"max_hp_gain":0.0,"max_hp_loss":0.0,"gold_gain":0.0,"event_name":"Golden Wing","player_choice":"Card Removal","floor":3.0,"gold_loss":0.0,"damage_taken":7.0},{"damage_healed":0.0,"max_hp_gain":0.0,"max_hp_loss":0.0,"gold_gain":150.0,"event_name":"Liars Game","player_choice":"AGREE","floor":5.0,"gold_loss":0.0,"damage_taken":0.0,"cards_obtained":["Doubt"]},{"damage_healed":0.0,"max_hp_gain":0.0,"max_hp_loss":0.0,"gold_gain":0.0,"event_name":"Living Wall","player_choice":"Grow","floor":10.0,"gold_loss":0.0,"damage_taken":0.0,"cards_upgraded":["HandOfGreed"]},{"cards_removed":["Strike_B"],"damage_healed":0.0,"max_hp_gain":0.0,"max_hp_loss":0.0,"gold_gain":0.0,"event_name":"Purifier","player_choice":"Purged","floor":11.0,"gold_loss":0.0,"damage_taken":0.0}],"is_beta":false,"boss_relics":[{"not_picked":["Velvet Choker","Ectoplasm"],"picked":"Tiny House"}],"items_purged_floors":[7],"is_endless":false,"potions_floor_spawned":[1,8,14,16],"killed_by":"Snake Plant","ascension_level":20}}