{"host":"absfy23j4tbeb1p6","time":1608124694,"event":{"mods":["BaseMod","Colored Map","Minty Spire (QoL Compilation)","StSLib","SuperFastMode"],"gold_per_floor":[19,19,38,38,38,79,79,95,95,95,128,303,303,343,343,464,464,448,469,99,99,99,115,139,139,165,206,222,246,53,74,74,195,195,214,11,11,29,29,29,29],"floor_reached":40,"playtime":1183,"items_purged":["Regret","Doubt","Clumsy"],"score":469,"play_id":"d7b7ad0c-73fd-4149-bb1e-958c905524e9","local_time":"20201216141814","is_ascension_mode":true,"campfire_choices":[{"floor":10,"key":"RECALL"},{"floor":13,"key":"REST"},{"data":"Dualcast","floor":15,"key":"SMITH"},{"floor":25,"key":"REST"},{"data":"Dark Shackles","floor":32,"key":"SMITH"}],"circlet_count":0,"master_deck":["Strike_B","Strike_B","Defend_B","Defend_B","Defend_B","Defend_B","Zap","Dualcast+1","Cold Snap","Leap","Barrage","Coolheaded","Ball Lightning","Turbo","Rainbow","Capacitor","Ball Lightning+1","Zap","Dark Shackles+1","Steam","Barrage","White Noise","Conserve Battery","Genetic Algorithm+1","Conserve Battery","Electrodynamics","Doom and Gloom+1","Recycle+1","Hologram+1","Capacitor","Cold Snap+1"],"relics":["Cracked Core","Torii","Golden Idol","Symbiotic Virus","Incense Burner","Letter Opener","DataDisk","InkBottle","Nuclear Battery","Vajra","Sling","Smiling Mask","Darkstone Periapt","Lee\u0027s Waffle","Astrolabe","Orichalcum"],"acts_visited":["Exordium","TheCity","TheBeyond"],"potions_floor_usage":[6,16,27,27,39,40],"damage_taken":[{"damage":8,"enemies":"Jaw Worm","floor":1,"turns":3},{"damage":1,"enemies":"2 Louse","floor":3,"turns":2},{"damage":1,"enemies":"Gremlin Nob","floor":6,"turns":3},{"damage":3,"enemies":"Small Slimes","floor":8,"turns":3},{"damage":16,"enemies":"3 Sentries","floor":11,"turns":8},{"damage":9,"enemies":"Lagavulin","floor":14,"turns":5},{"damage":27,"enemies":"Slime Boss","floor":16,"turns":9},{"damage":14,"enemies":"2 Thieves","floor":18,"turns":4},{"damage":1,"enemies":"Spheric Guardian","floor":19,"turns":3},{"damage":15,"enemies":"Snake Plant","floor":23,"turns":4},{"damage":17,"enemies":"Shelled Parasite and Fungi","floor":24,"turns":6},{"damage":40,"enemies":"Gremlin Leader","floor":27,"turns":7},{"damage":1,"enemies":"Chosen and Byrds","floor":28,"turns":4},{"damage":0,"enemies":"Snake Plant","floor":29,"turns":3},{"damage":13,"enemies":"Sentry and Sphere","floor":31,"turns":4},{"damage":27,"enemies":"Champ","floor":33,"turns":11},{"damage":0,"enemies":"3 Darklings","floor":35,"turns":1},{"damage":1,"enemies":"Orb Walker","floor":38,"turns":3},{"damage":0,"enemies":"Maw","floor":39,"turns":2},{"damage":87,"enemies":"Giant Head","floor":40,"turns":10}],"seed_played":"6384160250415574971","potions_obtained":[{"floor":1,"key":"PowerPotion"},{"floor":14,"key":"PowerPotion"},{"floor":18,"key":"Swift Potion"},{"floor":23,"key":"DistilledChaos"},{"floor":33,"key":"SkillPotion"},{"floor":35,"key":"SmokeBomb"}],"is_trial":false,"path_per_floor":["M","?","M","?","?","E","?","M","T","R","E","?","R","E","R","B",null,"M","M","$","?","$","M","M","R","T","E","M","M","$","M","R","B",null,"M","$","?","M","M","E"],"character_chosen":"DEFECT","items_purchased":["Vajra","Sling","Lee\u0027s Waffle","Orichalcum"],"campfire_rested":2,"item_purchase_floors":[20,20,30,36],"current_hp_per_floor":[67,67,66,63,63,62,62,59,59,59,43,43,65,56,56,29,75,61,60,60,60,60,45,28,50,50,10,9,9,82,69,69,42,88,88,88,88,87,87,0,0],"gold":29,"neow_bonus":"ONE_RARE_RELIC","is_daily":false,"chose_seed":false,"campfire_upgraded":2,"win_rate":0.0,"timestamp":1608124694,"path_taken":["M","?","M","?","?","E","?","?","T","R","E","?","R","E","R","BOSS","M","M","$","?","$","M","?","R","T","E","M","M","$","M","R","BOSS","M","$","?","?","M","E"],"items_purchased_type":["Relic","Relic","Relic","Relic"],"build_version":"2020-12-13","purchased_purges":3,"victory":false,"max_hp_per_floor":[75,75,75,75,75,75,75,75,75,75,75,75,75,75,75,75,75,75,75,75,75,75,75,75,75,75,75,75,75,82,82,82,82,88,88,88,88,88,88,88,88],"card_choices":[{"not_picked":["Darkness","Auto Shields"],"picked":"Cold Snap","floor":1},{"not_picked":["Beam Cell","Stack"],"picked":"Leap","floor":3},{"not_picked":["Darkness","Cold Snap"],"picked":"Barrage","floor":6},{"not_picked":["Stack","BootSequence"],"picked":"Coolheaded","floor":8},{"not_picked":["FTL","Beam Cell"],"picked":"Ball Lightning","floor":11},{"not_picked":["Gash","Amplify"],"picked":"Turbo","floor":14},{"not_picked":["Biased Cognition","Amplify"],"picked":"Rainbow","floor":16},{"not_picked":["Leap","Conserve Battery"],"picked":"Capacitor","floor":18},{"not_picked":["Gash","Rebound"],"picked":"Ball Lightning+1","floor":19},{"not_picked":["Meteor Strike","Cold Snap+1"],"picked":"Steam","floor":23},{"not_picked":["Skim","Reprogram+1"],"picked":"Barrage","floor":24},{"not_picked":["Consume","Melter"],"picked":"White Noise","floor":27},{"not_picked":["Turbo+1","Sweeping Beam"],"picked":"Conserve Battery","floor":28},{"not_picked":["Tempest","Rebound+1"],"picked":"Genetic Algorithm+1","floor":29},{"not_picked":["Genetic Algorithm","Melter"],"picked":"Conserve Battery","floor":31},{"not_picked":["Buffer","Rainbow"],"picked":"Electrodynamics","floor":33},{"not_picked":["Compile Driver","Go for the Eyes+1"],"picked":"Hologram+1","floor":35},{"not_picked":["Compile Driver","FTL+1"],"picked":"Cold Snap+1","floor":38}],"player_experience":69287,"relics_obtained":[{"floor":6,"key":"Incense Burner"},{"floor":11,"key":"DataDisk"},{"floor":14,"key":"InkBottle"},{"floor":26,"key":"Smiling Mask"},{"floor":27,"key":"Darkstone Periapt"}],"event_choices":[{"damage_healed":0,"gold_gain":0,"player_choice":"Take Wound","damage_taken":0,"relics_obtained":["Golden Idol"],"max_hp_gain":0,"max_hp_loss":0,"event_name":"Golden Idol","floor":2,"gold_loss":0,"cards_obtained":["Injury"]},{"damage_healed":0,"gold_gain":0,"player_choice":"Success","damage_taken":3,"relics_obtained":["Symbiotic Virus"],"max_hp_gain":0,"max_hp_loss":0,"event_name":"Scrap Ooze","floor":4,"gold_loss":0},{"damage_healed":0,"gold_gain":0,"player_choice":"Leave","damage_taken":0,"max_hp_gain":0,"max_hp_loss":0,"event_name":"The Cleric","floor":5,"gold_loss":0},{"damage_healed":0,"gold_gain":0,"player_choice":"Box","damage_taken":0,"relics_obtained":["Letter Opener"],"max_hp_gain":0,"max_hp_loss":0,"event_name":"Big Fish","floor":7,"gold_loss":0,"cards_obtained":["Regret"]},{"damage_healed":0,"gold_gain":175,"player_choice":"AGREE","damage_taken":0,"max_hp_gain":0,"max_hp_loss":0,"event_name":"Liars Game","floor":12,"gold_loss":0,"cards_obtained":["Doubt"]},{"damage_healed":0,"gold_gain":0,"player_choice":"2 cards matched","damage_taken":0,"max_hp_gain":0,"max_hp_loss":0,"event_name":"Match and Keep!","floor":21,"gold_loss":0,"cards_obtained":["Zap","Dark Shackles"]},{"damage_healed":0,"gold_gain":0,"player_choice":"Copied","damage_taken":0,"max_hp_gain":0,"max_hp_loss":0,"event_name":"Duplicator","floor":37,"gold_loss":0,"cards_obtained":["Capacitor"]}],"is_beta":false,"boss_relics":[{"not_picked":["Black Star","Sozu"],"picked":"Nuclear Battery"},{"not_picked":["Tiny House","Runic Dome"],"picked":"Astrolabe"}],"items_purged_floors":[20,30,36],"is_endless":false,"potions_floor_spawned":[1,14,18,23,33,35],"killed_by":"Giant Head","ascension_level":2}}