{"host":"79pwvnyrdes6uj7k","time":1608084185,"event":{"mods":["2.2 Compatiblity","Astrologer","BaseMod","Beaked The Cultist","Colored Powertips","Downfall","Exacting","Friendly Minions","HexUI Lib","Highlight Path","Hubris","Mad Scientist","Mimic Mod","Minty Spire (QoL Compilation)","Random Character Button","Replay The Spire","Reworked Bosses","Shop Mod","Somnambulant","StSLib","The Cursed","The Disciple","The Factory","The Judge","The Jungle","The Poker Player","The Runesmith","TheHeartMod"],"gold_per_floor":[99,199,199,211,224,224,224,23,137,137,166,266,300,100,10,10,10],"floor_reached":16,"playtime":1450,"items_purged":[],"score":92,"play_id":"364e8fc8-b37a-4bbc-94eb-720d3caae02d","local_time":"20201215200305","is_ascension_mode":false,"campfire_choices":[{"data":"theHeart:Scab","floor":3,"key":"SMITH"},{"floor":10,"key":"RECALL"}],"circlet_count":0,"master_deck":["theHeart:BloodDrop","theHeart:Scab+1","theHeart:theHeartDefend","theHeart:theHeartDefend","theHeart:theHeartDefend","theHeart:theHeartDefend","theHeart:theHeartCommonAttack","theHeart:theHeartCommonAttack","theHeart:theHeartCommonAttack","theHeart:theHeartCommonAttack","theHeart:Cyroablation","theHeart:SpireGrowth","theHeart:TentacleWhip","theHeart:Hemorrhage","theHeart:TorrentialFlow","theHeart:Wrath","theHeart:BloodRitual","theHeart:TranquilRhythm","theHeart:TotalHeartFailure","theHeart:EndlessHatred","theHeart:Coagulation"],"relics":["theHeart:BeatOfDeath","Replay:Wax Seal","hubris:Icosahedron","Bag of Marbles","MerchantsRug"],"acts_visited":["Exordium"],"potions_floor_usage":[13,13,15,16],"damage_taken":[{"damage":7,"enemies":"Jaw Worm","floor":4,"turns":5},{"damage":3,"enemies":"2 Louse","floor":5,"turns":4},{"damage":0,"enemies":"downfall:FleeingMerchant","floor":8,"turns":4},{"damage":0,"enemies":"Cultist","floor":9,"turns":3},{"damage":17,"enemies":"Exordium Wildlife","floor":11,"turns":6},{"damage":27,"enemies":"Gremlin Gang","floor":13,"turns":7},{"damage":15,"enemies":"downfall:FleeingMerchant","floor":14,"turns":4},{"damage":11,"enemies":"3 Louse","floor":15,"turns":7},{"damage":13,"enemies":"downfall:Ironclad","floor":16,"turns":3}],"seed_played":"-2247103360321112532","potions_obtained":[{"floor":9,"key":"Weak Potion"},{"floor":11,"key":"Regen Potion"},{"floor":13,"key":"SpeedPotion"}],"is_trial":false,"path_per_floor":["R","?","R","M","M","?","T","$","M","R","M","?","M","$","M","B"],"character_chosen":"THE_HEART","items_purchased":["Bag of Marbles","MerchantsRug","theHeart:TotalHeartFailure","Elixir","theHeart:EndlessHatred"],"campfire_rested":0,"item_purchase_floors":[8,8,14,14,14],"current_hp_per_floor":[75,75,75,68,65,65,65,65,65,65,48,48,36,21,10,0,0],"gold":10,"neow_bonus":"RANDOM_COMMON_RELIC","is_daily":false,"chose_seed":false,"campfire_upgraded":1,"win_rate":0.0,"timestamp":1608084185,"path_taken":["R","?","R","M","M","?","T","?","?","R","?","?","M","$","M","BOSS"],"items_purchased_type":["Relic","Relic","Card","Potion","Card"],"build_version":"2020-12-13","purchased_purges":0,"victory":false,"max_hp_per_floor":[75,75,75,75,75,75,75,75,75,75,75,75,75,75,75,75,75],"card_choices":[{"not_picked":["theHeart:Cleanse","theHeart:Devour"],"picked":"theHeart:SpireGrowth","floor":4},{"not_picked":["theHeart:TranquilRhythm","theHeart:Cyroablation"],"picked":"theHeart:TentacleWhip","floor":5},{"not_picked":["theHeart:LeechSeed","theHeart:Cleanse"],"picked":"theHeart:Hemorrhage","floor":8},{"not_picked":["theHeart:BloodFlow","theHeart:Devour"],"picked":"theHeart:TorrentialFlow","floor":9},{"not_picked":["theHeart:Cleanse","theHeart:HeartBurn"],"picked":"theHeart:Wrath","floor":11},{"not_picked":["theHeart:HastyFortification","theHeart:BloodFlow"],"picked":"theHeart:BloodRitual","floor":13},{"not_picked":["theHeart:Devour","theHeart:SpireGrowth"],"picked":"theHeart:TranquilRhythm","floor":14},{"not_picked":["theHeart:Embolism","theHeart:ArterialFlow"],"picked":"theHeart:Coagulation","floor":15}],"player_experience":287208,"relics_obtained":[],"event_choices":[],"is_beta":false,"boss_relics":[],"items_purged_floors":[],"is_endless":false,"potions_floor_spawned":[9,11,13],"killed_by":"downfall:Ironclad","ascension_level":0}}