{"host":"126yiuos2nq86se7","time":1608082227,"event":{"mods":["AchievementEnabler","Act Like it!","BaseMod","Colored Map","Colored Powertips","Friendly Minions","Highlight Path","Jorbs\u0027s Wanderer Trilogy","Minty Spire (QoL Compilation)","StSLib","SuperFastMode","The Animator","The Hierophant","The Servant 0.9.4"],"gold_per_floor":[294,329,341,380,367,379,443,1,26,26,26,56,76,105,105,230,230,255,283,283,283],"floor_reached":20,"playtime":1827,"items_purged":["animator:Strike"],"score":228,"play_id":"7ccd564c-4905-483f-b0f4-a911a8ac756d","local_time":"20201216123027","is_ascension_mode":false,"campfire_choices":[{"data":"animator:LeleiLaLalena","floor":6,"key":"SMITH"},{"data":"animator:Arpeggio","floor":11,"key":"SMITH"},{"floor":15,"key":"REST"}],"circlet_count":0,"master_deck":["animator:Strike_Kancolle","animator:Defend_Kancolle","animator:Strike","animator:Defend","animator:Defend","animator:Defend","animator:Shimakaze","animator:LeleiLaLalena+1","animator:LizardPriest","animator:ItamiYouji","animator:Arpeggio+1","animator:Millim","animator:TukaLunaMarceau","animator:GoblinSlayer","animator:GuildGirl","animator:Hans","animator:Kazuma+1","animator:MaesHughes"],"relics":["animator:LivingPicture","animator:TheMissingPiece","MawBank","Bottled Lightning","animator:AlchemistGlove","Omamori","Unceasing Top","animator:CursedBlade"],"acts_visited":["Exordium","TheCity"],"potions_floor_usage":[7,7,16],"damage_taken":[{"damage":0,"enemies":"Jaw Worm","floor":1,"turns":5},{"damage":1,"enemies":"Cultist","floor":2,"turns":5},{"damage":0,"enemies":"2 Louse","floor":4,"turns":4},{"damage":2,"enemies":"Exordium Thugs","floor":5,"turns":11},{"damage":9,"enemies":"3 Sentries","floor":7,"turns":11},{"damage":2,"enemies":"2 Fungi Beasts","floor":12,"turns":5},{"damage":0,"enemies":"Blue Slaver","floor":13,"turns":5},{"damage":0,"enemies":"Looter","floor":14,"turns":4},{"damage":0,"enemies":"The Guardian","floor":16,"turns":10},{"damage":10,"enemies":"Shell Parasite","floor":18,"turns":6},{"damage":20,"enemies":"Chosen","floor":19,"turns":7},{"damage":39,"enemies":"3 Cultists","floor":20,"turns":4}],"seed_played":"-7250312073799230306","potions_obtained":[{"floor":1,"key":"Dexterity Potion"},{"floor":5,"key":"Fire Potion"},{"floor":13,"key":"Energy Potion"},{"floor":18,"key":"SneckoOil"},{"floor":19,"key":"ColorlessPotion"}],"is_trial":false,"path_per_floor":["M","M","?","M","M","R","E","$","T","?","R","M","M","M","R","B",null,"M","M","M"],"character_chosen":"THE_ANIMATOR","items_purchased":["animator:Millim","animator:AlchemistGlove","animator:TukaLunaMarceau"],"campfire_rested":1,"item_purchase_floors":[8,8,8],"current_hp_per_floor":[66,65,58,58,57,57,48,48,48,48,48,46,46,46,66,66,67,58,38,0,0],"gold":283,"neow_bonus":"RANDOM_COMMON_RELIC","is_daily":false,"chose_seed":false,"campfire_upgraded":2,"win_rate":0.0,"timestamp":1608082227,"path_taken":["M","M","?","M","M","R","E","$","T","?","R","M","M","M","R","BOSS","M","M","M"],"items_purchased_type":["Card","Relic","Card"],"build_version":"2020-12-13","purchased_purges":1,"victory":false,"max_hp_per_floor":[66,66,66,66,67,67,67,67,67,67,67,67,67,67,67,67,67,68,68,68,68],"card_choices":[{"not_picked":["animator:Sloth","animator:Spearman"],"picked":"animator:LeleiLaLalena","floor":1},{"not_picked":["animator:PandorasActor","animator:Kuribayashi"],"picked":"animator:LizardPriest","floor":2},{"not_picked":["animator:MaesHughes","animator:Shion"],"picked":"animator:Sebas","floor":4},{"not_picked":["animator:Kuribayashi","animator:YaoHaDucy"],"picked":"animator:ItamiYouji","floor":5},{"not_picked":["animator:RoryMercury","animator:Pride"],"picked":"animator:Arpeggio","floor":7},{"not_picked":["animator:Azekura","animator:RoryMercury"],"picked":"animator:GoblinSlayer","floor":12},{"not_picked":["animator:Benimaru","animator:Millim"],"picked":"animator:GuildGirl","floor":13},{"not_picked":["animator:Greed","animator:Shizu"],"picked":"animator:Hans","floor":16},{"not_picked":["animator:Shuna","animator:Cocytus"],"picked":"animator:Kazuma+1","floor":18},{"not_picked":["animator:Vesta+1","animator:Emonzaemon+1"],"picked":"animator:MaesHughes","floor":19}],"player_experience":1603908,"relics_obtained":[{"floor":7,"key":"Bottled Lightning"},{"floor":9,"key":"Omamori"}],"event_choices":[{"cards_removed":["animator:Strike"],"damage_healed":0,"gold_gain":0,"player_choice":"Card Removal","damage_taken":7,"max_hp_gain":0,"max_hp_loss":0,"event_name":"Golden Wing","floor":3,"gold_loss":0},{"cards_removed":["animator:Sebas"],"damage_healed":0,"gold_gain":0,"player_choice":"Gave Card","damage_taken":0,"relics_obtained":["Unceasing Top"],"max_hp_gain":0,"max_hp_loss":0,"event_name":"WeMeetAgain","floor":10,"gold_loss":0}],"is_beta":false,"boss_relics":[{"not_picked":["Black Star","Empty Cage"],"picked":"animator:CursedBlade"}],"items_purged_floors":[8],"is_endless":false,"potions_floor_spawned":[1,5,13,18,19],"killed_by":"3 Cultists","ascension_level":0}}