{"host":"f0gpob8hq9vgebej","time":1608088770,"event":{"mods":["AchievementEnabler","BaseMod","Googly Eyes","Minty Spire (QoL Compilation)","Quick Restart","SuperFastMode"],"gold_per_floor":[367,37,51,51,69,69,39,58,84,84,100,112,130,110,110,206,206,225,225,245,277,277,277],"floor_reached":22,"playtime":679,"items_purged":[],"score":234,"play_id":"97b1fd66-2749-458f-93b6-39eb6a7ddf25","local_time":"20201216121930","is_ascension_mode":true,"campfire_choices":[{"data":"Strike_G","floor":6,"key":"PURGE"},{"floor":15,"key":"REST"}],"circlet_count":0,"master_deck":["Strike_G","Strike_G","Strike_G","Strike_G","Defend_G","Defend_G","Defend_G","Defend_G","Defend_G","Survivor","Neutralize","Poisoned Stab","Accuracy","Acrobatics","Backflip","Wraith Form v2","Blade Dance","PiercingWail","Footwork","Well Laid Plans"],"relics":["Ring of the Snake","Peace Pipe","Toy Ornithopter","Vajra","Philosopher\u0027s Stone","Red Mask"],"acts_visited":["Exordium","TheCity"],"potions_floor_usage":[13,16,16,21],"damage_taken":[{"damage":4,"enemies":"Cultist","floor":1,"turns":5},{"damage":1,"enemies":"2 Louse","floor":3,"turns":3},{"damage":0,"enemies":"Jaw Worm","floor":5,"turns":5},{"damage":0,"enemies":"Looter","floor":7,"turns":4},{"damage":1,"enemies":"2 Fungi Beasts","floor":8,"turns":6},{"damage":19,"enemies":"Exordium Thugs","floor":11,"turns":4},{"damage":0,"enemies":"Large Slime","floor":12,"turns":5},{"damage":0,"enemies":"Lots of Slimes","floor":13,"turns":5},{"damage":3,"enemies":"Exordium Thugs","floor":14,"turns":5},{"damage":18,"enemies":"The Guardian","floor":16,"turns":15},{"damage":22,"enemies":"3 Byrds","floor":18,"turns":8},{"damage":0,"enemies":"Spheric Guardian","floor":20,"turns":5},{"damage":37,"enemies":"Masked Bandits","floor":21,"turns":9},{"damage":0,"enemies":"Snake Plant","floor":22,"turns":1}],"seed_played":"-4680184094545651410","potions_obtained":[{"floor":1,"key":"Strength Potion"},{"floor":11,"key":"GamblersBrew"},{"floor":12,"key":"PowerPotion"},{"floor":14,"key":"Ancient Potion"}],"is_trial":false,"path_per_floor":["M","$","M","$","M","R","M","M","T","?","M","M","M","M","R","B",null,"M","?","M","?","M"],"character_chosen":"THE_SILENT","items_purchased":["Accuracy","Peace Pipe"],"campfire_rested":1,"item_purchase_floors":[2,2],"current_hp_per_floor":[41,41,40,40,40,40,40,39,39,21,2,2,7,4,25,17,57,35,35,35,3,3,3],"gold":277,"neow_bonus":"TWO_FIFTY_GOLD","is_daily":false,"chose_seed":false,"campfire_upgraded":0,"win_rate":0.0,"timestamp":1608088770,"path_taken":["M","$","M","?","M","R","M","M","T","?","M","M","M","M","R","BOSS","M","?","M","?","M"],"items_purchased_type":["Card","Relic"],"build_version":"2020-12-13","purchased_purges":0,"victory":false,"max_hp_per_floor":[70,70,70,70,70,70,70,70,70,70,70,70,70,70,70,70,70,70,70,70,70,70,70],"card_choices":[{"not_picked":["Expertise","Prepared"],"picked":"Poisoned Stab","floor":1},{"not_picked":["Dagger Spray","Prepared"],"picked":"Acrobatics","floor":3},{"not_picked":["Heel Hook","PiercingWail"],"picked":"Backflip","floor":5},{"not_picked":["Prepared","Backflip"],"picked":"Wraith Form v2","floor":7},{"not_picked":["Dash","Acrobatics"],"picked":"Blade Dance","floor":8},{"not_picked":["Underhanded Strike","Masterful Stab","Distraction"],"picked":"SKIP","floor":11},{"not_picked":["Deadly Poison","Bane"],"picked":"PiercingWail","floor":12},{"not_picked":["Masterful Stab","Setup","Deflect"],"picked":"SKIP","floor":13},{"not_picked":["Dagger Throw","Finisher"],"picked":"Footwork","floor":14},{"not_picked":["Noxious Fumes","Outmaneuver","Poisoned Stab"],"picked":"SKIP","floor":18},{"not_picked":["Masterful Stab","Slice"],"picked":"Well Laid Plans","floor":20}],"player_experience":145522,"relics_obtained":[{"floor":9,"key":"Toy Ornithopter"},{"floor":21,"key":"Red Mask"}],"event_choices":[{"damage_healed":0,"gold_gain":0,"player_choice":"Success","damage_taken":18,"relics_obtained":["Vajra"],"max_hp_gain":0,"max_hp_loss":0,"event_name":"Scrap Ooze","floor":10,"gold_loss":0},{"damage_healed":0,"gold_gain":0,"player_choice":"Ignored","damage_taken":0,"max_hp_gain":0,"max_hp_loss":0,"event_name":"Ghosts","floor":19,"gold_loss":0},{"damage_healed":0,"gold_gain":0,"player_choice":"Fought Bandits","damage_taken":0,"max_hp_gain":0,"max_hp_loss":0,"event_name":"Masked Bandits","floor":21,"gold_loss":0}],"is_beta":false,"boss_relics":[{"not_picked":["Velvet Choker","Sozu"],"picked":"Philosopher\u0027s Stone"}],"items_purged_floors":[],"is_endless":false,"potions_floor_spawned":[1,11,12,14],"killed_by":"Snake Plant","ascension_level":6}}