{"host":"njruw0b0uprlitpx","time":1608155585,"event":{"mods":["2.2 Compatiblity","Bartender","BaseMod","Better Altar","Better Match","Better Note","Better Sensory Stone","Better Skull","Better Third Choice","BetterRewards","Block Reminder","Colored Map","Colored Powertips","Energized Spire","Jedi Mod","Keyboard Shortcuts","Minty Spire (QoL Compilation)","Quick Restart","Relic Stats","Replay The Spire","SacredBarkPlus","Spicy Shops","StSLib","SuperFastMode","Wandering Minibosses"],"gold_per_floor":[110,385,400,419,43,43,70,83,109,109,124,49,69,17,17,114,114,131,150,150,22,22,53,53,13,13,6,6,19,36,46,46,150,150,167,167,167,185,197,197,197,197],"floor_reached":41,"playtime":7191,"items_purged":["Regret"],"score":413,"play_id":"b2c031a8-97d8-4f81-ac8a-7b6b027691f4","local_time":"20201216155305","is_ascension_mode":false,"campfire_choices":[{"data":"Defragment","floor":6,"key":"SMITH"},{"floor":10,"key":"REST"},{"floor":15,"key":"REST"},{"floor":24,"key":"REST"},{"floor":28,"key":"REST"},{"data":"Rainbow","floor":32,"key":"SMITH"},{"floor":40,"key":"REST"}],"circlet_count":0,"master_deck":["Strike_B+1","Strike_B","Strike_B+1","Defend_B","Defend_B","Defend_B","Defend_B","Zap","Dualcast","Genetic Algorithm+1","Doom and Gloom+1","Leap","Defragment+1","jedi:markofdeath","jedi:markofdeath","Panic Button","Auto Shields","Consume","Chill+1","Fission","White Noise+1","Rainbow+1","Conserve Battery+1","Recycle","jedi:locknload","Rainbow","Lockon","Loop+1","Coolheaded","jedi:blockon+1","Electrodynamics+1","Static Discharge+1","Echo Form+1"],"relics":["Cracked Core","Guide Book","Toy Ornithopter","ReplayFunnel","energizedSpire:RedRose","Whetstone","Frozen Egg 2","Nuclear Battery","Du-Vu Doll"],"acts_visited":["Exordium","TheCity","TheBeyond"],"potions_floor_usage":[7,7,16,23,23,23,31,33,33],"damage_taken":[{"damage":3,"enemies":"Small Slimes","floor":1,"turns":3},{"damage":7,"enemies":"Cultist","floor":3,"turns":4},{"damage":0,"enemies":"2 Louse","floor":4,"turns":1},{"damage":9,"enemies":"3 Sentries","floor":7,"turns":5},{"damage":8,"enemies":"Red Slaver","floor":8,"turns":3},{"damage":16,"enemies":"Exordium Thugs","floor":11,"turns":3},{"damage":0,"enemies":"Looter","floor":13,"turns":3},{"damage":72,"enemies":"Hexaghost","floor":16,"turns":13},{"damage":5,"enemies":"Spheric Guardian","floor":18,"turns":5},{"damage":27,"enemies":"3 Byrds","floor":19,"turns":5},{"damage":37,"enemies":"Slavers","floor":23,"turns":6},{"damage":7,"enemies":"Centurion and Healer","floor":29,"turns":6},{"damage":5,"enemies":"Cultist and Chosen","floor":30,"turns":6},{"damage":3,"enemies":"3 Cultists","floor":31,"turns":6},{"damage":41,"enemies":"Collector","floor":33,"turns":10},{"damage":0,"enemies":"Orb Walker","floor":35,"turns":4},{"damage":0,"enemies":"3 Shapes","floor":38,"turns":4},{"damage":34,"enemies":"Sphere and 2 Shapes","floor":39,"turns":5},{"damage":98,"enemies":"Giant Head","floor":41,"turns":9}],"seed_played":"-7602886498270878462","potions_obtained":[{"floor":1,"key":"Energy Potion"},{"floor":3,"key":"Explosive Potion"},{"floor":8,"key":"Swift Potion"},{"floor":18,"key":"Block Potion"},{"floor":19,"key":"Death Potion"},{"floor":25,"key":"ColorlessPotion"},{"floor":25,"key":"Dexterity Potion"},{"floor":25,"key":"FearPotion"},{"floor":30,"key":"FocusPotion"},{"floor":33,"key":"Energy Potion"},{"floor":38,"key":"SteroidPotion"}],"is_trial":false,"path_per_floor":["M","?","M","M","$","R","E","M","T","R","M","?","M","$","R","B",null,"M","M","?","$","?","E","R","?","T","$","R","M","M","M","R","B",null,"M","?","?","M","M","R","E"],"character_chosen":"DEFECT","items_purchased":["Defragment","jedi:markofdeath","Guide Book","White Noise+1","jedi:locknload","Adrenaline Potion","Loop+1"],"campfire_rested":5,"item_purchase_floors":[5,5,5,14,21,21,27],"current_hp_per_floor":[79,79,72,72,72,72,63,55,55,79,63,63,63,63,82,10,82,77,50,50,50,50,28,52,52,52,52,76,69,64,72,72,41,82,82,66,66,66,32,56,0,0],"gold":197,"neow_bonus":"TEN_PERCENT_HP_BONUS","is_daily":false,"chose_seed":false,"campfire_upgraded":2,"win_rate":0.0,"timestamp":1608155585,"path_taken":["M","?","M","M","$","R","E","M","T","R","?","?","?","?","R","BOSS","M","M","?","$","?","E","R","?","T","?","R","M","?","M","R","BOSS","M","?","?","M","?","R","E"],"items_purchased_type":["Card","Card","Relic","Card","Card","Potion","Card"],"build_version":"2020-12-13","purchased_purges":1,"victory":false,"max_hp_per_floor":[82,82,82,82,82,82,82,82,82,82,82,82,82,82,82,82,82,82,82,82,82,82,82,82,82,82,82,82,82,82,82,82,82,82,82,82,82,82,82,82,82,82],"relic_stats":{"counters":[19,100],"Whetstone":["Strike_B","Strike_B"],"obtain_stats":[{"ReplayFunnel":9,"energizedSpire:RedRose":17,"Du-Vu Doll":37,"Guide Book":5,"Whetstone":23,"Frozen Egg 2":26,"Cracked Core":0,"Toy Ornithopter":7,"Nuclear Battery":34},{"ReplayFunnel":5,"energizedSpire:RedRose":8,"Du-Vu Doll":16,"Guide Book":3,"Whetstone":11,"Frozen Egg 2":11,"Cracked Core":0,"Toy Ornithopter":4,"Nuclear Battery":15},{"ReplayFunnel":16,"energizedSpire:RedRose":35,"Du-Vu Doll":82,"Guide Book":8,"Whetstone":51,"Frozen Egg 2":51,"Cracked Core":0,"Toy Ornithopter":13,"Nuclear Battery":78}],"Toy Ornithopter":30},"card_choices":[{"not_picked":["Crystallizer","Rip and Tear"],"picked":"Genetic Algorithm","floor":1},{"not_picked":["Panic Button","Stack"],"picked":"Doom and Gloom","floor":3},{"not_picked":["Redo","Crystallizer"],"picked":"Leap","floor":4},{"not_picked":["Redo","jedi:reiji"],"picked":"Panic Button","floor":7},{"not_picked":["Beam Cell","Steam"],"picked":"Auto Shields","floor":8},{"not_picked":["Gash","Leap"],"picked":"Consume","floor":11},{"not_picked":["jedi:hex+1","jedi:sharpshooter+1"],"picked":"Chill+1","floor":12},{"not_picked":["jedi:BurstFrost","ReplayTheSpireMod:Calculation Training"],"picked":"Fission","floor":13},{"not_picked":["All For One","jedi:meditation"],"picked":"Rainbow","floor":16},{"not_picked":["Gash","Scrape+1"],"picked":"Conserve Battery+1","floor":18},{"not_picked":["jedi:overflow","jedi:blockon"],"picked":"Recycle","floor":19},{"not_picked":["jedi:blockon","Time Bomb"],"picked":"Lockon","floor":23},{"not_picked":["Force Field","Fusion"],"picked":"Coolheaded","floor":29},{"not_picked":["Barrage","Conserve Battery","jedi:BurstFrost"],"picked":"SKIP","floor":30},{"not_picked":["Gash+1","Cold Snap"],"picked":"jedi:blockon+1","floor":31},{"not_picked":["jedi:bruteforce","Reboot"],"picked":"Electrodynamics+1","floor":33},{"not_picked":["Self Repair+1","Steam+1"],"picked":"Static Discharge+1","floor":35},{"not_picked":["Conserve Battery","Chill+1","Stack"],"picked":"SKIP","floor":38},{"not_picked":["Force Field+1","Cold Snap","Conserve Battery"],"picked":"SKIP","floor":39}],"player_experience":1019521,"relics_obtained":[{"floor":7,"key":"Toy Ornithopter"},{"floor":9,"key":"ReplayFunnel"},{"floor":23,"key":"Whetstone"},{"floor":26,"key":"Frozen Egg 2"}],"event_choices":[{"damage_healed":0,"gold_gain":275,"player_choice":"Desecrate","damage_taken":0,"max_hp_gain":0,"max_hp_loss":0,"event_name":"Golden Shrine","floor":2,"gold_loss":0,"cards_obtained":["Regret"]},{"damage_healed":0,"gold_gain":0,"player_choice":"2","damage_taken":0,"max_hp_gain":0,"max_hp_loss":0,"event_name":"betterMatch:BetterMatch","floor":12,"gold_loss":0,"cards_obtained":["betterMatch:UncommonCard"]},{"cards_removed":["Strike_B"],"damage_healed":0,"gold_gain":0,"player_choice":"Offered Basic","damage_taken":0,"max_hp_gain":0,"max_hp_loss":0,"event_name":"Bonfire Elementals","floor":20,"gold_loss":0},{"damage_healed":0,"gold_gain":0,"player_choice":"Copied","damage_taken":0,"max_hp_gain":0,"max_hp_loss":0,"event_name":"Duplicator","floor":22,"gold_loss":0,"cards_obtained":["Rainbow"]},{"damage_healed":0,"gold_gain":0,"player_choice":"Bought 3 Potions","damage_taken":0,"max_hp_gain":0,"max_hp_loss":0,"event_name":"The Woman in Blue","floor":25,"gold_loss":0},{"damage_healed":0,"gold_gain":3,"player_choice":"2","damage_taken":0,"max_hp_gain":0,"max_hp_loss":16,"event_name":"betterStone:BetterStone","floor":36,"gold_loss":0},{"damage_healed":0,"gold_gain":0,"player_choice":"Gave Potion","damage_taken":0,"relics_obtained":["Du-Vu Doll"],"max_hp_gain":0,"max_hp_loss":0,"event_name":"WeMeetAgain","floor":37,"gold_loss":0}],"is_beta":false,"boss_relics":[{"not_picked":["Tiny House","Busted Crown"],"picked":"energizedSpire:RedRose"},{"not_picked":["Replay:Bronze Core","energizedSpire:OgreHead"],"picked":"Nuclear Battery"}],"items_purged_floors":[5],"is_endless":false,"potions_floor_spawned":[1,3,8,18,19,30,33,38],"killed_by":"Giant Head","ascension_level":0}}