{"host":"qw1m3zcvi888b4j7","time":1608160386,"event":{"mods":["BaseMod","Block Reminder","Colored Map","Colored Powertips","DeckTracker","Highlight Path","Hubris","Minty Spire (QoL Compilation)","Quick Restart","Rare Cards Sparkle","Relic Sorter","Relic Stats","Replay The Spire","StSLib","The Blue Laboratory","The Cursed"],"gold_per_floor":[117,129,129,143,143,173,188,188,188],"floor_reached":8,"playtime":417,"items_purged":[],"score":61,"play_id":"fa6a4ef1-003d-47aa-ac71-08e1940ec8de","local_time":"20201217001306","is_ascension_mode":true,"campfire_choices":[],"circlet_count":0,"master_deck":["Strike_B","Strike_B","Strike_B","Strike_B","Defend_B","Defend_B","Defend_B","Defend_B","Zap+1","Dualcast","Transmutation","Go for the Eyes","Static Discharge","White Noise","Loop","All For One","Darkness"],"relics":["Cracked Core","Bottled Lightning"],"acts_visited":["Exordium"],"potions_floor_usage":[6,6,8],"damage_taken":[{"damage":15,"enemies":"Jaw Worm","floor":1,"turns":4},{"damage":5,"enemies":"Small Slimes","floor":2,"turns":3},{"damage":0,"enemies":"Cultist","floor":4,"turns":2},{"damage":18,"enemies":"Lagavulin","floor":6,"turns":6},{"damage":12,"enemies":"3 Louse","floor":7,"turns":4},{"damage":18,"enemies":"Gremlin Nob","floor":8,"turns":2}],"seed_played":"-1280105713656218162","potions_obtained":[{"floor":4,"key":"DistilledChaos"},{"floor":6,"key":"blueLaboratory:ConsumingVoid"}],"is_trial":false,"path_per_floor":["M","M","?","M","?","E","M","E"],"character_chosen":"DEFECT","items_purchased":[],"campfire_rested":0,"item_purchase_floors":[],"current_hp_per_floor":[53,48,48,48,48,30,18,0,0],"gold":188,"neow_bonus":"RANDOM_COLORLESS_2","is_daily":false,"chose_seed":false,"campfire_upgraded":0,"win_rate":0.0,"timestamp":1608160386,"path_taken":["M","M","?","M","?","E","M","E"],"items_purchased_type":[],"build_version":"2020-12-13","purchased_purges":0,"victory":false,"max_hp_per_floor":[68,68,68,68,68,68,68,68,68],"relic_stats":{"counters":[6,21],"obtain_stats":[{"Bottled Lightning":6,"Cracked Core":0},{"Bottled Lightning":4,"Cracked Core":0},{"Bottled Lightning":15,"Cracked Core":0}]},"card_choices":[{"not_picked":["ReplayUltimateDefense","Secret Technique"],"picked":"Transmutation","floor":0},{"not_picked":["Sweeping Beam","Cold Snap"],"picked":"Go for the Eyes","floor":1},{"not_picked":["Streamline","Beam Cell"],"picked":"Static Discharge","floor":2},{"not_picked":["Cold Snap","Beam Cell"],"picked":"Loop","floor":4},{"not_picked":["hubris:DoWhile","Storm"],"picked":"All For One","floor":6},{"not_picked":["Capacitor","ReplayTheSpireMod:System Scan"],"picked":"Darkness","floor":7}],"player_experience":97707,"relics_obtained":[{"floor":6,"key":"Bottled Lightning"}],"event_choices":[{"damage_healed":0,"gold_gain":0,"player_choice":"Grow","damage_taken":0,"max_hp_gain":0,"max_hp_loss":0,"event_name":"Living Wall","floor":5,"gold_loss":0,"cards_upgraded":["Zap"]}],"is_beta":false,"boss_relics":[],"items_purged_floors":[],"is_endless":false,"potions_floor_spawned":[4,6],"killed_by":"Gremlin Nob","ascension_level":1}}