{"host":"m3rs92yjkwi06hli","time":1608149675,"event":{"mods":["Act Like it!","Aspiration","BaseMod","Colored Map","Conspire","Defuse TimeMaze Blight","Energized Spire","Hubris","Infinite Spire","Minty Spire (QoL Compilation)","Relic Stats","Replay The Spire","Spicy Shops","StSLib","The Gatherer"],"gold_per_floor":[111,126,126,142,153,153,169,188,269,269,283,392,403,207,207,308,308,322,335,335,374,330,355,355,355,355,355,370,384,403,413,413,413,413,413,425,475,475,488,488,488,488,488,503,503,520,520,520,520,520,520,520],"floor_reached":50,"playtime":2771,"items_purged":["hubris:Lust"],"score":512,"play_id":"4ce7af54-12ff-43b1-b793-a0588772631b","local_time":"20201216141435","is_ascension_mode":false,"metric_token":977,"campfire_choices":[{"data":"Gatherer:FlowerFalling","floor":6,"key":"SMITH"},{"data":"Gatherer:FlowerFalling+1","floor":10,"key":"SMITH"},{"data":"Gatherer:Photoscythe","floor":15,"key":"SMITH"},{"data":"Gatherer:Photoscythe","floor":25,"key":"SMITH"},{"data":"Gatherer:FlowerFalling","floor":27,"key":"SMITH"},{"data":"Gatherer:FlowerWhip","floor":32,"key":"SMITH"},{"data":"Gatherer:Misfortune","floor":40,"key":"SMITH"},{"data":"Gatherer:FinishingStrike","floor":42,"key":"SMITH"},{"data":"Gatherer:RecoveryHerb","floor":47,"key":"SMITH"},{"floor":49,"key":"DIG"}],"circlet_count":0,"master_deck":["Gatherer:Strike_Gatherer","Gatherer:Strike_Gatherer","Gatherer:Strike_Gatherer","Gatherer:Strike_Gatherer","Gatherer:Defend_Gatherer","Gatherer:Defend_Gatherer","Gatherer:Defend_Gatherer","Gatherer:Defend_Gatherer","Gatherer:Defend_Gatherer","Gatherer:Centralize","Gatherer:FlowerWhip+1","Gatherer:TreeGrowth","Gatherer:FlowerFalling+2","Gatherer:FlowerShield","Gatherer:DrugPower+1","Gatherer:Snatch","Gatherer:QuickSynthesis","Gatherer:Photoscythe+1","Gatherer:AcidicSpray+1","Gatherer:FlowerFalling+1","Gatherer:FlowerFalling+1","Gatherer:ColorfulGarden+1","Gatherer:UpgradeBag+1","Gatherer:BambuSword+1","Gatherer:TreeGrowth+1","Gatherer:Photoscythe+1","Gatherer:Enchant+1","Gatherer:AcidicSpray","Gatherer:QuickSynthesis+1","Gatherer:EchoOfNature","Gatherer:FlowerPower+1","Gatherer:LuckyClover+1","Gatherer:FlowerFalling","Gatherer:ScherryThrow","Gatherer:Pollute+1","Gatherer:QuickSynthesis+1","Gatherer:FinishingStrike+1","Gatherer:RecoveryHerb+1","Gatherer:SpareBottle+1","Gatherer:Snatch+1"],"relics":["Gatherer:AlchemyBag","NeowsBlessing","Frozen Egg 2","Membership Card","aspiration:ChemicalBlood","energizedSpire:EnergizedDie","Strawberry","ReplayTheSpireMod:CursedCoin","Whetstone","PreservedInsect","ReplayTheSpireMod:Lightbulb","Ginger","conspire:SpecialSausage","infinitespire:Lychee Nut","HandDrill","hubris:CrystalStatue","FossilizedHelix"],"acts_visited":["Exordium","TheCity","TheBeyond"],"potions_floor_usage":[16,21,21,28,28,30,33,44,50,50,50,50,50,50,50],"damage_taken":[{"damage":0,"enemies":"infinitespire:Voidling","floor":1,"turns":1},{"damage":0,"enemies":"Small Slimes","floor":2,"turns":1},{"damage":0,"enemies":"Cultist","floor":4,"turns":1},{"damage":3,"enemies":"Exordium Wildlife","floor":5,"turns":4},{"damage":2,"enemies":"Exordium Thugs","floor":7,"turns":5},{"damage":0,"enemies":"Looter","floor":8,"turns":3},{"damage":0,"enemies":"2 Fungi Beasts","floor":11,"turns":2},{"damage":0,"enemies":"3 Louse","floor":13,"turns":2},{"damage":13,"enemies":"Hexaghost","floor":16,"turns":9},{"damage":14,"enemies":"3 Byrds","floor":18,"turns":5},{"damage":2,"enemies":"Spheric Guardian","floor":19,"turns":3},{"damage":17,"enemies":"conspire:MimicChest","floor":21,"turns":9},{"damage":17,"enemies":"Gremlin Leader","floor":23,"turns":6},{"damage":12,"enemies":"Snake Plant","floor":24,"turns":4},{"damage":2,"enemies":"conspire:HollyBat","floor":28,"turns":5},{"damage":0,"enemies":"Sentry and Sphere","floor":29,"turns":3},{"damage":5,"enemies":"Cultist and Chosen","floor":30,"turns":5},{"damage":6,"enemies":"Snake Plant","floor":31,"turns":3},{"damage":63,"enemies":"Automaton","floor":33,"turns":10},{"damage":12,"enemies":"3 Darklings","floor":35,"turns":10},{"damage":0,"enemies":"3 Shapes","floor":36,"turns":2},{"damage":7,"enemies":"Mind Bloom Boss Battle","floor":37,"turns":4},{"damage":8,"enemies":"Maw","floor":39,"turns":6},{"damage":0,"enemies":"Jaw Worm Horde","floor":41,"turns":2},{"damage":6,"enemies":"Writhing Mass","floor":44,"turns":3},{"damage":18,"enemies":"Maw","floor":46,"turns":6},{"damage":75,"enemies":"hubris:GrandSnecko","floor":50,"turns":10}],"seed_played":"4397452367184305064","potions_obtained":[{"floor":1,"key":"Reflective Coating"},{"floor":4,"key":"BloodPotion"},{"floor":5,"key":"Poison Potion"},{"floor":8,"key":"Dexterity Potion"},{"floor":18,"key":"Adrenaline Potion"},{"floor":23,"key":"SpeedPotion"},{"floor":24,"key":"BottledMiracle"},{"floor":37,"key":"Explosive Potion"},{"floor":39,"key":"PowerPotion"}],"is_trial":false,"path_per_floor":["M","M","?","M","M","R","M","M","T","R","M","?","M","$","R","B",null,"M","M","?","?","$","E","M","R","T","R","M","M","M","M","R","B",null,"M","M","?","AVR","M","R","M","R","T","M","?","M","R","?","R_BF","B"],"character_chosen":"THE_GATHERER","items_purchased":["Membership Card","aspiration:ChemicalBlood","ReplayTheSpireMod:CursedCoin","Whetstone","PreservedInsect"],"campfire_rested":0,"item_purchase_floors":[14,14,22,22,22],"current_hp_per_floor":[72,72,72,72,69,69,67,67,67,67,67,49,53,53,53,44,72,58,60,60,68,68,55,51,51,51,51,53,61,64,62,62,11,79,75,79,59,59,55,55,59,59,59,55,55,55,55,55,55,0,0,0],"gold":520,"neow_bonus":"THREE_ENEMY_KILL","is_daily":false,"chose_seed":false,"campfire_upgraded":9,"win_rate":0.0,"timestamp":1608149675,"path_taken":["M","?","?","M","M","R","M","?","T","R","M","?","M","?","R","BOSS","M","M","?","?","$","E","M","R","T","R","M","M","?","M","R","BOSS","M","M","?","AVR","M","R","M","R","T","M","?","?","R","?","R_BF","BOSS"],"items_purchased_type":["Relic","Relic","Relic","Relic","Relic"],"build_version":"2020-12-13","purchased_purges":1,"victory":false,"max_hp_per_floor":[72,72,72,72,72,72,72,72,72,72,72,72,72,72,72,72,72,72,72,72,79,79,79,79,79,79,79,79,79,79,79,79,79,79,79,79,59,59,59,59,59,59,59,59,59,59,59,59,59,59,59,59],"relic_stats":{"counters":[27,124],"PreservedInsect":44,"HandDrill":[26],"Whetstone":["Gatherer:DrugPower","Gatherer:AcidicSpray"],"Ginger":[15],"obtain_stats":[{"hubris:CrystalStatue":43,"NeowsBlessing":0,"ReplayTheSpireMod:CursedCoin":22,"energizedSpire:EnergizedDie":17,"conspire:SpecialSausage":34,"PreservedInsect":22,"Whetstone":22,"Ginger":26,"Frozen Egg 2":9,"infinitespire:Lychee Nut":37,"Strawberry":21,"HandDrill":38,"Membership Card":14,"ReplayTheSpireMod:Lightbulb":23,"Gatherer:AlchemyBag":0,"FossilizedHelix":49,"aspiration:ChemicalBlood":14},{"hubris:CrystalStatue":24,"NeowsBlessing":0,"ReplayTheSpireMod:CursedCoin":12,"energizedSpire:EnergizedDie":9,"conspire:SpecialSausage":19,"PreservedInsect":12,"Whetstone":12,"Ginger":14,"Frozen Egg 2":6,"infinitespire:Lychee Nut":22,"Strawberry":12,"HandDrill":22,"Membership Card":8,"ReplayTheSpireMod:Lightbulb":13,"Gatherer:AlchemyBag":0,"FossilizedHelix":26,"aspiration:ChemicalBlood":8},{"hubris:CrystalStatue":105,"NeowsBlessing":0,"ReplayTheSpireMod:CursedCoin":45,"energizedSpire:EnergizedDie":28,"conspire:SpecialSausage":81,"PreservedInsect":45,"Whetstone":45,"Ginger":55,"Frozen Egg 2":15,"infinitespire:Lychee Nut":97,"Strawberry":45,"HandDrill":97,"Membership Card":19,"ReplayTheSpireMod:Lightbulb":51,"Gatherer:AlchemyBag":0,"FossilizedHelix":114,"aspiration:ChemicalBlood":19}]},"card_choices":[{"not_picked":["Gatherer:Uplift","Gatherer:Polymorphism"],"picked":"Gatherer:TreeGrowth","floor":1},{"not_picked":["Gatherer:Liquidism","Gatherer:TacticalStrike"],"picked":"Gatherer:FlowerFalling","floor":2},{"not_picked":["Gatherer:AromaProtection","Gatherer:SealedBomb"],"picked":"Gatherer:Misfortune","floor":4},{"not_picked":["Gatherer:TreeGrowth","Gatherer:PotentialSlash"],"picked":"Gatherer:FlowerShield","floor":5},{"not_picked":["Gatherer:FlowerShield","Gatherer:Duplicator"],"picked":"Gatherer:DrugPower","floor":7},{"not_picked":["Gatherer:AcidicSpray","Gatherer:PotentialSlash"],"picked":"Gatherer:Snatch","floor":8},{"not_picked":["Gatherer:BambuSword","Gatherer:CarefulStrike"],"picked":"Gatherer:QuickSynthesis","floor":11},{"not_picked":["Gatherer:FlowerShield","Gatherer:Snatch"],"picked":"Gatherer:Photoscythe","floor":12},{"not_picked":["Gatherer:Solidify","Gatherer:DrugPower"],"picked":"Gatherer:AcidicSpray","floor":12},{"not_picked":["Gatherer:BambuSword","Gatherer:SaveValuables"],"picked":"Gatherer:FlowerFalling","floor":12},{"not_picked":["Gatherer:DrugPower","Gatherer:ScherryThrow"],"picked":"Gatherer:FlowerFalling","floor":13},{"not_picked":["Gatherer:Bulldoze","Gatherer:Overflowing"],"picked":"Gatherer:ColorfulGarden+1","floor":16},{"not_picked":["Gatherer:GatherMaterial","Gatherer:BambuSword+1"],"picked":"Gatherer:UpgradeBag+1","floor":18},{"not_picked":["Gatherer:TacticalStrike","Gatherer:PotentialSlash"],"picked":"Gatherer:BambuSword+1","floor":19},{"not_picked":["Gatherer:BambuSword","Gatherer:AromaProtection+1"],"picked":"Gatherer:TreeGrowth+1","floor":21},{"not_picked":["Gatherer:BigPouch+1","Gatherer:Herbalism+1"],"picked":"Gatherer:Photoscythe","floor":23},{"not_picked":["Gatherer:BambuSword","Gatherer:SaveValuables+1"],"picked":"Gatherer:Enchant+1","floor":24},{"not_picked":["Gatherer:BambuSword","Gatherer:DrugPower"],"picked":"Gatherer:AcidicSpray","floor":28},{"not_picked":["Gatherer:SaveValuables","Gatherer:DrugPower"],"picked":"Gatherer:QuickSynthesis+1","floor":29},{"not_picked":["Gatherer:Convert","Gatherer:EnergyBasket"],"picked":"Gatherer:EchoOfNature","floor":30},{"not_picked":["Gatherer:RecoveryHerb+1","Gatherer:AcidicSpray+1"],"picked":"Gatherer:FlowerPower+1","floor":31},{"not_picked":["Gatherer:Photoscythe","Gatherer:GrowBook"],"picked":"Gatherer:LuckyClover+1","floor":33},{"not_picked":["Gatherer:EnergyBasket","Gatherer:CarefulStrike+1"],"picked":"Gatherer:FlowerFalling","floor":35},{"not_picked":["Gatherer:Examine","Gatherer:BambuSword+1"],"picked":"Gatherer:ScherryThrow","floor":36},{"not_picked":["Gatherer:Herbalism+1","Gatherer:EnergyBasket"],"picked":"Gatherer:Pollute+1","floor":37},{"not_picked":["Gatherer:BambuSword","Gatherer:CarefulStrike+1"],"picked":"Gatherer:QuickSynthesis+1","floor":39},{"not_picked":["Gatherer:WoolGloves","Gatherer:Duplicator+1"],"picked":"Gatherer:FinishingStrike","floor":41},{"not_picked":["Gatherer:BambuSword","Gatherer:WoolGloves+1"],"picked":"Gatherer:RecoveryHerb","floor":44},{"not_picked":["Gatherer:Enchant+1","Gatherer:OddSpoils+1"],"picked":"Gatherer:Snatch+1","floor":46}],"player_experience":720734,"relics_obtained":[{"floor":9,"key":"Frozen Egg 2"},{"floor":21,"key":"Strawberry"},{"floor":23,"key":"ReplayTheSpireMod:Lightbulb"},{"floor":26,"key":"Ginger"},{"floor":37,"key":"infinitespire:Lychee Nut"},{"floor":43,"key":"hubris:CrystalStatue"},{"floor":49,"key":"FossilizedHelix"}],"event_choices":[{"cards_removed":["Gatherer:Strike_Gatherer"],"damage_healed":0,"gold_gain":0,"player_choice":"Offered Basic","damage_taken":0,"max_hp_gain":0,"max_hp_loss":0,"event_name":"Bonfire Elementals","floor":3,"gold_loss":0},{"damage_healed":0,"gold_gain":0,"player_choice":"Fight","damage_taken":0,"max_hp_gain":0,"max_hp_loss":0,"event_name":"MindBloom","floor":37,"gold_loss":0},{"cards_removed":["Gatherer:Misfortune"],"damage_healed":0,"gold_gain":0,"player_choice":"Got a Spare Bottle","damage_taken":0,"max_hp_gain":0,"max_hp_loss":0,"event_name":"Gatherer:BottleCollector","floor":45,"gold_loss":0,"cards_obtained":["Gatherer:SpareBottle"]},{"damage_healed":0,"gold_gain":100,"player_choice":"Pray","damage_taken":0,"max_hp_gain":0,"max_hp_loss":0,"event_name":"Golden Shrine","floor":48,"gold_loss":0}],"is_beta":false,"boss_relics":[{"not_picked":["energizedSpire:OgreHead","Replay:Ancient Bell"],"picked":"energizedSpire:EnergizedDie"},{"not_picked":["Empty Cage","hubris:BlackHole"],"picked":"conspire:SpecialSausage"}],"items_purged_floors":[22],"is_endless":false,"potions_floor_spawned":[1,4,5,8,18,23,24,29,37,41],"killed_by":"hubris:GrandSnecko","ascension_level":0}}