{"host":"z7uf2ohomj0wklrw","time":1608146147,"event":{"mods":["BaseMod","Downfall","Minty Spire (QoL Compilation)","StSLib"],"gold_per_floor":[99,99,199,199,226,326,351,385,395,13,81,94,94,105,124,226,226,76,111,123,149,149,166,166,91,124,124,124,135,147,165,185,287,287,287,307,320,351,366,376,376,406,406,435,488,488,358,358,376,376,376,402,29,29,29],"floor_reached":56,"playtime":6124,"items_purged":["champ:Strike","champ:Strike","champ:Strike"],"score":1480,"play_id":"6a4188ba-233d-446c-bfd2-8a06c72f944a","local_time":"20201216121547","is_ascension_mode":false,"campfire_choices":[{"floor":1,"key":"RECALL"},{"data":"champ:FlashCut","floor":4,"key":"SMITH"},{"data":"champ:DancingMaster","floor":18,"key":"SMITH"},{"data":"champ:ArenaPreparation","floor":25,"key":"SMITH"},{"data":"champ:Taunt","floor":27,"key":"SMITH"},{"data":"champ:Improvising","floor":35,"key":"SMITH"},{"data":"champ:BladeFlurry","floor":54,"key":"SMITH"}],"circlet_count":0,"master_deck":["champ:Strike","champ:Defend","champ:Defend","champ:Defend","champ:Defend","champ:Execute","champ:Taunt+1","champ:FlashCut+1","champ:ArenaPreparation+1","champ:Balance+1","champ:ViciousMockery+1","champ:ArenaPreparation+1","Master of Strategy+1","champ:BladeFlurry+1","champ:GladiatorsShout+1","champ:Circumvent+1","champ:ShieldWall","champ:BringItOn+1","champ:DancingMaster+1","champ:Control+1","champ:Backstep+1","champ:BladeFlurry+1","champ:Circumvent+1","champ:CheapShot+1","champ:Circumvent+1","champ:BladeFlurry+1","champ:Improvising+1","champ:Control+1","champ:ShieldThrow+1","champ:IronFortress+1","champ:ShieldSlam+1","expansioncontent:DecasProtection+1","expansioncontent:TimeRipple+1","expansioncontent:CaCaw","champ:GladiatorStyle","champ:Lariat+1","champ:Lariat+1","expansioncontent:QuickStudy+1","champ:CrownThrow+1","champ:CheapShot+1","champ:TornadoPunch+1","champ:BladeFlurry+1","champ:StanceDance+1"],"relics":["downfall:HeartsMalice","CloakClasp","Toxic Egg 2","Anchor","StoneCalendar","Molten Egg 2","CultistMask","Runic Dome","downfall:HeartBlessingRed","downfall:HeartBlessingGreen","MealTicket","Centennial Puzzle","Nloth\u0027s Gift","downfall:HeartBlessingBlue","PreservedInsect","Philosopher\u0027s Stone","Juzu Bracelet","hexamod:BolsterEngine","Eternal Feather","Sundial","Dead Branch","Letter Opener","Thread and Needle","Lantern"],"acts_visited":["Exordium","TheCity","TheBeyond","TheEnding"],"potions_floor_usage":[15],"damage_taken":[{"damage":0,"enemies":"Cultist","floor":2,"turns":1},{"damage":0,"enemies":"Cultist","floor":3,"turns":1},{"damage":0,"enemies":"Gremlin Nob","floor":5,"turns":1},{"damage":39,"enemies":"Lagavulin","floor":8,"turns":6},{"damage":5,"enemies":"2 Louse","floor":9,"turns":4},{"damage":11,"enemies":"downfall:FleeingMerchant","floor":10,"turns":4},{"damage":5,"enemies":"Jaw Worm","floor":12,"turns":1},{"damage":10,"enemies":"Blue Slaver","floor":14,"turns":3},{"damage":19,"enemies":"Large Slime","floor":15,"turns":5},{"damage":19,"enemies":"downfall:Defect","floor":16,"turns":7},{"damage":10,"enemies":"Book of Stabbing","floor":19,"turns":4},{"damage":15,"enemies":"Spheric Guardian","floor":20,"turns":3},{"damage":34,"enemies":"Gremlin Leader","floor":21,"turns":5},{"damage":16,"enemies":"Chosen","floor":23,"turns":4},{"damage":49,"enemies":"Book of Stabbing","floor":26,"turns":4},{"damage":28,"enemies":"Snecko","floor":29,"turns":3},{"damage":28,"enemies":"Centurion and Healer","floor":30,"turns":3},{"damage":34,"enemies":"3 Cultists","floor":31,"turns":5},{"damage":30,"enemies":"Cultist and Chosen","floor":32,"turns":3},{"damage":12,"enemies":"downfall:Ironclad","floor":33,"turns":7},{"damage":16,"enemies":"3 Shapes","floor":36,"turns":3},{"damage":19,"enemies":"Orb Walker","floor":37,"turns":3},{"damage":50,"enemies":"Giant Head","floor":38,"turns":5},{"damage":15,"enemies":"Jaw Worm Horde","floor":39,"turns":4},{"damage":31,"enemies":"Maw","floor":40,"turns":4},{"damage":7,"enemies":"Nemesis","floor":42,"turns":5},{"damage":40,"enemies":"Reptomancer","floor":44,"turns":4},{"damage":5,"enemies":"2 Orb Walkers","floor":45,"turns":4},{"damage":30,"enemies":"downfall:FleeingMerchant","floor":47,"turns":4},{"damage":44,"enemies":"Writhing Mass","floor":49,"turns":5},{"damage":42,"enemies":"downfall:Watcher","floor":50,"turns":5},{"damage":10,"enemies":"downfall:CharBossMerchant","floor":52,"turns":4},{"damage":99,"enemies":"downfall:NeowBoss","floor":55,"turns":17}],"seed_played":"8133328186117012364","potions_obtained":[{"floor":3,"key":"SpeedPotion"},{"floor":12,"key":"Regen Potion"},{"floor":14,"key":"Explosive Potion"},{"floor":23,"key":"AttackPotion"},{"floor":28,"key":"champ:UltimateStancePotion"},{"floor":28,"key":"PowerPotion"},{"floor":32,"key":"LiquidMemories"},{"floor":45,"key":"DistilledChaos"}],"is_trial":false,"path_per_floor":["R","M","?","R","E","?","T","E","M","$","T","M","?","M","M","B",null,"R","E","M","E","?","M","T","R","E","R","?","M","M","M","M","B",null,"R","M","M","E","M","M","T","E","?","E","?","T","$","?","M","B",null,"E","$","R","B",null],"character_chosen":"THE_CHAMP","items_purchased":["Master of Strategy+1","champ:BladeFlurry","champ:GladiatorsShout+1","expansioncontent:QuickStudy+1","champ:CrownThrow+1","champ:BladeFlurry+1","Lantern","champ:StanceDance+1"],"campfire_rested":0,"item_purchase_floors":[10,10,10,47,47,53,53,53],"current_hp_per_floor":[90,90,90,90,90,90,90,70,70,70,70,70,70,70,70,61,90,90,90,90,90,90,87,87,97,95,95,95,95,95,100,100,100,100,100,100,100,93,100,88,88,86,76,57,57,57,72,72,53,56,100,100,100,100,81],"gold":29,"neow_bonus":"THREE_ENEMY_KILL","is_daily":false,"chose_seed":false,"campfire_upgraded":6,"win_rate":0.0,"timestamp":1608146147,"path_taken":["R","M","?","R","E","?","T","E","M","?","?","M","?","M","M","BOSS","R","E","M","E","?","?","T","R","E","R","?","M","M","?","M","BOSS","R","M","?","E","M","M","T","E","?","E","?","?","$","?","M","BOSS","E","$","R","BOSS"],"items_purchased_type":["Card","Card","Card","Card","Card","Card","Relic","Card"],"build_version":"2020-12-13","purchased_purges":3,"victory":true,"max_hp_per_floor":[90,90,90,90,90,90,90,90,90,90,90,90,90,90,90,90,90,90,90,90,90,90,90,90,100,100,100,100,100,100,100,100,100,100,100,100,100,100,100,100,100,100,100,100,100,100,100,100,100,100,100,100,100,100,100],"card_choices":[{"not_picked":["champ:EnragedBash","champ:ShieldWall"],"picked":"champ:FlashCut","floor":2},{"not_picked":["champ:CrookedStrike","champ:Haymaker"],"picked":"champ:ArenaPreparation","floor":3},{"not_picked":["champ:Encircle","champ:BerserkersShout+1"],"picked":"champ:Balance+1","floor":5},{"not_picked":["champ:CalledShot","champ:Shatter"],"picked":"champ:ViciousMockery+1","floor":8},{"not_picked":["champ:Haymaker","champ:CrookedStrike","champ:FlashCut"],"picked":"SKIP","floor":9},{"not_picked":["champ:StanceDance+1","champ:TornadoPunch"],"picked":"champ:ArenaPreparation+1","floor":10},{"not_picked":["champ:ViciousMockery+1","champ:CrookedStrike+1"],"picked":"champ:Circumvent+1","floor":12},{"not_picked":["champ:FocusedBerserking+1","champ:PerfectedStrike+1"],"picked":"champ:ShieldWall","floor":14},{"not_picked":["champ:ShieldWall","champ:Encircle+1"],"picked":"champ:BringItOn+1","floor":15},{"not_picked":["champ:SwordThrow+1","champ:CheapShot+1"],"picked":"champ:DancingMaster","floor":16},{"not_picked":["champ:RapidStrikes+1","champ:BerserkersShout+1"],"picked":"champ:Control+1","floor":19},{"not_picked":["champ:ArenaPreparation+1","champ:DefensiveShout+1"],"picked":"champ:Backstep+1","floor":20},{"not_picked":["champ:PerfectedStrike+1","champ:DefensiveShout+1"],"picked":"champ:BladeFlurry+1","floor":21},{"not_picked":["champ:BerserkersShout+1","champ:RapidStrikes+1"],"picked":"champ:Circumvent+1","floor":23},{"not_picked":["champ:Backstep+1","champ:RapidStrikes+1"],"picked":"champ:CheapShot+1","floor":26},{"not_picked":["champ:RisingSlash+1","champ:PerfectedStrike+1"],"picked":"champ:Circumvent+1","floor":29},{"not_picked":["champ:FanOfKnives+1","champ:HeartStrike+1"],"picked":"champ:BladeFlurry+1","floor":30},{"not_picked":["champ:Duel+1","champ:Shatter+1","champ:Circumvent+1"],"picked":"SKIP","floor":31},{"not_picked":["champ:BerserkersShout+1","champ:GladiatorsShout+1"],"picked":"champ:IronFortress","floor":32},{"not_picked":["champ:CheapShot+1","champ:LastStand"],"picked":"champ:Improvising","floor":33},{"not_picked":["champ:Circumvent+1","champ:EnragedBash+1"],"picked":"champ:Control+1","floor":36},{"not_picked":["champ:Shatter+1","champ:BringItOn+1","champ:Aggression+1"],"picked":"SKIP","floor":37},{"not_picked":["champ:EnragedBash+1","champ:BerserkerStyle+1"],"picked":"champ:ShieldThrow+1","floor":38},{"not_picked":["champ:Circumvent+1","champ:Backstep+1"],"picked":"champ:IronFortress+1","floor":39},{"not_picked":["champ:FlashCut+1","champ:DefensiveStyle+1","champ:BringItOn+1"],"picked":"SKIP","floor":40},{"not_picked":["champ:BerserkersShout+1","champ:DefensiveShout+1"],"picked":"champ:ShieldSlam+1","floor":42},{"not_picked":["expansioncontent:Collect","expansioncontent:ManipulateTime+1"],"picked":"expansioncontent:DecasProtection+1","floor":43},{"not_picked":["expansioncontent:PrepareCrush+1","expansioncontent:Flail+1"],"picked":"expansioncontent:TimeRipple+1","floor":43},{"not_picked":["expansioncontent:FaceSlap+1","expansioncontent:AwakenDeath"],"picked":"expansioncontent:CaCaw","floor":43},{"not_picked":["champ:Balance+1","champ:RecklessLeap+1"],"picked":"champ:GladiatorStyle","floor":44},{"not_picked":["champ:BladeFlurry+1","champ:GladiatorsShout+1"],"picked":"champ:Lariat+1","floor":45},{"not_picked":["champ:Balance+1","champ:GladiatorsShout+1"],"picked":"champ:Lariat+1","floor":47},{"not_picked":["champ:BringItOn+1","champ:PreciseThrust+1"],"picked":"champ:CheapShot+1","floor":49},{"not_picked":["champ:Backstep+1","champ:SkillfulDodge+1"],"picked":"champ:TornadoPunch+1","floor":52}],"player_experience":927951,"relics_obtained":[{"floor":3,"key":"CloakClasp"},{"floor":5,"key":"Toxic Egg 2"},{"floor":7,"key":"Anchor"},{"floor":8,"key":"StoneCalendar"},{"floor":11,"key":"Molten Egg 2"},{"floor":19,"key":"MealTicket"},{"floor":21,"key":"Centennial Puzzle"},{"floor":26,"key":"PreservedInsect"},{"floor":38,"key":"Juzu Bracelet"},{"floor":41,"key":"hexamod:BolsterEngine"},{"floor":42,"key":"Eternal Feather"},{"floor":44,"key":"Sundial"},{"floor":45,"key":"Dead Branch"},{"floor":46,"key":"Letter Opener"},{"floor":52,"key":"Thread and Needle"}],"event_choices":[{"damage_healed":0,"gold_gain":0,"player_choice":"Trade","damage_taken":0,"relics_obtained":["CultistMask"],"max_hp_gain":0,"max_hp_loss":0,"event_name":"FaceTrader","floor":13,"gold_loss":0},{"damage_healed":0,"gold_gain":0,"player_choice":"Got Potions","damage_taken":0,"max_hp_gain":0,"max_hp_loss":0,"event_name":"Lab","floor":28,"gold_loss":0},{"damage_healed":0,"gold_gain":0,"player_choice":"Fight","damage_taken":0,"max_hp_gain":0,"max_hp_loss":0,"event_name":"Mysterious Sphere","floor":45,"gold_loss":0},{"cards_removed":["champ:IronFortress"],"damage_healed":0,"gold_gain":0,"player_choice":"Removed Power","damage_taken":0,"max_hp_gain":0,"max_hp_loss":0,"event_name":"Falling","floor":48,"gold_loss":0}],"is_beta":false,"boss_relics":[{"not_picked":["Velvet Choker","Fusion Hammer"],"picked":"Runic Dome"},{"not_picked":["Pandora\u0027s Box","Runic Pyramid"],"picked":"Philosopher\u0027s Stone"}],"items_purged_floors":[10,47,53],"is_endless":false,"potions_floor_spawned":[3,12,14,23,29,32,33,38,40,45,49,52],"ascension_level":0}}