{"host":"i09pxcjttd31eh4q","time":1608127986,"event":{"mods":["AchievementEnabler","BaseMod","Colored Map","Keyboard Shortcuts","Minty Spire (QoL Compilation)","StSLib","SuperFastMode"],"gold_per_floor":[17,17,32,45,65,65,65,98,124,124,150,150,17,33,33,107,107,127,127,138,154,71,101,101,1,27,56,56,56,56,56],"floor_reached":30,"playtime":935,"items_purged":["Defend_G"],"score":602,"play_id":"d57b2ea3-bfe4-49a1-ab06-159f29e49ec8","local_time":"20201216231306","is_ascension_mode":true,"campfire_choices":[{"data":"Masterful Stab","floor":6.0,"key":"SMITH"},{"data":"Poisoned Stab","floor":10.0,"key":"SMITH"},{"data":"Footwork","floor":12.0,"key":"SMITH"},{"data":"Deadly Poison","floor":15.0,"key":"SMITH"},{"data":"Adrenaline","floor":24,"key":"SMITH"},{"data":"Well Laid Plans","floor":28,"key":"SMITH"}],"circlet_count":0,"master_deck":["AscendersBane","Defend_G","Defend_G","Defend_G","Survivor","Neutralize","Heel Hook","Footwork+1","Masterful Stab+1","Leg Sweep","Adrenaline+1","Poisoned Stab+1","Deadly Poison+1","Tools of the Trade","Caltrops","Calculated Gamble","Reflex","Finesse","Well Laid Plans+1"],"relics":["Ring of the Snake","Blood Vial","Strawberry","Ancient Tea Set","Empty Cage","Bottled Flame","Smiling Mask","Pen Nib"],"acts_visited":["Exordium","TheCity"],"potions_floor_usage":[20,23,23,23,23,27,30],"damage_taken":[{"damage":5.0,"enemies":"Jaw Worm","floor":1.0,"turns":7.0},{"damage":0.0,"enemies":"Cultist","floor":3.0,"turns":5.0},{"damage":0.0,"enemies":"2 Louse","floor":4.0,"turns":3.0},{"damage":9.0,"enemies":"Exordium Thugs","floor":5.0,"turns":12.0},{"damage":0.0,"enemies":"3 Sentries","floor":8.0,"turns":10.0},{"damage":1.0,"enemies":"Gremlin Nob","floor":11.0,"turns":4.0},{"damage":0.0,"enemies":"Exordium Wildlife","floor":14.0,"turns":4.0},{"damage":11.0,"enemies":"Hexaghost","floor":16.0,"turns":10.0},{"damage":2.0,"enemies":"Shell Parasite","floor":18.0,"turns":6.0},{"damage":7,"enemies":"2 Thieves","floor":20,"turns":5},{"damage":10,"enemies":"Snecko","floor":21,"turns":5},{"damage":18,"enemies":"Book of Stabbing","floor":23,"turns":7},{"damage":10,"enemies":"Slavers","floor":27,"turns":8},{"damage":36,"enemies":"Cultist and Chosen","floor":30,"turns":4}],"seed_played":"-3910049698611522719","potions_obtained":[{"floor":1.0,"key":"PowerPotion"},{"floor":5.0,"key":"Explosive Potion"},{"floor":8.0,"key":"Dexterity Potion"},{"floor":11.0,"key":"Swift Potion"},{"floor":14.0,"key":"PowerPotion"},{"floor":18.0,"key":"AttackPotion"},{"floor":20,"key":"EssenceOfSteel"},{"floor":21,"key":"EntropicBrew"},{"floor":27,"key":"Explosive Potion"}],"is_trial":false,"path_per_floor":["M","?","M","M","M","R","$","E","T","R","E","R","$","M","R","B",null,"M","?","M","M","$","E","R","$","T","E","R","T","M"],"character_chosen":"THE_SILENT","items_purchased":["Deadly Poison","Calculated Gamble","Finesse"],"campfire_rested":0,"item_purchase_floors":[13,22,25],"current_hp_per_floor":[54,54,54,54,45,45,45,45,52,52,53,53,53,55,55,46,66,66,66,61,53,53,37,37,37,37,29,29,29,0,0],"gold":56,"neow_bonus":"TRANSFORM_TWO_CARDS","is_daily":false,"chose_seed":false,"campfire_upgraded":6,"win_rate":0.0,"timestamp":1608127986,"path_taken":["M","?","M","M","?","R","?","E","T","R","E","R","$","M","R","BOSS","M","?","M","M","$","E","R","?","T","E","R","?","M"],"items_purchased_type":["Card","Card","Card"],"build_version":"2020-12-13","purchased_purges":1,"victory":false,"max_hp_per_floor":[66,66,66,66,66,66,66,66,73,73,73,73,73,73,73,73,73,73,73,73,73,73,73,73,73,73,73,73,73,73,73],"card_choices":[{"not_picked":["Flying Knee","Dodge and Roll"],"picked":"Masterful Stab","floor":1.0},{"not_picked":["Deflect","Accuracy"],"picked":"Leg Sweep","floor":3.0},{"not_picked":["Slice","Flying Knee","Outmaneuver"],"picked":"SKIP","floor":4.0},{"not_picked":["Backflip","Terror"],"picked":"Adrenaline","floor":5.0},{"not_picked":["All Out Attack","Sucker Punch"],"picked":"Poisoned Stab","floor":8.0},{"not_picked":["Dagger Spray","Quick Slash","All Out Attack"],"picked":"SKIP","floor":11.0},{"not_picked":["Dagger Spray","Quick Slash","All Out Attack"],"picked":"SKIP","floor":11.0},{"not_picked":["Dagger Spray","Quick Slash","All Out Attack"],"picked":"SKIP","floor":11.0},{"not_picked":["Bane","Underhanded Strike","Wraith Form v2"],"picked":"SKIP","floor":14.0},{"not_picked":["Envenom","Storm of Steel"],"picked":"Tools of the Trade","floor":16.0},{"not_picked":["Outmaneuver","Deflect","Leg Sweep"],"picked":"SKIP","floor":18.0},{"not_picked":["Bane","Setup","Terror"],"picked":"SKIP","floor":20},{"not_picked":["Infinite Blades","Underhanded Strike","Skewer"],"picked":"SKIP","floor":21},{"not_picked":["Sucker Punch","Choke"],"picked":"Reflex","floor":23},{"not_picked":["Sucker Punch","Distraction"],"picked":"Well Laid Plans","floor":27}],"player_experience":739747,"relics_obtained":[{"floor":8.0,"key":"Blood Vial"},{"floor":9.0,"key":"Strawberry"},{"floor":11.0,"key":"Ancient Tea Set"},{"floor":23,"key":"Bottled Flame"},{"floor":26,"key":"Smiling Mask"},{"floor":27,"key":"Pen Nib"}],"event_choices":[{"cards_removed":["Strike_G"],"damage_healed":0.0,"max_hp_gain":0.0,"max_hp_loss":0.0,"gold_gain":0.0,"event_name":"Purifier","player_choice":"Purged","floor":2.0,"gold_loss":0.0,"damage_taken":0.0},{"damage_healed":0.0,"max_hp_gain":0.0,"max_hp_loss":0.0,"gold_gain":0.0,"cards_transformed":["Strike_G"],"event_name":"Transmorgrifier","player_choice":"Transformed","floor":19.0,"gold_loss":0.0,"damage_taken":0.0,"cards_obtained":["Caltrops"]}],"is_beta":false,"boss_relics":[{"not_picked":["Ectoplasm","Ring of the Serpent"],"picked":"Empty Cage"}],"items_purged_floors":[13],"is_endless":false,"potions_floor_spawned":[1,5,8,11,14,18,20,21,27],"killed_by":"Cultist and Chosen","ascension_level":20}}