{"host":"ctlqibkg0sskiu65","time":1608140183,"event":{"mods":["2.2 Compatiblity","AchievementEnabler","Aspiration","BaseMod","BetterRewards","Colored Map","Colored Powertips","Conspire","Fiend Mod","Infinite Spire","Minty Spire (QoL Compilation)","Quick Restart","Replay The Spire","Shop Mod","StSLib","The Bladedancer","The Cursed","The Hierophant","The Jungle","The Kombatant","The Servant 0.9.4","TheBandit"],"gold_per_floor":[113,113,113,126,126,126,144,144,144,0,13,25,25,42,42,144,144,164,164,164,181,181,181,181],"floor_reached":23,"playtime":674,"items_purged":["Strike_G"],"score":235,"play_id":"004f1488-16be-4e01-84cd-76482b5c3154","local_time":"20201216113623","is_ascension_mode":true,"campfire_choices":[{"data":"Neutralize","floor":6.0,"key":"SMITH"},{"data":"Bouncing Flask","floor":8.0,"key":"SMITH"},{"data":"Dagger Spray","floor":13.0,"key":"SMITH"},{"floor":15.0,"key":"REST"}],"circlet_count":0,"master_deck":["Strike_G","Strike_G","Strike_G+1","Strike_G","Defend_G","Defend_G","Defend_G","Defend_G","Defend_G","Survivor","Neutralize+1","PiercingWail","Deflect","Bouncing Flask+1","Dagger Spray","Flying Knee","Dagger Spray+1","Endless Agony","All Out Attack"],"relics":["Ring of the Snake","Boot","Replay:Bronze Core"],"acts_visited":["Exordium","TheCity"],"potions_floor_usage":[23],"damage_taken":[{"damage":0.0,"enemies":"Small Slimes","floor":1.0,"turns":4.0},{"damage":1.0,"enemies":"2 Louse","floor":4.0,"turns":5.0},{"damage":3.0,"enemies":"Jaw Worm","floor":7.0,"turns":5.0},{"damage":0.0,"enemies":"Blue Slaver","floor":11.0,"turns":5.0},{"damage":0.0,"enemies":"2 Fungi Beasts","floor":12.0,"turns":3.0},{"damage":21.0,"enemies":"Exordium Wildlife","floor":14.0,"turns":4.0},{"damage":20.0,"enemies":"Hexaghost","floor":16.0,"turns":9.0},{"damage":2.0,"enemies":"2 Thieves","floor":18.0,"turns":4.0},{"damage":0.0,"enemies":"Chosen","floor":21.0,"turns":5.0},{"damage":62,"enemies":"Gremlin Leader","floor":23,"turns":6}],"seed_played":"-350182003170317329","potions_obtained":[{"floor":7.0,"key":"Energy Potion"},{"floor":11.0,"key":"SteroidPotion"},{"floor":21.0,"key":"Swift Potion"}],"is_trial":false,"path_per_floor":["M","?","?","M","?","R","M","R","T","$","M","M","R","M","R","B",null,"M","?","?","M","?","E"],"character_chosen":"THE_SILENT","items_purchased":["Dagger Spray","Flying Knee"],"campfire_rested":1,"item_purchase_floors":[10,10],"current_hp_per_floor":[70,70,70,69,69,69,66,66,66,66,66,66,66,45,68,48,70,68,68,54,54,54,0,0],"gold":181,"neow_bonus":"TEN_PERCENT_HP_BONUS","is_daily":false,"chose_seed":false,"campfire_upgraded":3,"win_rate":0.0,"timestamp":1608140183,"path_taken":["M","?","?","?","?","R","M","R","T","$","M","M","R","M","R","BOSS","M","?","?","M","?","E"],"items_purchased_type":["Card","Card"],"build_version":"2020-12-13","purchased_purges":1,"victory":false,"max_hp_per_floor":[77,77,77,77,77,77,77,77,77,77,77,77,77,77,77,77,77,77,77,82,82,82,82,82],"card_choices":[{"not_picked":["ReplayTheSpireMod:Exploit Weakness","Flying Knee"],"picked":"PiercingWail","floor":1.0},{"not_picked":["Backflip","Dash"],"picked":"Deflect","floor":4.0},{"not_picked":["Acrobatics","Underhanded Strike"],"picked":"Bouncing Flask","floor":7.0},{"not_picked":["PiercingWail","Prepared"],"picked":"Dagger Spray","floor":11.0},{"not_picked":["ReplayTheSpireMod:Scrap Shanks","conspire:DoublingDagger","Escape Plan"],"picked":"SKIP","floor":12.0},{"not_picked":["Blade Dance","Outmaneuver","Night Terror"],"picked":"SKIP","floor":14.0},{"not_picked":["Predator","Outmaneuver"],"picked":"Endless Agony","floor":18.0},{"not_picked":["Cloak And Dagger","Blade Dance"],"picked":"All Out Attack","floor":21.0}],"player_experience":148248,"relics_obtained":[{"floor":9.0,"key":"Boot"}],"event_choices":[{"damage_healed":0.0,"max_hp_gain":0.0,"max_hp_loss":0.0,"gold_gain":0.0,"event_name":"Ghosts","player_choice":"Ignored","floor":19.0,"gold_loss":0.0,"damage_taken":0.0},{"damage_healed":0.0,"max_hp_gain":5.0,"max_hp_loss":0.0,"gold_gain":0.0,"event_name":"Forgotten Altar","player_choice":"Shed Blood","floor":20.0,"gold_loss":0.0,"damage_taken":19.0},{"damage_healed":0.0,"max_hp_gain":0.0,"max_hp_loss":0.0,"gold_gain":0.0,"event_name":"Vampires","player_choice":"Ignored","floor":22.0,"gold_loss":0.0,"damage_taken":0.0}],"is_beta":false,"boss_relics":[{"not_picked":["Honey Jar","Abe\u0027s Treasure"],"picked":"Replay:Bronze Core"}],"items_purged_floors":[10],"is_endless":false,"potions_floor_spawned":[7,11,21],"killed_by":"Gremlin Leader","ascension_level":6}}