{"host":"2pffx5rqbod9ds0c","time":1608099492,"event":{"mods":["BaseMod","Better Altar","Better Match","Better Note","Better Sensory Stone","Better Skull","Better Third Choice","Custom Start","Hubris","Minty Spire (QoL Compilation)","Quick Restart","Relic Stats","Robot Space Explorer","Spicy Shops","StSLib"],"gold_per_floor":[111,129,129,129,149,149,182,182,229,240,270,282,310,322,322,417,417,428,428,428,444,444,444,475,485,485,515,535,535,545,73,73,181,181,201,301,317,317,326,360,372,405,428,448,4,38,62,81,81,81],"floor_reached":51,"playtime":2240,"items_purged":["RobotSpaceExplorer:Strike","RobotSpaceExplorer:Strike","RobotSpaceExplorer:Defend"],"score":888,"play_id":"e7b613f7-4058-4794-aba6-4d3ba1aa9ee5","local_time":"20201215221812","is_ascension_mode":true,"campfire_choices":[{"data":"RobotSpaceExplorer:Comet","floor":6.0,"key":"SMITH"},{"data":"RobotSpaceExplorer:StarDust","floor":8.0,"key":"SMITH"},{"floor":15.0,"key":"REST"},{"data":"RobotSpaceExplorer:Comet","floor":23.0,"key":"SMITH"},{"floor":29.0,"key":"REST"},{"data":"RobotSpaceExplorer:StarLightning","floor":32.0,"key":"SMITH"},{"data":"RobotSpaceExplorer:PlasmaMissile","floor":49.0,"key":"SMITH"}],"circlet_count":0,"master_deck":["RobotSpaceExplorer:Defend","RobotSpaceExplorer:Defend","RobotSpaceExplorer:Defend","RobotSpaceExplorer:Scan","RobotSpaceExplorer:Comet+1","RobotSpaceExplorer:StarLightning+1","RobotSpaceExplorer:PlasmaMissile+1","RobotSpaceExplorer:StarDust+1","RobotSpaceExplorer:Pulsar","RobotSpaceExplorer:Comet+1","RobotSpaceExplorer:Comet+1","RobotSpaceExplorer:Autoloader+1","RobotSpaceExplorer:HighVoltage","RobotSpaceExplorer:GearShield"],"relics":["RobotSpaceExplorer:RoboCore","MealTicket","StrikeDummy","Frozen Egg 2","hubris:TerracottaHorce","Nloth\u0027s Gift","FaceOfCleric","CeramicFish","hubris:Potato","Bag of Preparation","Lizard Tail","Philosopher\u0027s Stone","Smiling Mask","hubris:BottledRain","Eternal Feather","Blood Vial","hubris:MysteriousPyramids","Art of War","Pen Nib"],"acts_visited":["Exordium","TheCity","TheBeyond"],"potions_floor_usage":[50,50],"damage_taken":[{"damage":0.0,"enemies":"2 Louse","floor":1.0,"turns":3.0},{"damage":3.0,"enemies":"Small Slimes","floor":2.0,"turns":2.0},{"damage":0.0,"enemies":"Jaw Worm","floor":5.0,"turns":3.0},{"damage":16.0,"enemies":"Lagavulin","floor":7.0,"turns":6.0},{"damage":0.0,"enemies":"Looter","floor":10.0,"turns":3.0},{"damage":26.0,"enemies":"3 Sentries","floor":11.0,"turns":5.0},{"damage":13.0,"enemies":"Exordium Thugs","floor":12.0,"turns":4.0},{"damage":8.0,"enemies":"Lagavulin","floor":13.0,"turns":5.0},{"damage":0.0,"enemies":"3 Louse","floor":14.0,"turns":2.0},{"damage":7.0,"enemies":"Hexaghost","floor":16.0,"turns":7.0},{"damage":1.0,"enemies":"3 Byrds","floor":18.0,"turns":3.0},{"damage":0.0,"enemies":"Chosen","floor":21.0,"turns":4.0},{"damage":17.0,"enemies":"Slavers","floor":24.0,"turns":2.0},{"damage":30.0,"enemies":"Shelled Parasite and Fungi","floor":25.0,"turns":3.0},{"damage":14.0,"enemies":"Gremlin Leader","floor":27.0,"turns":4.0},{"damage":0.0,"enemies":"Snecko","floor":28.0,"turns":3.0},{"damage":21.0,"enemies":"Snake Plant","floor":30.0,"turns":3.0},{"damage":16.0,"enemies":"Collector","floor":33.0,"turns":5.0},{"damage":25.0,"enemies":"3 Darklings","floor":35.0,"turns":3.0},{"damage":10.0,"enemies":"Orb Walker","floor":37.0,"turns":3.0},{"damage":43.0,"enemies":"Reptomancer","floor":40.0,"turns":4.0},{"damage":30.0,"enemies":"Maw","floor":41.0,"turns":6.0},{"damage":12.0,"enemies":"Giant Head","floor":42.0,"turns":6.0},{"damage":0.0,"enemies":"Transient","floor":44.0,"turns":5.0},{"damage":17.0,"enemies":"Reptomancer","floor":46.0,"turns":3.0},{"damage":0.0,"enemies":"4 Shapes","floor":47.0,"turns":2.0},{"damage":0.0,"enemies":"Sphere and 2 Shapes","floor":48.0,"turns":2.0},{"damage":45,"enemies":"hubris:GrandSnecko","floor":50,"turns":6}],"seed_played":"-6074038793800179912","potions_obtained":[{"floor":1.0,"key":"Swift Potion"},{"floor":2.0,"key":"Ancient Potion"},{"floor":7.0,"key":"SteroidPotion"},{"floor":14.0,"key":"Ancient Potion"}],"is_trial":false,"path_per_floor":["M","M","?","?","M","R","E","R","T","M","E","M","E","M","R","B",null,"M","?","?","M","?","R","E","M","T","E","M","R","M","$","R","B",null,"M","?","M","?","?","E","M","E","T","M","$","E","M","M","R","B",null],"character_chosen":"RobotSpaceExplorer","items_purchased":["Lizard Tail","hubris:MysteriousPyramids","Art of War"],"campfire_rested":2,"item_purchase_floors":[31,45,45],"current_hp_per_floor":[75,72,65,65,65,65,49,49,49,49,23,10,2,2,24,17,61,60,60,60,60,60,60,44,15,15,2,3,26,6,21,21,6,62,38,38,29,29,29,61,32,21,21,24,39,25,28,31,37,74],"gold":81,"neow_bonus":"ONE_RANDOM_RARE_CARD","is_daily":false,"chose_seed":false,"campfire_upgraded":5,"win_rate":0.0,"timestamp":1608099492,"path_taken":["M","M","?","?","M","R","E","R","T","M","E","M","E","M","R","BOSS","M","?","?","?","?","R","E","?","T","E","M","R","M","?","R","BOSS","M","?","?","?","?","E","M","E","T","M","$","E","M","?","R","BOSS"],"items_purchased_type":["Relic","Relic","Relic"],"build_version":"2020-12-13","purchased_purges":3,"victory":true,"max_hp_per_floor":[75,75,75,75,75,75,75,75,75,75,75,75,75,75,75,75,75,75,75,75,75,75,75,76,77,77,78,79,79,80,80,80,81,81,82,82,83,83,83,84,85,86,86,87,87,88,89,90,90,91],"relic_stats":{"counters":[28,107],"CeramicFish":36,"Eternal Feather":6,"Pen Nib":[1],"Bag of Preparation":[27],"Smiling Mask":75,"Blood Vial":10,"Lizard Tail":0,"FaceOfCleric":16,"MealTicket":30,"Nloth\u0027s Gift":4,"Art of War":[2],"obtain_stats":[{"CeramicFish":24,"RobotSpaceExplorer:RoboCore":0,"Eternal Feather":42,"Pen Nib":46,"Bag of Preparation":27,"Frozen Egg 2":13,"hubris:MysteriousPyramids":45,"Smiling Mask":40,"hubris:TerracottaHorce":17,"Blood Vial":43,"Lizard Tail":31,"FaceOfCleric":22,"MealTicket":7,"Philosopher\u0027s Stone":34,"hubris:TenFootPole":9,"Nloth\u0027s Gift":20,"Art of War":45,"StrikeDummy":11,"hubris:Potato":26,"hubris:BottledRain":41},{"CeramicFish":13,"RobotSpaceExplorer:RoboCore":0,"Eternal Feather":23,"Pen Nib":25,"Bag of Preparation":15,"Frozen Egg 2":8,"hubris:MysteriousPyramids":24,"Smiling Mask":21,"hubris:TerracottaHorce":10,"Blood Vial":23,"Lizard Tail":17,"FaceOfCleric":12,"MealTicket":4,"Philosopher\u0027s Stone":18,"hubris:TenFootPole":4,"Nloth\u0027s Gift":11,"Art of War":24,"StrikeDummy":6,"hubris:Potato":14,"hubris:BottledRain":22},{"CeramicFish":49,"RobotSpaceExplorer:RoboCore":0,"Eternal Feather":89,"Pen Nib":97,"Bag of Preparation":56,"Frozen Egg 2":31,"hubris:MysteriousPyramids":94,"Smiling Mask":77,"hubris:TerracottaHorce":40,"Blood Vial":89,"Lizard Tail":62,"FaceOfCleric":47,"MealTicket":14,"Philosopher\u0027s Stone":67,"hubris:TenFootPole":14,"Nloth\u0027s Gift":43,"Art of War":94,"StrikeDummy":22,"hubris:Potato":52,"hubris:BottledRain":83}]},"card_choices":[{"not_picked":["RobotSpaceExplorer:ScrapShield","RobotSpaceExplorer:ToxicBomb","RobotSpaceExplorer:Calculate"],"picked":"SKIP","floor":1.0},{"not_picked":["RobotSpaceExplorer:SurgingStrike","RobotSpaceExplorer:SurgingShield"],"picked":"RobotSpaceExplorer:StarLightning","floor":2.0},{"not_picked":["RobotSpaceExplorer:SlimeMissile","RobotSpaceExplorer:GlueShot"],"picked":"RobotSpaceExplorer:StarDust","floor":5.0},{"not_picked":["RobotSpaceExplorer:GearShield","RobotSpaceExplorer:Counterblock","RobotSpaceExplorer:Probe"],"picked":"SKIP","floor":7.0},{"not_picked":["RobotSpaceExplorer:GearShield","RobotSpaceExplorer:Counterblock","RobotSpaceExplorer:Probe"],"picked":"SKIP","floor":7.0},{"not_picked":["RobotSpaceExplorer:ScrapShield","RobotSpaceExplorer:ScrapMissile","RobotSpaceExplorer:TurboDodge"],"picked":"SKIP","floor":10.0},{"not_picked":["RobotSpaceExplorer:SwiftStep","RobotSpaceExplorer:PowerGlove","RobotSpaceExplorer:Accelerator"],"picked":"SKIP","floor":11.0},{"not_picked":["RobotSpaceExplorer:SurgingStrike","RobotSpaceExplorer:FrostMissile","RobotSpaceExplorer:GearShield"],"picked":"SKIP","floor":12.0},{"not_picked":["RobotSpaceExplorer:IronShell","RobotSpaceExplorer:Arsenal"],"picked":"RobotSpaceExplorer:Wormhole","floor":13.0},{"not_picked":["RobotSpaceExplorer:FrostMissile","RobotSpaceExplorer:StunGrenade"],"picked":"RobotSpaceExplorer:Pulsar","floor":14.0},{"not_picked":["RobotSpaceExplorer:Asteroid","RobotSpaceExplorer:DroneSwarm+1"],"picked":"RobotSpaceExplorer:Comet","floor":16.0},{"not_picked":["RobotSpaceExplorer:ShockKick","RobotSpaceExplorer:ScrapMissile+1","RobotSpaceExplorer:StunGrenade+1"],"picked":"SKIP","floor":18.0},{"not_picked":["RobotSpaceExplorer:Reload","RobotSpaceExplorer:SurgingStrike"],"picked":"RobotSpaceExplorer:Comet","floor":21.0},{"not_picked":["RobotSpaceExplorer:MakeshiftVolley","RobotSpaceExplorer:SwiftStep","RobotSpaceExplorer:Accelerator+1"],"picked":"SKIP","floor":24.0},{"not_picked":["RobotSpaceExplorer:Discharger+1","RobotSpaceExplorer:PowerCollector+1","RobotSpaceExplorer:LuckyStrike+1"],"picked":"SKIP","floor":25.0},{"not_picked":["RobotSpaceExplorer:Pulsar","RobotSpaceExplorer:ShovelStrike","RobotSpaceExplorer:Asteroid"],"picked":"SKIP","floor":27.0},{"not_picked":["RobotSpaceExplorer:ShockKick","RobotSpaceExplorer:ScrapToss+1"],"picked":"RobotSpaceExplorer:Exploration","floor":28.0},{"not_picked":["RobotSpaceExplorer:MiniDrones+1","RobotSpaceExplorer:SelfCleaning","RobotSpaceExplorer:StunGrenade"],"picked":"SKIP","floor":30.0},{"not_picked":["RobotSpaceExplorer:BlastShield","RobotSpaceExplorer:Blaster"],"picked":"RobotSpaceExplorer:Autoloader+1","floor":33.0},{"not_picked":["RobotSpaceExplorer:MiniDrones","RobotSpaceExplorer:Jetpack+1","RobotSpaceExplorer:BigMissile+1"],"picked":"SKIP","floor":35.0},{"not_picked":["RobotSpaceExplorer:SurgingStrike","RobotSpaceExplorer:DoubleBlock","RobotSpaceExplorer:Pulsar+1"],"picked":"SKIP","floor":37.0},{"not_picked":["RobotSpaceExplorer:ShockMissile","RobotSpaceExplorer:Ammunition+1","RobotSpaceExplorer:Smokescreen+1"],"picked":"SKIP","floor":40.0},{"not_picked":["RobotSpaceExplorer:SwiftStep","RobotSpaceExplorer:StunGrenade+1","RobotSpaceExplorer:Electroshield+1"],"picked":"SKIP","floor":41.0},{"not_picked":["RobotSpaceExplorer:MetalStrike+1","RobotSpaceExplorer:SurgingShield+1","RobotSpaceExplorer:ImprovisedAttack+1"],"picked":"SKIP","floor":42.0},{"not_picked":["RobotSpaceExplorer:Pulsar","RobotSpaceExplorer:Fix","RobotSpaceExplorer:Counterblock+1"],"picked":"SKIP","floor":44.0},{"not_picked":["RobotSpaceExplorer:DoubleBlock+1","RobotSpaceExplorer:MakeshiftVolley+1","RobotSpaceExplorer:BigMissile+1"],"picked":"SKIP","floor":46.0},{"not_picked":["RobotSpaceExplorer:ScrapToss+1","RobotSpaceExplorer:DoubleBlock+1","RobotSpaceExplorer:GearShield"],"picked":"SKIP","floor":47.0},{"not_picked":["RobotSpaceExplorer:ScrapToss+1","RobotSpaceExplorer:DoubleBlock+1"],"picked":"RobotSpaceExplorer:GearShield","floor":47.0},{"not_picked":["RobotSpaceExplorer:MetalStrike+1","RobotSpaceExplorer:DoubleBlock","RobotSpaceExplorer:ImprovisedAttack"],"picked":"SKIP","floor":48.0}],"player_experience":765867,"relics_obtained":[{"floor":7.0,"key":"MealTicket"},{"floor":9.0,"key":"hubris:TenFootPole"},{"floor":11.0,"key":"StrikeDummy"},{"floor":13.0,"key":"Frozen Egg 2"},{"floor":24.0,"key":"CeramicFish"},{"floor":26.0,"key":"hubris:Potato"},{"floor":27.0,"key":"Bag of Preparation"},{"floor":40.0,"key":"Smiling Mask"},{"floor":41.0,"key":"hubris:BottledRain"},{"floor":42.0,"key":"Eternal Feather"},{"floor":43.0,"key":"Blood Vial"},{"floor":46.0,"key":"Pen Nib"}],"event_choices":[{"cards_removed":["RobotSpaceExplorer:Strike"],"damage_healed":0.0,"max_hp_gain":0.0,"max_hp_loss":0.0,"gold_gain":0.0,"event_name":"Golden Wing","player_choice":"Card Removal","floor":3.0,"gold_loss":0.0,"damage_taken":7.0},{"damage_healed":0.0,"max_hp_gain":0.0,"max_hp_loss":0.0,"gold_gain":0.0,"event_name":"Upgrade Shrine","player_choice":"Upgraded","floor":19.0,"gold_loss":0.0,"damage_taken":0.0,"cards_upgraded":["RobotSpaceExplorer:Comet"]},{"damage_healed":0.0,"max_hp_gain":0.0,"max_hp_loss":0.0,"gold_gain":0.0,"event_name":"N\u0027loth","player_choice":"Traded Relic","floor":20.0,"relics_lost":["hubris:TenFootPole"],"gold_loss":0.0,"damage_taken":0.0,"relics_obtained":["Nloth\u0027s Gift"]},{"damage_healed":0.0,"max_hp_gain":0.0,"max_hp_loss":0.0,"gold_gain":0.0,"event_name":"FaceTrader","player_choice":"Trade","floor":22.0,"gold_loss":0.0,"damage_taken":0.0,"relics_obtained":["FaceOfCleric"]},{"damage_healed":0.0,"max_hp_gain":0.0,"max_hp_loss":0.0,"gold_gain":100.0,"event_name":"Golden Shrine","player_choice":"Pray","floor":36.0,"gold_loss":0.0,"damage_taken":0.0},{"damage_healed":0.0,"max_hp_gain":0.0,"max_hp_loss":0.0,"gold_gain":0.0,"event_name":"Tomb of Lord Red Mask","player_choice":"Ignored","floor":38.0,"gold_loss":0.0,"damage_taken":0.0},{"damage_healed":0.0,"max_hp_gain":0.0,"max_hp_loss":0.0,"gold_gain":0.0,"cards_transformed":["RobotSpaceExplorer:MiniLasers"],"event_name":"Transmorgrifier","player_choice":"Transformed","floor":39.0,"gold_loss":0.0,"damage_taken":0.0,"cards_obtained":["RobotSpaceExplorer:HighVoltage"]}],"is_beta":false,"boss_relics":[{"not_picked":["Cursed Key","hubris:GrandSneckoEye"],"picked":"hubris:TerracottaHorce"},{"not_picked":["Coffee Dripper","Fusion Hammer"],"picked":"Philosopher\u0027s Stone"}],"items_purged_floors":[31,31,45],"is_endless":false,"potions_floor_spawned":[1,2,7,14,24,25,33,37,41,46],"ascension_level":1}}