{"host":"z60ck2mpr6goyib8","time":1608153518,"event":{"mods":["BaseMod","Best Route Mod","Bestiary","Better Third Choice","Block Reminder","Colored Map","Colored Powertips","Googly Eyes","Minty Spire (QoL Compilation)","Quick Restart","Relic Stats","Slay-I","StSLib","everything is the same but u backflip on backflip"],"gold_per_floor":[118,137,24,24,24,52,71,71,152,165,184,198,218,18,18,115,115,132,5,5,5,5,40,40,52,127,127,127,155,80,80,80,185,185,205,115,127,147,160,160,160],"floor_reached":40,"playtime":1368,"items_purged":[],"score":677,"play_id":"c1a562d3-b7db-4ec8-bd50-7fa4e165e953","local_time":"20201216211838","is_ascension_mode":true,"campfire_choices":[{"data":"Flame Barrier","floor":8.0,"key":"SMITH"},{"data":"Metallicize","floor":15.0,"key":"SMITH"},{"data":"Limit Break","floor":24.0,"key":"SMITH"},{"floor":28.0,"key":"REST"},{"floor":32.0,"key":"REST"}],"circlet_count":0,"master_deck":["AscendersBane","Strike_R","Defend_R","Defend_R","Defend_R","Defend_R","Bash","Pommel Strike","Shockwave","Flame Barrier+1","Rupture","Fire Breathing+1","Warcry","Carnage","Anger","Ghostly Armor+1","Metallicize+1","Flex","Limit Break+1","Clothesline","Inflame","Shrug It Off","Inflame+1","Power Through","Wild Strike","Twin Strike","Reckless Charge+1","Feed","Whirlwind+1","Second Wind+1"],"relics":["Burning Blood","NeowsBlessing","Art of War","Shuriken","Orichalcum","Cursed Key","Enchiridion","Red Skull","The Courier","HornCleat","Black Star"],"acts_visited":["Exordium","TheCity","TheBeyond"],"potions_floor_usage":[],"damage_taken":[{"damage":0.0,"enemies":"Small Slimes","floor":1.0,"turns":1.0},{"damage":0.0,"enemies":"Cultist","floor":2.0,"turns":1.0},{"damage":0.0,"enemies":"Gremlin Nob","floor":6.0,"turns":1.0},{"damage":14.0,"enemies":"Jaw Worm","floor":7.0,"turns":4.0},{"damage":12.0,"enemies":"2 Fungi Beasts","floor":10.0,"turns":5.0},{"damage":21.0,"enemies":"Exordium Wildlife","floor":11.0,"turns":5.0},{"damage":0.0,"enemies":"Large Slime","floor":12.0,"turns":6.0},{"damage":11.0,"enemies":"2 Fungi Beasts","floor":13.0,"turns":3.0},{"damage":45.0,"enemies":"Hexaghost","floor":16.0,"turns":11.0},{"damage":19.0,"enemies":"Chosen","floor":18.0,"turns":6.0},{"damage":30.0,"enemies":"Book of Stabbing","floor":23.0,"turns":5.0},{"damage":10.0,"enemies":"2 Thieves","floor":25.0,"turns":4.0},{"damage":45.0,"enemies":"Gremlin Leader","floor":29.0,"turns":7.0},{"damage":1.0,"enemies":"Champ","floor":33.0,"turns":9.0},{"damage":6.0,"enemies":"3 Darklings","floor":35.0,"turns":5.0},{"damage":15.0,"enemies":"Orb Walker","floor":37.0,"turns":6.0},{"damage":21.0,"enemies":"3 Darklings","floor":38.0,"turns":4.0},{"damage":32.0,"enemies":"Sphere and 2 Shapes","floor":39.0,"turns":6.0},{"damage":48,"enemies":"Nemesis","floor":40,"turns":4}],"seed_played":"63737477997995741","potions_obtained":[{"floor":7.0,"key":"Strength Potion"},{"floor":10.0,"key":"SneckoOil"},{"floor":13.0,"key":"SpeedPotion"},{"floor":18.0,"key":"BloodPotion"},{"floor":25.0,"key":"SteroidPotion"},{"floor":33.0,"key":"Swift Potion"},{"floor":35.0,"key":"EssenceOfSteel"},{"floor":37.0,"key":"AttackPotion"}],"is_trial":false,"path_per_floor":["M","M","$","?","$","E","M","R","T","M","M","M","M","$","R","B",null,"M","$","?","?","$","E","R","M","T","?","R","E","?","?","R","B",null,"M","?","M","M","M","E"],"character_chosen":"IRONCLAD","items_purchased":["Flame Barrier","Rupture","Orichalcum","Flex","Inflame","Shrug It Off"],"campfire_rested":2,"item_purchase_floors":[3,3,14,14,19,19],"current_hp_per_floor":[78,80,80,80,80,80,72,72,72,66,51,57,52,52,52,13,63,66,66,50,50,50,26,26,22,22,22,46,7,7,7,31,36,69,69,69,60,45,22,0,0],"gold":160,"neow_bonus":"THREE_ENEMY_KILL","is_daily":false,"chose_seed":false,"campfire_upgraded":3,"win_rate":0.0,"timestamp":1608153518,"path_taken":["M","M","$","?","$","E","M","R","T","M","M","M","M","?","R","BOSS","M","$","?","?","?","E","R","M","T","?","R","E","?","?","R","BOSS","M","?","M","M","M","E"],"items_purchased_type":["Card","Card","Relic","Card","Card","Card"],"build_version":"2020-12-13","purchased_purges":0,"victory":false,"max_hp_per_floor":[80,80,80,80,80,80,80,80,80,80,80,80,80,80,80,80,80,80,80,80,80,80,80,80,80,80,80,80,80,80,80,80,80,80,80,80,80,80,83,83,83],"relic_stats":{"counters":[19,93],"Shuriken":[11],"Art of War":[11],"Black Star":0,"Orichalcum":[132],"Cursed Key":1,"obtain_stats":[{"HornCleat":29,"NeowsBlessing":0,"Shuriken":9,"Enchiridion":20,"The Courier":26,"Art of War":6,"Black Star":34,"Orichalcum":14,"Cursed Key":17,"Burning Blood":0,"Red Skull":23},{"HornCleat":13,"NeowsBlessing":0,"Shuriken":4,"Enchiridion":10,"The Courier":12,"Art of War":3,"Black Star":14,"Orichalcum":8,"Cursed Key":9,"Burning Blood":0,"Red Skull":11},{"HornCleat":59,"NeowsBlessing":0,"Shuriken":7,"Enchiridion":43,"The Courier":52,"Art of War":3,"Black Star":68,"Orichalcum":26,"Cursed Key":37,"Burning Blood":0,"Red Skull":48}],"Burning Blood":98},"card_choices":[{"not_picked":["Anger","Heavy Blade"],"picked":"Pommel Strike","floor":1.0},{"not_picked":["Anger","Sentinel"],"picked":"Shockwave","floor":2.0},{"not_picked":["Power Through","Shockwave"],"picked":"Fire Breathing","floor":6.0},{"not_picked":["Body Slam","Dual Wield"],"picked":"Warcry","floor":7.0},{"not_picked":["Heavy Blade","Hemokinesis"],"picked":"Carnage","floor":10.0},{"not_picked":["Evolve","Perfected Strike"],"picked":"Anger","floor":11.0},{"not_picked":["Shockwave","Corruption"],"picked":"Ghostly Armor","floor":12.0},{"not_picked":["Twin Strike","Battle Trance"],"picked":"Metallicize","floor":13.0},{"not_picked":["Fiend Fire","Bludgeon"],"picked":"Limit Break","floor":16.0},{"not_picked":["Blood for Blood","Havoc"],"picked":"Clothesline","floor":18.0},{"not_picked":["Perfected Strike","Intimidate"],"picked":"Inflame+1","floor":23.0},{"not_picked":["Wild Strike","Flex"],"picked":"Power Through","floor":25.0},{"not_picked":["Pommel Strike+1","Headbutt"],"picked":"Reckless Charge+1","floor":29.0},{"not_picked":["Corruption","Juggernaut"],"picked":"Feed","floor":33.0},{"not_picked":["Armaments+1","Iron Wave","Perfected Strike"],"picked":"SKIP","floor":35.0},{"not_picked":["Warcry+1","Burning Pact"],"picked":"Whirlwind+1","floor":37.0},{"not_picked":["Iron Wave+1","Clothesline+1"],"picked":"Second Wind+1","floor":38.0},{"not_picked":["Clothesline","Twin Strike","Intimidate"],"picked":"SKIP","floor":39.0}],"player_experience":485820,"relics_obtained":[{"floor":6.0,"key":"Art of War"},{"floor":9.0,"key":"Shuriken"},{"floor":20.0,"key":"Enchiridion"},{"floor":23.0,"key":"Red Skull"},{"floor":26.0,"key":"The Courier"},{"floor":29.0,"key":"HornCleat"}],"event_choices":[{"cards_removed":["Strike_R"],"damage_healed":0.0,"max_hp_gain":0.0,"max_hp_loss":0.0,"gold_gain":0.0,"event_name":"Purifier","player_choice":"Purged","floor":4.0,"gold_loss":0.0,"damage_taken":0.0},{"damage_healed":0.0,"max_hp_gain":0.0,"max_hp_loss":0.0,"gold_gain":0.0,"event_name":"Cursed Tome","player_choice":"Obtained Book","floor":20.0,"gold_loss":0.0,"damage_taken":16.0},{"damage_healed":0.0,"max_hp_gain":0.0,"max_hp_loss":0.0,"gold_gain":0.0,"cards_transformed":["Strike_R","Strike_R"],"event_name":"Drug Dealer","player_choice":"Became Test Subject","floor":27.0,"gold_loss":0.0,"damage_taken":0.0,"cards_obtained":["Wild Strike","Twin Strike"]},{"cards_removed":["Clumsy"],"damage_healed":0.0,"max_hp_gain":0.0,"max_hp_loss":0.0,"gold_gain":0.0,"event_name":"Beggar","player_choice":"Gave Gold","floor":30.0,"gold_loss":75.0,"damage_taken":0.0},{"damage_healed":0.0,"max_hp_gain":0.0,"max_hp_loss":0.0,"gold_gain":0.0,"event_name":"Accursed Blacksmith","player_choice":"Forge","floor":31.0,"gold_loss":0.0,"damage_taken":0.0,"cards_upgraded":["Fire Breathing"]},{"cards_removed":["Strike_R"],"damage_healed":0.0,"max_hp_gain":0.0,"max_hp_loss":0.0,"gold_gain":0.0,"event_name":"Designer","player_choice":"Upgrade and Remove","floor":36.0,"gold_loss":90.0,"damage_taken":0.0,"cards_upgraded":["Ghostly Armor"]}],"is_beta":false,"boss_relics":[{"not_picked":["Sozu","Calling Bell"],"picked":"Cursed Key"},{"not_picked":["Runic Pyramid","SlaversCollar"],"picked":"Black Star"}],"items_purged_floors":[],"is_endless":false,"potions_floor_spawned":[7,10,13,18,25,33,35,37],"killed_by":"Nemesis","ascension_level":10}}