{"host":"mg3e76uznu9x14du","time":1608163124,"event":{"mods":["BaseMod","Colored Map","Downfall","Minty Spire (QoL Compilation)","Permanent Neow","Relic Stats","StSLib","Waifu the Spire","everything is the same but u backflip on backflip"],"gold_per_floor":[99,119,149,149,180,196,222,257,257,257,257],"floor_reached":10,"playtime":495,"items_purged":[],"score":92,"play_id":"ac0a4780-4782-4d88-9834-962a756f20f8","local_time":"20201216185844","is_ascension_mode":true,"campfire_choices":[{"data":"champ:Taunt","floor":1,"key":"SMITH"},{"data":"champ:FanOfKnives","floor":4,"key":"SMITH"},{"data":"champ:Haymaker","floor":9,"key":"SMITH"}],"circlet_count":0,"master_deck":["champ:Strike","champ:Strike","champ:Strike","champ:Strike","champ:Defend","champ:Defend","champ:Defend","champ:Defend","champ:Execute","champ:Taunt+1","Dramatic Entrance","champ:FanOfKnives+1","champ:Haymaker+1","champ:GladiatorsShout","champ:FaceSlap"],"relics":["champ:ChampionCrown","Centennial Puzzle","FossilizedHelix","Lantern","The Courier"],"acts_visited":["Exordium"],"potions_floor_usage":[8],"damage_taken":[{"damage":0,"enemies":"Cultist","floor":2,"turns":4},{"damage":28,"enemies":"Gremlin Nob","floor":3,"turns":4},{"damage":23,"enemies":"3 Sentries","floor":5,"turns":3},{"damage":0,"enemies":"2 Louse","floor":6,"turns":1},{"damage":42,"enemies":"Lagavulin","floor":8,"turns":6},{"damage":23,"enemies":"3 Sentries","floor":10,"turns":2}],"seed_played":"4201448709629547199","potions_obtained":[{"floor":2,"key":"hexamod:EctoCoolerPotion"}],"is_trial":false,"path_per_floor":["R","M","E","R","E","M","T","E","R","E"],"character_chosen":"THE_CHAMP","items_purchased":[],"campfire_rested":0,"item_purchase_floors":[],"current_hp_per_floor":[90,90,72,72,54,54,54,23,23,0,0],"gold":257,"neow_bonus":"RANDOM_COLORLESS","is_daily":false,"chose_seed":false,"campfire_upgraded":3,"win_rate":0.0,"timestamp":1608163124,"path_taken":["R","M","E","R","E","M","T","E","R","E"],"items_purchased_type":[],"build_version":"2020-12-13","purchased_purges":0,"victory":false,"max_hp_per_floor":[90,90,90,90,90,90,90,90,90,90,90],"relic_stats":{"Centennial Puzzle":[9],"counters":[6,20],"obtain_stats":[{"Centennial Puzzle":3,"Lantern":7,"champ:ChampionCrown":0,"The Courier":8,"FossilizedHelix":5},{"Centennial Puzzle":2,"Lantern":4,"champ:ChampionCrown":0,"The Courier":5,"FossilizedHelix":3},{"Centennial Puzzle":8,"Lantern":12,"champ:ChampionCrown":0,"The Courier":18,"FossilizedHelix":11}]},"card_choices":[{"not_picked":["Forethought","Finesse"],"picked":"Dramatic Entrance","floor":0},{"not_picked":["champ:DeathBlow","champ:ShieldSigil"],"picked":"champ:FanOfKnives","floor":2},{"not_picked":["champ:Improvising","champ:FocusedBerserking"],"picked":"champ:Haymaker","floor":3},{"not_picked":["champ:Circumvent","champ:Balance"],"picked":"champ:GladiatorsShout","floor":5},{"not_picked":["champ:Circumvent","champ:Control","champ:GutPunch"],"picked":"SKIP","floor":6},{"not_picked":["champ:BerserkersShout","champ:Riposte"],"picked":"champ:FaceSlap","floor":8}],"player_experience":403423,"relics_obtained":[{"floor":3,"key":"Centennial Puzzle"},{"floor":5,"key":"FossilizedHelix"},{"floor":7,"key":"Lantern"},{"floor":8,"key":"The Courier"}],"event_choices":[],"is_beta":false,"boss_relics":[],"items_purged_floors":[],"is_endless":false,"potions_floor_spawned":[2],"killed_by":"3 Sentries","ascension_level":2}}