{"host":"e1zuqie93klo2ncl","time":1608142205,"event":{"mods":["AchievementEnabler","BaseMod","Minty Spire (QoL Compilation)","Relic Stats","StSLib"],"gold_per_floor":[111,111,111,189,203,203,232,249,249,249,266,291,291,3,3,78,128,147,160,160,43,43,68,83,83,83,83,102,120,131,161,161,161,161],"floor_reached":33,"playtime":2216,"items_purged":["Writhe"],"score":715,"play_id":"cddaab63-2264-4280-8956-ffab40f0f31e","local_time":"20201216181005","is_ascension_mode":true,"campfire_choices":[{"data":"Dash","floor":6.0,"key":"SMITH"},{"data":"Blade Dance","floor":13.0,"key":"SMITH"},{"data":"Finisher","floor":15.0,"key":"SMITH"},{"data":"Footwork","floor":25.0,"key":"SMITH"},{"data":"Apotheosis","floor":27.0,"key":"SMITH"},{"floor":32,"key":"REST"}],"circlet_count":0,"master_deck":["AscendersBane","Defend_G+1","Defend_G","Defend_G+1","Defend_G+1","Defend_G","Survivor","Neutralize+1","Dash+1","Blade Dance+1","Escape Plan+1","Deflect","Phantasmal Killer","Finisher+1","Terror+1","Apotheosis+1","Wireheading","Dodge and Roll","Flame Barrier","Footwork+1","Bite","Bite","Bite","Bite","Bite","Sanctity","Go for the Eyes","Genetic Algorithm"],"relics":["Ring of the Snake","NeowsBlessing","InkBottle","War Paint","Pear","Strawberry","PrismaticShard","Tiny House","Anchor","Smiling Mask","Ninja Scroll","Bottled Tornado"],"acts_visited":["Exordium","TheCity"],"potions_floor_usage":[31,31],"damage_taken":[{"damage":0.0,"enemies":"2 Louse","floor":1.0,"turns":1.0},{"damage":0.0,"enemies":"Jaw Worm","floor":5.0,"turns":1.0},{"damage":0.0,"enemies":"Lagavulin","floor":7.0,"turns":1.0},{"damage":0.0,"enemies":"Cultist","floor":8.0,"turns":3.0},{"damage":0.0,"enemies":"Exordium Wildlife","floor":11.0,"turns":4.0},{"damage":0.0,"enemies":"Gremlin Nob","floor":12.0,"turns":3.0},{"damage":17.0,"enemies":"Hexaghost","floor":16.0,"turns":8.0},{"damage":0.0,"enemies":"3 Byrds","floor":18.0,"turns":4.0},{"damage":5.0,"enemies":"Chosen","floor":19.0,"turns":6.0},{"damage":2.0,"enemies":"Book of Stabbing","floor":23.0,"turns":4.0},{"damage":9.0,"enemies":"Shelled Parasite and Fungi","floor":24.0,"turns":7.0},{"damage":0.0,"enemies":"Centurion and Healer","floor":28.0,"turns":9.0},{"damage":11.0,"enemies":"Snake Plant","floor":29.0,"turns":6.0},{"damage":1.0,"enemies":"Shelled Parasite and Fungi","floor":30.0,"turns":6.0},{"damage":31,"enemies":"Slavers","floor":31,"turns":14},{"damage":94,"enemies":"Collector","floor":33,"turns":12}],"seed_played":"1656108654168733807","potions_obtained":[{"floor":7.0,"key":"Fire Potion"},{"floor":8.0,"key":"FearPotion"},{"floor":11.0,"key":"Swift Potion"},{"floor":16.0,"key":"SneckoOil"},{"floor":17.0,"key":"DistilledChaos"},{"floor":19.0,"key":"DuplicationPotion"},{"floor":24.0,"key":"FearPotion"},{"floor":28.0,"key":"Fire Potion"}],"is_trial":false,"path_per_floor":["M","?","?","?","M","R","E","M","T","?","M","E","R","$","R","B",null,"M","M","?","$","?","E","M","R","T","R","M","M","M","E","R","B"],"character_chosen":"THE_SILENT","items_purchased":["Finisher","Terror","PrismaticShard","Footwork"],"campfire_rested":1,"item_purchase_floors":[14,14,14,21],"current_hp_per_floor":[59,59,39,39,39,39,39,39,39,49,49,56,56,56,56,39,77,77,72,72,72,61,61,61,61,61,61,61,59,61,38,56,0,0],"gold":161,"neow_bonus":"THREE_ENEMY_KILL","is_daily":false,"chose_seed":false,"campfire_upgraded":5,"win_rate":0.0,"timestamp":1608142205,"path_taken":["M","?","?","?","?","R","E","M","T","?","M","E","R","$","R","BOSS","M","?","?","$","?","E","M","R","T","R","M","M","M","E","R","BOSS"],"items_purchased_type":["Card","Card","Relic","Card"],"build_version":"2020-12-13","purchased_purges":1,"victory":false,"max_hp_per_floor":[66,66,66,66,66,66,66,66,66,76,76,83,83,83,83,83,88,88,88,88,88,61,61,61,61,61,61,61,61,61,61,61,61,61],"relic_stats":{"counters":[16,89],"War Paint":["Defend_G","Escape Plan"],"Smiling Mask":0,"obtain_stats":[{"Anchor":20,"Pear":10,"Tiny House":17,"NeowsBlessing":0,"Ninja Scroll":26,"Strawberry":12,"War Paint":9,"Bottled Tornado":31,"PrismaticShard":14,"Smiling Mask":23,"InkBottle":7,"Ring of the Snake":0},{"Anchor":9,"Pear":4,"Tiny House":7,"NeowsBlessing":0,"Ninja Scroll":11,"Strawberry":6,"War Paint":4,"Bottled Tornado":15,"PrismaticShard":6,"Smiling Mask":10,"InkBottle":3,"Ring of the Snake":0},{"Anchor":31,"Pear":6,"Tiny House":21,"NeowsBlessing":0,"Ninja Scroll":42,"Strawberry":13,"War Paint":6,"Bottled Tornado":77,"PrismaticShard":13,"Smiling Mask":35,"InkBottle":3,"Ring of the Snake":0}],"InkBottle":[38],"Ring of the Snake":[32]},"card_choices":[{"not_picked":["Blade Dance","Footwork"],"picked":"Dash","floor":1.0},{"not_picked":["Escape Plan","Cloak And Dagger"],"picked":"Blade Dance","floor":5.0},{"not_picked":["Reflex","Riddle With Holes"],"picked":"Escape Plan","floor":7.0},{"not_picked":["Acrobatics","Flying Knee"],"picked":"Deflect","floor":8.0},{"not_picked":["Flying Knee","Masterful Stab","Calculated Gamble"],"picked":"SKIP","floor":11.0},{"not_picked":["Riddle With Holes","Outmaneuver"],"picked":"Phantasmal Killer","floor":12.0},{"not_picked":["Thinking Ahead","Rainbow"],"picked":"Apotheosis","floor":16.0},{"not_picked":["Blind","SandsOfTime"],"picked":"Wireheading","floor":17.0},{"not_picked":["Riddle With Holes","Sword Boomerang"],"picked":"Dodge and Roll","floor":18.0},{"not_picked":["Halt","Rampage"],"picked":"Flame Barrier","floor":19.0},{"not_picked":["Distraction","Bane","Acrobatics"],"picked":"SKIP","floor":23.0},{"not_picked":["WreathOfFlame","Clothesline"],"picked":"Sanctity","floor":24.0},{"not_picked":["FlyingSleeves","Forethought","EmptyBody"],"picked":"SKIP","floor":28.0},{"not_picked":["Glass Knife","Flex"],"picked":"Go for the Eyes","floor":29.0},{"not_picked":["Slice","Deadly Poison","Sucker Punch"],"picked":"SKIP","floor":30.0},{"not_picked":["All Out Attack","FlyingSleeves"],"picked":"Genetic Algorithm","floor":31}],"player_experience":784231,"relics_obtained":[{"floor":7.0,"key":"InkBottle"},{"floor":9.0,"key":"War Paint"},{"floor":12.0,"key":"Strawberry"},{"floor":23.0,"key":"Smiling Mask"},{"floor":26.0,"key":"Ninja Scroll"},{"floor":31,"key":"Bottled Tornado"}],"event_choices":[{"damage_healed":0.0,"max_hp_gain":0.0,"max_hp_loss":0.0,"gold_gain":0.0,"event_name":"Living Wall","player_choice":"Grow","floor":2.0,"gold_loss":0.0,"damage_taken":0.0,"cards_upgraded":["Neutralize"]},{"damage_healed":0.0,"max_hp_gain":0.0,"max_hp_loss":0.0,"gold_gain":0.0,"event_name":"Shining Light","player_choice":"Entered Light","floor":3.0,"gold_loss":0.0,"damage_taken":20.0,"cards_upgraded":["Defend_G","Defend_G"]},{"damage_healed":0.0,"max_hp_gain":0.0,"max_hp_loss":0.0,"gold_gain":78.0,"event_name":"Golden Wing","player_choice":"Gained Gold","floor":4.0,"gold_loss":0.0,"damage_taken":0.0},{"damage_healed":0.0,"max_hp_gain":0.0,"max_hp_loss":0.0,"gold_gain":0.0,"event_name":"WeMeetAgain","player_choice":"Gave Potion","floor":10.0,"gold_loss":0.0,"damage_taken":0.0,"relics_obtained":["Pear"]},{"damage_healed":0.0,"max_hp_gain":0.0,"max_hp_loss":0.0,"gold_gain":0.0,"event_name":"The Mausoleum","player_choice":"Opened","floor":20.0,"gold_loss":0.0,"damage_taken":0.0,"relics_obtained":["Anchor"],"cards_obtained":["Writhe"]},{"damage_healed":0.0,"max_hp_gain":0.0,"max_hp_loss":27.0,"gold_gain":0.0,"event_name":"Vampires","player_choice":"Became a vampire","floor":22.0,"gold_loss":0.0,"damage_taken":0.0,"cards_obtained":["Bite","Bite","Bite","Bite","Bite"]}],"is_beta":false,"boss_relics":[{"not_picked":["Runic Dome","Empty Cage"],"picked":"Tiny House"}],"items_purged_floors":[21],"is_endless":false,"potions_floor_spawned":[7,8,11,16,19,24,28],"killed_by":"Collector","ascension_level":20}}