{"host":"ci7ivtocgfxh0ueo","time":1608123902,"event":{"mods":["BaseMod","GifTheSpireLib","Minty Spire (QoL Compilation)","StSLib"],"gold_per_floor":[115,115,115,115,115,150,150,184,184,211,222,222,233,233,233,309,309,320,141,141,156,156,156,156],"floor_reached":23,"playtime":575,"items_purged":[],"score":472,"play_id":"68c92517-c531-49f0-9d85-218078aa3b11","local_time":"20201216210502","is_ascension_mode":true,"campfire_choices":[{"data":"Infernal Blade","floor":7,"key":"SMITH"},{"floor":15,"key":"REST"}],"circlet_count":0,"master_deck":["AscendersBane","Strike_R+1","Strike_R","Defend_R+1","Defend_R","Defend_R","Bash","Hemokinesis","Impervious","Infernal Blade+1","Clash","Uppercut","Searing Blow+1","Combust+1","Fire Breathing+1","Armaments","Immolate","Armaments","Decay"],"relics":["Burning Blood","NeowsBlessing","Orichalcum","Torii","MealTicket","Eternal Feather","Mercury Hourglass","Astrolabe"],"acts_visited":["Exordium","TheCity"],"potions_floor_usage":[11,13,16,21],"damage_taken":[{"damage":0,"enemies":"Small Slimes","floor":1,"turns":2},{"damage":0,"enemies":"Gremlin Nob","floor":6,"turns":1},{"damage":0,"enemies":"Lagavulin","floor":8,"turns":1},{"damage":29,"enemies":"Gremlin Nob","floor":10,"turns":4},{"damage":8,"enemies":"Jaw Worm","floor":11,"turns":2},{"damage":3,"enemies":"Cultist","floor":13,"turns":3},{"damage":30,"enemies":"Slime Boss","floor":16,"turns":12},{"damage":14,"enemies":"Shell Parasite","floor":18,"turns":4},{"damage":24,"enemies":"3 Byrds","floor":21,"turns":3},{"damage":72,"enemies":"Book of Stabbing","floor":23,"turns":6}],"seed_played":"-1472593737002232852","potions_obtained":[{"floor":1,"key":"EssenceOfSteel"},{"floor":10,"key":"Fruit Juice"},{"floor":13,"key":"Fruit Juice"},{"floor":18,"key":"PowerPotion"}],"is_trial":false,"path_per_floor":["M","$","?","$","?","E","R","E","T","E","M","T","M","?","R","B",null,"M","$","?","M","?","E"],"character_chosen":"IRONCLAD","items_purchased":["Immolate"],"campfire_rested":1,"item_purchase_floors":[19],"current_hp_per_floor":[74,74,74,74,74,75,75,75,75,52,55,55,63,37,71,47,76,68,83,83,65,65,0,0],"gold":156,"neow_bonus":"THREE_ENEMY_KILL","is_daily":false,"chose_seed":false,"campfire_upgraded":1,"win_rate":0.0,"timestamp":1608123902,"path_taken":["M","$","?","$","?","E","R","E","T","E","?","?","M","?","R","BOSS","M","$","?","M","?","E"],"items_purchased_type":["Card"],"build_version":"2020-12-13","purchased_purges":0,"victory":false,"max_hp_per_floor":[75,75,75,75,75,75,75,75,75,75,80,80,85,85,85,85,85,85,85,85,85,85,85,85],"card_choices":[{"not_picked":["True Grit","Wild Strike"],"picked":"Hemokinesis","floor":1},{"not_picked":["Clothesline","Disarm"],"picked":"Infernal Blade","floor":6},{"not_picked":["Corruption","Sword Boomerang"],"picked":"Clash","floor":8},{"not_picked":["Iron Wave","Sentinel"],"picked":"Uppercut","floor":10},{"not_picked":["Twin Strike","Dual Wield","Pommel Strike"],"picked":"SKIP","floor":11},{"not_picked":["Havoc","Shrug It Off","Perfected Strike"],"picked":"SKIP","floor":13},{"not_picked":["Cleave","True Grit"],"picked":"Armaments","floor":18},{"not_picked":["Bloodletting","Body Slam+1"],"picked":"Armaments","floor":21}],"player_experience":1250106,"relics_obtained":[{"floor":6,"key":"Orichalcum"},{"floor":8,"key":"Torii"},{"floor":9,"key":"MealTicket"},{"floor":10,"key":"Eternal Feather"},{"floor":12,"key":"Mercury Hourglass"}],"event_choices":[{"damage_healed":0,"gold_gain":0,"player_choice":"Leave","damage_taken":0,"max_hp_gain":0,"max_hp_loss":0,"event_name":"The Cleric","floor":3,"gold_loss":0},{"damage_healed":0,"gold_gain":0,"cards_transformed":["Strike_R"],"player_choice":"Transformed","damage_taken":0,"max_hp_gain":0,"max_hp_loss":0,"event_name":"Transmorgrifier","floor":5,"gold_loss":0,"cards_obtained":["Impervious"]},{"damage_healed":0,"gold_gain":0,"player_choice":"Entered Light","damage_taken":26,"max_hp_gain":0,"max_hp_loss":0,"event_name":"Shining Light","floor":14,"gold_loss":0,"cards_upgraded":["Strike_R","Defend_R"]},{"damage_healed":0,"gold_gain":0,"player_choice":"Ignored","damage_taken":0,"max_hp_gain":0,"max_hp_loss":0,"event_name":"Beggar","floor":20,"gold_loss":0},{"damage_healed":0,"gold_gain":0,"player_choice":"Smashed Altar","damage_taken":0,"max_hp_gain":0,"max_hp_loss":0,"event_name":"Forgotten Altar","floor":22,"gold_loss":0,"cards_obtained":["Decay"]}],"is_beta":false,"boss_relics":[{"not_picked":["Velvet Choker","Fusion Hammer"],"picked":"Astrolabe"}],"items_purged_floors":[],"is_endless":false,"potions_floor_spawned":[1,10,13,18],"killed_by":"Book of Stabbing","ascension_level":17}}