{"host":"0cnf9zf1gia27zti","time":1608163188,"event":{"mods":["BaseMod","BetterRewards","Card Forge","Colored Map","Colored Powertips","Conspire","Downfall","Minty Spire (QoL Compilation)","Practice Mode","Quick Restart","Replay The Spire","Robot Space Explorer","Shade Mod","Spicy Shops","StSLib"],"gold_per_floor":[112,112,175,54,121,150,150,40,40,58,387,300,23,38,38,136,186,200,263,513,527,5,32,94,94,94,94,104,164,0,14,14,109,109,127,145,158,27,41,41,41],"floor_reached":40,"playtime":2687,"items_purged":["Clumsy","Strike_R","Strike_R","Pride"],"score":1098,"play_id":"c43d4607-7313-491d-81fe-480d3cd81fa7","local_time":"20201216235948","is_ascension_mode":true,"campfire_choices":[{"floor":7,"key":"REST"},{"floor":15,"key":"REST"},{"floor":25,"key":"REST"},{"floor":27,"key":"DIG"},{"floor":32,"key":"REST"}],"circlet_count":0,"master_deck":["AscendersBane","Strike_R","Strike_R+1","Strike_R","Defend_R","Defend_R+1","Defend_R","Defend_R+1","Bash","Inflame+1","Fire Breathing+1","Fire Breathing+1","Armaments","conspire:Charge+1","Spot Weakness+1","Thunderclap","ReplayTheSpireMod:Muscle Training","Warcry","Cleave","Warcry","Limit Break","Metallicize","Evolve","Rampage","Whirlwind","Dramatic Entrance","Impervious+1","Warcry","Double Tap","Metallicize","Shrug It Off","Cleave","Whirlwind","Evolve","Heavy Blade+1"],"relics":["Burning Blood","Hammer of Thor","Seething Fire","Anvil of the Gods","Mummified Hand","Chemical X","ReplayTheSpireMod:CursedCoin","conspire:Dentures","Membership Card","Blood Vial","SsserpentHead","Pen Nib","conspire:Boomerang","Oddly Smooth Stone","conspire:BottledYoYo","Old Coin","Replay:Baseball","Guide Book","Tiny House","Gremlin Food","Shovel","Whetstone","HornCleat","Charon\u0027s Ashes","conspire:DeflatedDodgeball","ReplayTheSpireMod:Ninjato","War Paint","Replay:Grab Bag","Cursed Key","conspire:RoyalGoblet","Black Star","SacredBark","Regal Pillow","Toy Ornithopter"],"acts_visited":["Exordium","TheCity","TheBeyond"],"potions_floor_usage":[6,14,16,16,16,18,21,24,33,35,39],"damage_taken":[{"damage":0,"enemies":"Small Slimes","floor":1,"turns":3},{"damage":0,"enemies":"Cultist","floor":3,"turns":4},{"damage":3,"enemies":"2 Louse","floor":5,"turns":4},{"damage":32,"enemies":"Gremlin Nob","floor":6,"turns":4},{"damage":24,"enemies":"Gremlin Gang","floor":10,"turns":4},{"damage":22,"enemies":"3 Sentries","floor":11,"turns":5},{"damage":18,"enemies":"Lots of Slimes","floor":12,"turns":5},{"damage":15,"enemies":"Exordium Thugs","floor":14,"turns":5},{"damage":1,"enemies":"Slime Boss","floor":16,"turns":5},{"damage":41,"enemies":"2 Thieves","floor":18,"turns":4},{"damage":12,"enemies":"Shell Parasite","floor":19,"turns":4},{"damage":3,"enemies":"Cultist and Chosen","floor":21,"turns":4},{"damage":64,"enemies":"Book of Stabbing","floor":23,"turns":6},{"damage":0,"enemies":"Snecko","floor":24,"turns":3},{"damage":0,"enemies":"Snake Plant","floor":28,"turns":3},{"damage":15,"enemies":"Shelled Parasite and Fungi","floor":29,"turns":2},{"damage":0,"enemies":"3 Cultists","floor":31,"turns":2},{"damage":9,"enemies":"Pondfish","floor":33,"turns":7},{"damage":0,"enemies":"3 Darklings","floor":35,"turns":2},{"damage":12,"enemies":"Orb Walker","floor":36,"turns":3},{"damage":44,"enemies":"4 Shapes","floor":37,"turns":1},{"damage":43,"enemies":"Spire Growth","floor":39,"turns":6},{"damage":21,"enemies":"Reptomancer","floor":40,"turns":2}],"seed_played":"-992129678441585572","potions_obtained":[{"floor":3,"key":"Elixir"},{"floor":5,"key":"BlessingOfTheForge"},{"floor":14,"key":"Explosive Potion"},{"floor":16,"key":"conspire:TimeTravelPotion"},{"floor":17,"key":"Ancient Potion"},{"floor":19,"key":"Regen Potion"},{"floor":24,"key":"sneckomod:MuddlingPotion"},{"floor":31,"key":"Swift Potion"},{"floor":33,"key":"Toxic Potion"}],"is_trial":false,"path_per_floor":["M","?","M","$","M","E","R","$","T","M","E","M","$","M","R","B",null,"M","M","?","M","$","E","M","R","T","R","M","M","$","M","R","B",null,"M","M","M","$","M","E"],"character_chosen":"IRONCLAD","items_purchased":["Mummified Hand","Chemical X","ReplayTheSpireMod:CursedCoin","conspire:Dentures","Membership Card","Blood Vial","Fire Breathing","Pen Nib","Armaments","Oddly Smooth Stone","Thunderclap","Replay:Baseball","Guide Book","champ:CounterPotion","Block Potion","Gremlin Food","Shovel","Whetstone","Dramatic Entrance","HornCleat","SteroidPotion","Metallicize","War Paint","Shrug It Off","Regal Pillow","Toy Ornithopter"],"campfire_rested":4,"item_purchase_floors":[0,0,0,0,0,0,4,4,4,8,8,13,13,13,13,22,22,22,22,22,22,30,30,30,38,38],"current_hp_per_floor":[44,44,52,52,57,33,57,57,57,41,27,17,17,10,34,41,75,64,60,60,77,77,21,29,54,54,54,62,55,55,63,85,82,84,85,79,43,43,13,0,0],"gold":41,"neow_bonus":"","is_daily":false,"chose_seed":false,"campfire_upgraded":0,"win_rate":0.0,"timestamp":1608163188,"path_taken":["M","?","?","$","?","E","R","$","T","M","E","M","$","M","R","BOSS","M","?","?","M","$","E","?","R","T","R","M","?","?","M","R","BOSS","M","M","M","?","M","E"],"items_purchased_type":["Relic","Relic","Relic","Relic","Relic","Relic","Card","Relic","Card","Relic","Card","Relic","Relic","Potion","Potion","Relic","Relic","Relic","Card","Relic","Potion","Card","Relic","Card","Relic","Relic"],"build_version":"2020-12-13","purchased_purges":4,"victory":false,"max_hp_per_floor":[80,80,80,80,80,80,80,80,80,80,80,80,80,80,80,80,85,85,85,85,85,85,85,85,85,85,85,85,85,85,85,85,85,85,85,85,85,85,85,85,85],"card_choices":[{"not_picked":["Thunderclap","ReplayTheSpireMod:Strike From Hell"],"picked":"Inflame","floor":1},{"not_picked":["Metallicize","Perfected Strike"],"picked":"Fire Breathing","floor":3},{"not_picked":["Shrug It Off","Sword Boomerang"],"picked":"conspire:Charge","floor":5},{"not_picked":["Infernal Blade","Cleave"],"picked":"Spot Weakness","floor":6},{"not_picked":["conspire:ExplosiveBarrier","Cleave"],"picked":"ReplayTheSpireMod:Muscle Training","floor":10},{"not_picked":["Brutality","Ghostly Armor"],"picked":"Warcry","floor":11},{"not_picked":["Headbutt","Wild Strike"],"picked":"Cleave","floor":12},{"not_picked":["Clash","Body Slam"],"picked":"Warcry","floor":14},{"not_picked":["Replay:Many Hands","conspire:HitWhereItHurts"],"picked":"Limit Break","floor":16},{"not_picked":["Anger","ReplayTheSpireMod:Strike From Hell"],"picked":"Metallicize","floor":17},{"not_picked":["Iron Wave","Havoc"],"picked":"Evolve","floor":18},{"not_picked":["Wild Strike","Warcry"],"picked":"Rampage","floor":19},{"not_picked":["ReplayTheSpireMod:Strike From Hell+1","Pommel Strike"],"picked":"Whirlwind","floor":21},{"not_picked":["Shockwave","Replay:Undeath\u0027s Touch"],"picked":"Impervious","floor":23},{"not_picked":["Searing Blow","Armaments","Dropkick"],"picked":"SKIP","floor":24},{"not_picked":["True Grit","Wild Strike"],"picked":"Warcry","floor":28},{"not_picked":["Second Wind","Power Through"],"picked":"Double Tap","floor":29},{"not_picked":["Twin Strike","Flex+1"],"picked":"Cleave","floor":31},{"not_picked":["Thunderclap","Wild Strike"],"picked":"Whirlwind","floor":35},{"not_picked":["Flex","Anger+1"],"picked":"Evolve","floor":36},{"not_picked":["Flame Barrier+1","Headbutt"],"picked":"Heavy Blade+1","floor":37},{"not_picked":["Perfected Strike+1","Anger","Pommel Strike"],"picked":"SKIP","floor":39}],"player_experience":2136830,"relics_obtained":[{"floor":6,"key":"conspire:Boomerang"},{"floor":9,"key":"conspire:BottledYoYo"},{"floor":11,"key":"Old Coin"},{"floor":23,"key":"Charon\u0027s Ashes"},{"floor":26,"key":"conspire:DeflatedDodgeball"},{"floor":27,"key":"ReplayTheSpireMod:Ninjato"}],"event_choices":[{"damage_healed":0,"gold_gain":0,"player_choice":"Trade","damage_taken":0,"relics_obtained":["SsserpentHead"],"max_hp_gain":0,"max_hp_loss":0,"event_name":"FaceTrader","floor":2,"gold_loss":0},{"damage_healed":0,"gold_gain":250,"player_choice":"Bet on Owner","damage_taken":0,"max_hp_gain":0,"max_hp_loss":0,"event_name":"The Joust","floor":20,"gold_loss":50}],"is_beta":false,"boss_relics":[{"not_picked":["Coffee Dripper","Fusion Hammer"],"picked":"Tiny House"},{"not_picked":["conspire:SeveredTorchhead","conspire:RunicOctahedron"],"picked":"Replay:Grab Bag"},{"not_picked":["ReplayTheSpireMod:DimensionalGlitch","Abe\u0027s Treasure"],"picked":"Cursed Key"},{"not_picked":["Ooze Armor","Replay:Bronze Core"],"picked":"conspire:RoyalGoblet"},{"not_picked":["Calling Bell","Kintsugi"],"picked":"Black Star"},{"not_picked":["SlaversCollar","Pandora\u0027s Box"],"picked":"SacredBark"}],"items_purged_floors":[4,13,30,38],"is_endless":false,"potions_floor_spawned":[3,5,14,16,19,24,31,33],"killed_by":"Reptomancer","ascension_level":12}}