{"host":"urcd10ipogtopotm","time":1608120845,"event":{"mods":["2.2 Compatiblity","AchievementEnabler","Act Like it!","Bard","BaseMod","Beaked The Cultist","Better Third Choice","Block Reminder","Colored Map","Colored Powertips","Downfall","Hallownest","Hermit","Highlight Path","Infinite Spire","Minty Spire (QoL Compilation)","Permanent Neow","Quick Restart","Random Character Button","Relic Stats","Replay The Spire","Shade Mod","Shop Mod","StSLib","The Blackbeard","The Bug Knight","The Construct","The Cursed","The Disciple","The Forsaken","The Hierophant","The Necromancer","The Runesmith","The Senshi","The Servant 0.9.4"],"gold_per_floor":[99,112,112,23,23,23,23,43,60,60,160,185,203,218,229,327,327,327,327,352,352,352,277,357,357,374,409,431,198,217,108,125,236,236,86,129,129,149,171,193,193,331,389,389,539,561,586,608,629,739,739,739,839,839,839,859,859,859,859,881,881,896,896,321,341,364,466,466,416,438,489,439,459,409,444,354,611,561,591,511,536,560,581,692,692,642,642,666,688,710,560,605,555,580,530,530,530,530,562,592,592,615,729,729,679,536,536,551,557,554,567,567,581,531,528,535,535,538,547,625,625,651,736,736,736,740,744,757,766,770,720,719,719,645,636,636,707,707,657,657,658,658,657,657,673,668,668,618,618,607,957,718,715,678,678],"floor_reached":154,"playtime":19216,"items_purged":["Slimebound:ForwardTackle","Slimebound:FirmFortitude","Chaos+1","Slimebound:SplitBruiser+1","Hallucinations"],"score":3286,"play_id":"026fd116-f25a-4c46-873d-1221caf6eae9","local_time":"20201216071405","is_ascension_mode":false,"campfire_choices":[{"data":"Survey Options","floor":1.0,"key":"SMITH"},{"data":"Slimebound:Split","floor":6.0,"key":"SMITH"},{"data":"Slimebound:Grow","floor":10.0,"key":"SMITH"},{"data":"Slimebound:OozeBath","floor":18.0,"key":"SMITH"},{"data":"ReplayTheSpireMod:Chaos Vortex","floor":23.0,"key":"SMITH"},{"floor":25.0,"key":"RECALL"},{"data":"Slimebound:OozeBath","floor":35.0,"key":"SMITH"},{"data":"Slimebound:RainOfGoop","floor":37.0,"key":"SMITH"},{"data":"Sadistic Nature","floor":44.0,"key":"SMITH"},{"data":"Slimebound:FinishingTackle","floor":52.0,"key":"SMITH"},{"data":"Slimebound:Defend_Slimebound","floor":55.0,"key":"SMITH"},{"data":"Slimebound:Repurpose","floor":59.0,"key":"SMITH"},{"data":"Slimebound:RejuvenatingLick","floor":61.0,"key":"SMITH"},{"data":"infinitespire:NeuralNetwork","floor":69.0,"key":"SMITH"},{"data":"Slimebound:ItLooksTasty","floor":72.0,"key":"SMITH"},{"floor":74.0,"key":"REST"},{"floor":78.0,"key":"REST"},{"data":"Slimebound:Nibble","floor":86.0,"key":"SMITH"},{"data":"infinitespire:Menacing","floor":93.0,"key":"SMITH"},{"data":"Slimebound:SplitMire","floor":95.0,"key":"SMITH"},{"data":"Hallownest:skillCityofTearsMap","floor":105.0,"key":"SMITH"},{"floor":114.0,"key":"REST"},{"floor":131,"key":"REST"},{"floor":139,"key":"REST"},{"floor":148,"key":"REST"}],"circlet_count":0,"master_deck":["Slimebound:Strike_Slimebound+1","Slimebound:Defend_Slimebound+1","Slimebound:Defend_Slimebound+1","Slimebound:CorrosiveSpit+1","Survey Options+1","Slimebound:RainOfGoop+1","Slimebound:ItLooksTasty+1","Slimebound:SpikyOuterGoop+1","Slimebound:Grow+1","Slimebound:ItLooksTasty+1","Slimebound:RejuvenatingLick+1","Slimebound:OozeBath+1","ReplayTheSpireMod:Chaos Vortex+1","Slimebound:LeadByExample+1","Slimebound:Repurpose+1","Slimebound:OozeBath+1","Slimebound:LeechEnergy+1","Slimebound:Gluttony+1","Sadistic Nature+1","Slimebound:FinishingTackle+1","Slimebound:SplitMire+1","infinitespire:NeuralNetwork+1","Slimebound:Nibble+1","Hallownest:skillCityofTearsMap+1","Slimebound:SplitMire+1","theForsaken:PlagueCurse","Sickly"],"relics":["Slimebound:AbsorbEndCombatUpgraded","Vajra","downfall:HeartBlessingBlue","infinitespire:WardingShard","Replay:Bandana","Bronze Scales","Replay:Bronze Core","downfall:HeartBlessingRed","downfall:HeartBlessingGreen","Eternal Feather","ReplayTheSpireMod:Shallot","Torii","SlaversCollar","Onion Ring","Slimebound:GreedOozeRelic","PreservedInsect","ClockworkSouvenir","Black Star","Snack Pack","Hallownest:StagBellRelic1","infinitespire:Cupcake","construct:ClawGrip","Membership Card","Guide Book","beaked:SacredNecklace","Chemical X","SacredBark","theForsaken:PlagueMask","theSenshi:SailorFukuRelic","Ring of Greed","Ring of Hypnosis","Old Coin","Replay:Wax Seal","Ice Cream"],"acts_visited":["Exordium","TheCity","TheBeyond","Exordium","Hallownest:CityofTears","Hallownest:KingdomsEdge","Hallownest:Greenpath","TheCity","TheBeyond"],"potions_floor_usage":[],"damage_taken":[{"damage":7.0,"enemies":"2 Louse","floor":2.0,"turns":2.0},{"damage":4.0,"enemies":"downfall:FleeingMerchant","floor":4.0,"turns":4.0},{"damage":10.0,"enemies":"Small Slimes","floor":8.0,"turns":3.0},{"damage":15.0,"enemies":"Jaw Worm","floor":9.0,"turns":2.0},{"damage":26.0,"enemies":"downfall:Heads","floor":11.0,"turns":6.0},{"damage":10.0,"enemies":"Exordium Wildlife","floor":13.0,"turns":3.0},{"damage":14.0,"enemies":"3 Louse","floor":14.0,"turns":2.0},{"damage":2.0,"enemies":"Blue Slaver","floor":15.0,"turns":3.0},{"damage":22.0,"enemies":"downfall:Watcher","floor":16.0,"turns":6.0},{"damage":35.0,"enemies":"downfall:Watcher","floor":19.0,"turns":6.0},{"damage":33.0,"enemies":"Nightmare","floor":20.0,"turns":10.0},{"damage":10.0,"enemies":"Chosen","floor":26.0,"turns":4.0},{"damage":75.0,"enemies":"Gremlin Leader","floor":27.0,"turns":7.0},{"damage":8.0,"enemies":"Shell Parasite","floor":28.0,"turns":4.0},{"damage":12.0,"enemies":"downfall:FleeingMerchant","floor":29.0,"turns":4.0},{"damage":4.0,"enemies":"Shelled Parasite and Fungi","floor":30.0,"turns":4.0},{"damage":4.0,"enemies":"downfall:FleeingMerchant","floor":31.0,"turns":4.0},{"damage":22.0,"enemies":"Sentry and Sphere","floor":32.0,"turns":4.0},{"damage":8.0,"enemies":"downfall:Defect","floor":33.0,"turns":7.0},{"damage":35.0,"enemies":"Reptomancer","floor":36.0,"turns":8.0},{"damage":8.0,"enemies":"3 Shapes","floor":38.0,"turns":5.0},{"damage":21.0,"enemies":"3 Darklings","floor":39.0,"turns":5.0},{"damage":21.0,"enemies":"Spire Growth","floor":40.0,"turns":4.0},{"damage":23.0,"enemies":"downfall:FleeingMerchant","floor":42.0,"turns":3.0},{"damage":15.0,"enemies":"Mind Bloom Boss Battle","floor":43.0,"turns":4.0},{"damage":11.0,"enemies":"Sphere and 2 Shapes","floor":46.0,"turns":4.0},{"damage":0.0,"enemies":"4 Shapes","floor":47.0,"turns":5.0},{"damage":40.0,"enemies":"Writhing Mass","floor":48.0,"turns":4.0},{"damage":12.0,"enemies":"Transient","floor":49.0,"turns":5.0},{"damage":39.0,"enemies":"downfall:Silent","floor":50.0,"turns":8.0},{"damage":8.0,"enemies":"Jaw Worm","floor":56.0,"turns":3.0},{"damage":15.0,"enemies":"2 Louse","floor":60.0,"turns":2.0},{"damage":0.0,"enemies":"Cultist","floor":62.0,"turns":2.0},{"damage":47.0,"enemies":"Blue Slaver","floor":65.0,"turns":3.0},{"damage":0.0,"enemies":"Red Slaver","floor":66.0,"turns":2.0},{"damage":0.0,"enemies":"Fading Forest","floor":67.0,"turns":11.0},{"damage":4.0,"enemies":"Hallownest:Guard_and_Sentry","floor":70.0,"turns":4.0},{"damage":7.0,"enemies":"Hallownest:Flukemon_and_Top","floor":73.0,"turns":3.0},{"damage":39.0,"enemies":"Hallownest:eliteWatcherKnight","floor":75.0,"turns":7.0},{"damage":59.0,"enemies":"Hallownest:2_Husk_Sentries","floor":79.0,"turns":3.0},{"damage":0.0,"enemies":"Hallownest:3_Mistakes","floor":81.0,"turns":5.0},{"damage":3.0,"enemies":"Hallownest:monsterShrumalOgre","floor":82.0,"turns":3.0},{"damage":31.0,"enemies":"Hallownest:Warrior_and_Youth","floor":83.0,"turns":3.0},{"damage":11.0,"enemies":"Hallownest:BossSoulMaster","floor":84.0,"turns":5.0},{"damage":45.0,"enemies":"Hallownest:Shield_Heavy","floor":88.0,"turns":3.0},{"damage":17.0,"enemies":"Hallownest:2_Littles","floor":89.0,"turns":4.0},{"damage":9.0,"enemies":"Hallownest:Slobbering_and_Violent","floor":90.0,"turns":5.0},{"damage":56.0,"enemies":"Nightmare","floor":92.0,"turns":4.0},{"damage":0.0,"enemies":"Hallownest:2_Great","floor":99.0,"turns":3.0},{"damage":73.0,"enemies":"Hallownest:2_Soldiers_and_1_Guardian","floor":100.0,"turns":4.0},{"damage":27.0,"enemies":"Hallownest:Xero_Hu_Marmu","floor":102.0,"turns":5.0},{"damage":37.0,"enemies":"Hallownest:Radiance","floor":103.0,"turns":6.0},{"damage":0.0,"enemies":"Hallownest:eliteCrystalGuardian","floor":108.0,"turns":3.0},{"damage":11.0,"enemies":"Hallownest:2_MossCreeps","floor":109.0,"turns":2.0},{"damage":0.0,"enemies":"2_ Uuma","floor":110.0,"turns":3.0},{"damage":19.0,"enemies":"Hallownest:eliteVengeflyKing","floor":111.0,"turns":3.0},{"damage":0.0,"enemies":"Hallownest:monsterHuskWarrior","floor":113.0,"turns":2.0},{"damage":5.0,"enemies":"Hallownest:MossCreep_and_Mosskin","floor":115.0,"turns":4.0},{"damage":3.0,"enemies":"Hallownest:monsterMossCharger","floor":116.0,"turns":2.0},{"damage":27.0,"enemies":"Hallownest:monsterFoolEater","floor":118.0,"turns":2.0},{"damage":4.0,"enemies":"Hallownest:monsterAspidMother","floor":119.0,"turns":3.0},{"damage":4.0,"enemies":"Hallownest:BossHornet","floor":120.0,"turns":4.0},{"damage":0.0,"enemies":"3 Byrds","floor":126.0,"turns":3.0},{"damage":0.0,"enemies":"Spheric Guardian","floor":127.0,"turns":3.0},{"damage":25.0,"enemies":"Gremlin Leader","floor":128.0,"turns":3.0},{"damage":60.0,"enemies":"Centurion and Healer","floor":129.0,"turns":4.0},{"damage":84.0,"enemies":"Nightmare","floor":130.0,"turns":5.0},{"damage":4,"enemies":"Cultist and Chosen","floor":132,"turns":4},{"damage":20,"enemies":"Snecko","floor":133,"turns":3},{"damage":60,"enemies":"Centurion and Healer","floor":135,"turns":4},{"damage":0,"enemies":"3 Cultists","floor":136,"turns":4},{"damage":0,"enemies":"Collector","floor":137,"turns":5},{"damage":0,"enemies":"Orb Walker","floor":141,"turns":3},{"damage":0,"enemies":"3 Shapes","floor":143,"turns":3},{"damage":0,"enemies":"Reptomancer","floor":145,"turns":3},{"damage":7,"enemies":"Sphere and 2 Shapes","floor":146,"turns":4},{"damage":9,"enemies":"Transient","floor":150,"turns":5},{"damage":4,"enemies":"3 Darklings","floor":153,"turns":3},{"damage":311,"enemies":"infinitespire:LordOfFortification","floor":154,"turns":5}],"seed_played":"7987968308182390279","potions_obtained":[{"floor":9.0,"key":"hexamod:EctoCoolerPotion"},{"floor":13.0,"key":"BlessingOfTheForge"},{"floor":14.0,"key":"AttackPotion"},{"floor":15.0,"key":"SkillPotion"},{"floor":20.0,"key":"SmokeBomb"},{"floor":27.0,"key":"Dexterity Potion"},{"floor":30.0,"key":"Block Potion"},{"floor":33.0,"key":"Adrenaline Potion"},{"floor":36.0,"key":"PowerPotion"},{"floor":46.0,"key":"sneckomod:MuddlingPotion"},{"floor":47.0,"key":"AttackPotion"},{"floor":50.0,"key":"DuplicationPotion"},{"floor":70.0,"key":"Slimebound:SlimyTonguePotion"}],"is_trial":false,"path_per_floor":["R_BF","M","?","$","?","R","T","M","M","R","?","T","M","M","M","B",null,"R","?","NM","?","?","R","T","R","M","E","M","$","M","$","M","B",null,"R","E","R","M","M","M","T","$","?","R","?","M","M","M","M","B",null,"R","?","?","R","M","?","T","R","M","R","M","?","$","M","M","B",null,"R","M","?","R","M","R","E","?","?","R","M","?","M","M","M","B",null,"R","?","M","M","M","$","NM","R","?","R","PTL","PTL","?","M","M","?","M","B",null,"R","$","?","E","M","M","E","?","M","R","M","M","AVR","M","M","B",null,"R_BF","?","?","?","M","M","E","M","NM","R","M","M","$","M","M","B",null,"R_BF","$","M","?","M","?","E","M","$","R","?","M","?","$","M","B"],"character_chosen":"SLIMEBOUND","items_purchased":["Slimebound:SpikyOuterGoop","Bronze Scales","Sadistic Nature","Slimebound:FinishingTackle","PreservedInsect","ClockworkSouvenir","MealTicket","Membership Card","Chemical X","Ice Cream"],"campfire_rested":6,"item_purchase_floors":[4,29,42,42,64,64,64,106,134,152],"current_hp_per_floor":[60,60,60,60,60,60,60,60,60,60,56,56,58,58,60,60,60,60,60,60,60,44,54,54,54,69,44,63,70,70,70,68,70,70,70,63,70,70,70,70,70,67,70,70,70,70,70,47,70,63,70,70,70,70,70,70,70,70,70,67,70,70,70,70,41,55,70,70,70,70,53,65,70,70,70,70,70,70,39,39,70,70,70,70,70,70,70,57,70,70,70,36,51,51,66,66,66,66,70,35,35,66,70,70,70,70,70,70,70,70,70,60,70,70,70,70,70,59,70,70,70,70,58,58,58,70,70,70,58,20,56,70,66,66,62,70,70,70,70,70,70,70,70,70,70,70,70,70,70,70,70,70,70,0,0],"gold":678,"neow_bonus":"RANDOM_COLORLESS","is_daily":false,"chose_seed":false,"campfire_upgraded":18,"win_rate":0.0,"timestamp":1608120845,"path_taken":["R_BF","M","?","$","?","R","T","M","M","R","?","?","M","M","M","BOSS","R","?","NM","?","?","R","T","R","M","E","M","?","M","$","M","BOSS","R","E","R","M","M","M","T","$","?","R","?","M","M","?","M","BOSS","R","?","?","R","M","?","T","R","M","R","M","?","$","M","M","BOSS","R","M","?","R","M","R","E","?","?","R","?","?","M","M","M","BOSS","R","?","M","M","?","$","NM","R","?","R","PTL","PTL","?","M","M","?","M","BOSS","R","?","?","E","M","M","E","?","M","R","?","M","AVR","M","M","BOSS","R_BF","?","?","?","?","M","E","M","NM","R","M","M","$","M","M","BOSS","R_BF","$","M","?","M","?","E","M","$","R","?","?","?","?","M","BOSS"],"items_purchased_type":["Card","Relic","Card","Card","Relic","Relic","Relic","Relic","Relic","Relic"],"build_version":"2020-12-13","purchased_purges":5,"victory":false,"max_hp_per_floor":[60,60,60,60,60,60,60,60,60,60,60,60,60,60,60,60,60,60,60,60,60,60,70,70,70,70,70,70,70,70,70,70,70,70,70,70,70,70,70,70,70,70,70,70,70,70,70,70,70,70,70,70,70,70,70,70,70,70,70,70,70,70,70,70,70,70,70,70,70,70,70,70,70,70,70,70,70,70,70,70,70,70,70,70,70,70,70,70,70,70,70,70,70,70,70,70,70,70,70,70,70,70,70,70,70,70,70,70,70,70,70,70,70,70,70,70,70,70,70,70,70,70,70,70,70,70,70,70,70,70,70,70,70,70,70,70,70,70,70,70,70,70,70,70,70,70,70,70,70,70,70,70,70,70,70],"relic_stats":{"Torii":27,"counters":[79,319],"Bronze Scales":[613],"Eternal Feather":67,"PreservedInsect":832,"Black Star":7,"Chemical X":[17],"obtain_stats":[{"Ice Cream":152,"Hallownest:StagBellRelic1":76,"Torii":43,"SacredBark":138,"Vajra":20,"downfall:HeartBlessingGreen":35,"theForsaken:PlagueMask":142,"ClockworkSouvenir":64,"Old Coin":151,"Replay:Bandana":27,"downfall:HeartBlessingBlue":23,"Replay:Bronze Core":34,"MealTicket":64,"Chemical X":134,"theSenshi:SailorFukuRelic":144,"Replay:Wax Seal":151,"construct:ClawGrip":104,"downfall:HeartBlessingRed":35,"Ring of Hypnosis":151,"Guide Book":117,"Eternal Feather":36,"PreservedInsect":64,"Omamori":12,"beaked:SacredNecklace":121,"Ring of Greed":151,"Slimebound:GreedOozeRelic":63,"SlaversCollar":51,"infinitespire:WardingShard":24,"ReplayTheSpireMod:Shallot":41,"Bronze Scales":29,"Onion Ring":58,"Slimebound:AbsorbEndCombat":0,"Black Star":68,"Snack Pack":71,"Membership Card":106,"Slimebound:AbsorbEndCombatUpgraded":17,"infinitespire:Cupcake":85},{"Ice Cream":77,"Hallownest:StagBellRelic1":39,"Torii":25,"SacredBark":72,"Vajra":11,"downfall:HeartBlessingGreen":19,"theForsaken:PlagueMask":73,"ClockworkSouvenir":33,"Old Coin":77,"Replay:Bandana":13,"downfall:HeartBlessingBlue":11,"Replay:Bronze Core":19,"MealTicket":33,"Chemical X":69,"theSenshi:SailorFukuRelic":74,"Replay:Wax Seal":77,"construct:ClawGrip":52,"downfall:HeartBlessingRed":19,"Ring of Hypnosis":77,"Guide Book":59,"Eternal Feather":20,"PreservedInsect":33,"Omamori":5,"beaked:SacredNecklace":62,"Ring of Greed":77,"Slimebound:GreedOozeRelic":33,"SlaversCollar":30,"infinitespire:WardingShard":11,"ReplayTheSpireMod:Shallot":23,"Bronze Scales":15,"Onion Ring":31,"Slimebound:AbsorbEndCombat":0,"Black Star":36,"Snack Pack":37,"Membership Card":52,"Slimebound:AbsorbEndCombatUpgraded":9,"infinitespire:Cupcake":44},{"Ice Cream":311,"Hallownest:StagBellRelic1":175,"Torii":113,"SacredBark":293,"Vajra":46,"downfall:HeartBlessingGreen":84,"theForsaken:PlagueMask":296,"ClockworkSouvenir":145,"Old Coin":311,"Replay:Bandana":57,"downfall:HeartBlessingBlue":46,"Replay:Bronze Core":84,"MealTicket":145,"Chemical X":280,"theSenshi:SailorFukuRelic":299,"Replay:Wax Seal":311,"construct:ClawGrip":228,"downfall:HeartBlessingRed":84,"Ring of Hypnosis":311,"Guide Book":247,"Eternal Feather":92,"PreservedInsect":145,"Omamori":17,"beaked:SacredNecklace":256,"Ring of Greed":311,"Slimebound:GreedOozeRelic":145,"SlaversCollar":138,"infinitespire:WardingShard":46,"ReplayTheSpireMod:Shallot":106,"Bronze Scales":65,"Onion Ring":141,"Slimebound:AbsorbEndCombat":0,"Black Star":161,"Snack Pack":165,"Membership Card":228,"Slimebound:AbsorbEndCombatUpgraded":30,"infinitespire:Cupcake":194}]},"card_choices":[{"not_picked":["ReplayTheSpireMod:Trickstab","expansioncontent:YouAreMine"],"picked":"Survey Options","floor":0.0},{"not_picked":["Slimebound:SlimeBarrage","Slimebound:Schlurp"],"picked":"Slimebound:RainOfGoop","floor":2.0},{"not_picked":["Slimebound:ViciousTackle","Slimebound:SplitAcid"],"picked":"Slimebound:ItLooksTasty","floor":4.0},{"not_picked":["Slimebound:Schlurp","Slimebound:SplitLeeching","Slimebound:SlimeSpikes"],"picked":"SKIP","floor":8.0},{"not_picked":["Slimebound:GoopTackle","Slimebound:FinishingTackle"],"picked":"Slimebound:Grow","floor":9.0},{"not_picked":["Slimebound:FirmFortitude","Slimebound:SplitAcid"],"picked":"Slimebound:ItLooksTasty","floor":11.0},{"not_picked":["Slimebound:Schlurp","Slimebound:SlimeSpikes","Slimebound:SplitBruiser"],"picked":"SKIP","floor":13.0},{"not_picked":["Slimebound:SplitBruiser","Slimebound:RainOfGoop"],"picked":"Slimebound:RejuvenatingLick","floor":14.0},{"not_picked":["Slimebound:RainOfGoop","Slimebound:GoopTackle"],"picked":"Slimebound:ForwardTackle","floor":15.0},{"not_picked":["Slimebound:LeechLife","Slimebound:Overexert"],"picked":"Slimebound:OozeBath","floor":16.0},{"not_picked":["Slimebound:Schlurp","Slimebound:DuplicatedForm","Slimebound:ForwardTackle"],"picked":"SKIP","floor":20.0},{"not_picked":["ReplayTheSpireMod:Book of Names","infinitespire:TheBestDefense"],"picked":"ReplayTheSpireMod:Chaos Vortex","floor":22.0},{"not_picked":["Slimebound:LeechEnergy","Slimebound:SlimeSpikes"],"picked":"Slimebound:LeadByExample+1","floor":26.0},{"not_picked":["Slimebound:LevelUp","Slimebound:Equalize"],"picked":"Slimebound:Repurpose","floor":27.0},{"not_picked":["Slimebound:SlimeBrawl","Slimebound:FlameTackle","Slimebound:ComboTackle"],"picked":"SKIP","floor":28.0},{"not_picked":["Slimebound:Schlurp","Slimebound:DuplicatedForm"],"picked":"Slimebound:SplitBruiser+1","floor":29.0},{"not_picked":["Slimebound:RejuvenatingLick+1","Slimebound:SplitLeeching","Slimebound:DisruptingSlam"],"picked":"SKIP","floor":30.0},{"not_picked":["Slimebound:SplitMire","Slimebound:FirmFortitude+1","Slimebound:SplitBruiser"],"picked":"SKIP","floor":31.0},{"not_picked":["Slimebound:SplitMire","Slimebound:Replication","Slimebound:SlimeBarrage"],"picked":"SKIP","floor":32.0},{"not_picked":["Slimebound:MinionMaster","Slimebound:RallyTheTroops"],"picked":"Slimebound:OozeBath","floor":33.0},{"not_picked":["Slimebound:FlameTackle+1","Slimebound:Repurpose+1","Slimebound:RollThrough+1"],"picked":"SKIP","floor":36.0},{"not_picked":["Slimebound:ComboTackle+1","Slimebound:PressTheAttack+1","Slimebound:SplitBruiser+1"],"picked":"SKIP","floor":38.0},{"not_picked":["Slimebound:SelfFormingGoo","Slimebound:ItLooksTasty"],"picked":"Slimebound:LeechEnergy+1","floor":39.0},{"not_picked":["Slimebound:GoopSpray","Slimebound:ForwardTackle+1"],"picked":"Slimebound:Gluttony+1","floor":40.0},{"not_picked":["Slimebound:SplitLeeching+1","Slimebound:BestDefense"],"picked":"Slimebound:SplitMire+1","floor":46.0},{"not_picked":["Slimebound:Schlurp+1","Slimebound:ViciousTackle+1","Slimebound:LeadByExample"],"picked":"SKIP","floor":47.0},{"not_picked":["Slimebound:FinishingTackle","Slimebound:Replication+1","Slimebound:Prepare"],"picked":"SKIP","floor":48.0},{"not_picked":["Slimebound:SplitLeeching+1","Slimebound:Grow+1","Slimebound:SlimeBrawl"],"picked":"SKIP","floor":49.0},{"not_picked":["Slimebound:GoopSpray","Slimebound:SlimeTap","Slimebound:LeadByExample"],"picked":"SKIP","floor":56.0},{"not_picked":["Slimebound:SplitBruiser","Slimebound:LevelUp","Slimebound:ComboTackle"],"picked":"SKIP","floor":60.0},{"not_picked":["Slimebound:FinishingTackle","Slimebound:LeechEnergy","Slimebound:SplitBruiser"],"picked":"SKIP","floor":62.0},{"not_picked":["Slimebound:Grow","Slimebound:SplitLeeching","Slimebound:OneTwoCombo"],"picked":"SKIP","floor":65.0},{"not_picked":["Slimebound:LeechEnergy","Slimebound:ComboTackle","Slimebound:SlimeTap"],"picked":"SKIP","floor":66.0},{"not_picked":["infinitespire:SevenWalls","infinitespire:TheBestDefense"],"picked":"infinitespire:NeuralNetwork","floor":67.0},{"not_picked":["Slimebound:GoopSpray+1","Slimebound:DisruptingSlam","Slimebound:PressTheAttack+1"],"picked":"SKIP","floor":70.0},{"not_picked":["Slimebound:FormOfPuddle","Slimebound:SlimeSpikes","Slimebound:Schlurp"],"picked":"SKIP","floor":73.0},{"not_picked":["Slimebound:RainOfGoop","Slimebound:FormOfPuddle","Slimebound:PrepareCrush"],"picked":"SKIP","floor":75.0},{"not_picked":["Slimebound:SlimeBrawl","Slimebound:RainOfGoop+1"],"picked":"Slimebound:Nibble","floor":79.0},{"not_picked":["Slimebound:GrowthPunch+1","Slimebound:GoopSpray"],"picked":"Slimebound:SplitMire","floor":81.0},{"not_picked":["Slimebound:GoopTackle","Slimebound:PressTheAttack","Slimebound:FirmFortitude"],"picked":"SKIP","floor":82.0},{"not_picked":["Slimebound:ViciousTackle","Slimebound:TongueLash","Slimebound:SplitBruiser+1"],"picked":"SKIP","floor":83.0},{"not_picked":["Slimebound:MegaLick","Slimebound:LivingWall","Slimebound:SplitAcid"],"picked":"SKIP","floor":88.0},{"not_picked":["Slimebound:SlimeSpikes+1","Slimebound:SplitLeeching","Slimebound:GrowthPunch+1"],"picked":"SKIP","floor":89.0},{"not_picked":["Slimebound:SlimeSpikes","Slimebound:FinishingTackle+1","Slimebound:SplitLeeching+1"],"picked":"SKIP","floor":90.0},{"not_picked":["infinitespire:SealOfDarkness+","infinitespire:Starlight"],"picked":"infinitespire:Menacing","floor":92.0},{"not_picked":["Slimebound:ComboTackle+1","Slimebound:ProtectTheBoss","Slimebound:ForwardTackle+1"],"picked":"SKIP","floor":92.0},{"not_picked":["Slimebound:RejuvenatingLick+1","Slimebound:FirmFortitude","Slimebound:OneTwoCombo"],"picked":"SKIP","floor":99.0},{"not_picked":["Slimebound:GrowthPunch+1","Slimebound:LeechEnergy","Slimebound:SplitAcid+1"],"picked":"SKIP","floor":100.0},{"not_picked":["Slimebound:LeechingTouch+1","Slimebound:Chomp+1","Slimebound:RejuvenatingLick+1"],"picked":"SKIP","floor":102.0},{"not_picked":["Slimebound:SplitLeeching","Slimebound:PressTheAttack","Slimebound:MinionMaster"],"picked":"SKIP","floor":108.0},{"not_picked":["Slimebound:SpikyOuterGoop","Slimebound:FlameTackle","Slimebound:Schlurp"],"picked":"SKIP","floor":109.0},{"not_picked":["Slimebound:ItLooksTasty","Slimebound:DisruptingSlam","Slimebound:Schlurp"],"picked":"SKIP","floor":110.0},{"not_picked":["Slimebound:RollThrough","Slimebound:GoopTackle","Slimebound:SlimeSpikes"],"picked":"SKIP","floor":111.0},{"not_picked":["Slimebound:Schlurp","Slimebound:GoopTackle","Slimebound:LeechEnergy"],"picked":"SKIP","floor":113.0},{"not_picked":["Slimebound:SplitBruiser","Slimebound:MegaLick","Slimebound:SplitLeeching"],"picked":"SKIP","floor":115.0},{"not_picked":["Slimebound:MegaLick","Slimebound:SamplingLick","Slimebound:Overexert"],"picked":"SKIP","floor":116.0},{"not_picked":["Slimebound:LeechEnergy","Slimebound:SplitMire","Slimebound:RollThrough"],"picked":"SKIP","floor":118.0},{"not_picked":["Slimebound:LevelUp","Slimebound:Schlurp","Slimebound:PressTheAttack"],"picked":"SKIP","floor":119.0},{"not_picked":["Slimebound:SlimeSpikes","Slimebound:Grow","Slimebound:SamplingLick+1"],"picked":"SKIP","floor":126.0},{"not_picked":["Slimebound:SlimeBarrage+1","Slimebound:DisruptingSlam","Slimebound:GoopSpray"],"picked":"SKIP","floor":127.0},{"not_picked":["Slimebound:GoopSpray+1","Slimebound:ComboTackle","Slimebound:Repurpose"],"picked":"SKIP","floor":128.0},{"not_picked":["Slimebound:AcidTongue","Slimebound:GrowthPunch+1","Slimebound:SlimeSpikes"],"picked":"SKIP","floor":129.0},{"not_picked":["Slimebound:TongueLash","Slimebound:SplitAcid","Slimebound:DisruptingSlam"],"picked":"SKIP","floor":130.0},{"not_picked":["Slimebound:PrepareCrush","Slimebound:SplitLeeching+1","Slimebound:SplitMire"],"picked":"SKIP","floor":132},{"not_picked":["Slimebound:LeadByExample","Slimebound:SplitAcid","Slimebound:Repurpose"],"picked":"SKIP","floor":133},{"not_picked":["Slimebound:Schlurp","Slimebound:LeechingTouch","Slimebound:LeechEnergy"],"picked":"SKIP","floor":135},{"not_picked":["Slimebound:SlimeTap","Slimebound:FirmFortitude","Slimebound:DisruptingSlam"],"picked":"SKIP","floor":136},{"not_picked":["Slimebound:SplitAcid","Slimebound:LeechEnergy+1","Slimebound:GoopSpray"],"picked":"SKIP","floor":141},{"not_picked":["Slimebound:Schlurp","Slimebound:SamplingLick","Slimebound:SlimeSpikes+1"],"picked":"SKIP","floor":143},{"not_picked":["Slimebound:Schlurp+1","Slimebound:TongueLash+1","Slimebound:LeechingTouch+1"],"picked":"SKIP","floor":145},{"not_picked":["Slimebound:Equalize+1","Slimebound:FormOfPuddle+1","Slimebound:SplitMire"],"picked":"SKIP","floor":146},{"not_picked":["Slimebound:ItLooksTasty+1","Slimebound:ViciousTackle+1","Slimebound:PressTheAttack"],"picked":"SKIP","floor":150},{"not_picked":["Slimebound:LeechLife","Slimebound:FirmFortitude+1","Slimebound:LivingWall+1"],"picked":"SKIP","floor":153}],"player_experience":46192,"relics_obtained":[{"floor":12.0,"key":"Omamori"},{"floor":20.0,"key":"Vajra"},{"floor":24.0,"key":"infinitespire:WardingShard"},{"floor":27.0,"key":"Replay:Bandana"},{"floor":36.0,"key":"Eternal Feather"},{"floor":41.0,"key":"ReplayTheSpireMod:Shallot"},{"floor":43.0,"key":"Torii"},{"floor":58.0,"key":"Onion Ring"},{"floor":71.0,"key":"Snack Pack"},{"floor":144,"key":"theSenshi:SailorFukuRelic"},{"floor":151,"key":"Ring of Greed"},{"floor":151,"key":"Ring of Hypnosis"},{"floor":151,"key":"Old Coin"},{"floor":151,"key":"Replay:Wax Seal"}],"event_choices":[{"cards_removed":["Slimebound:Tackle"],"damage_healed":0.0,"max_hp_gain":0.0,"max_hp_loss":0.0,"gold_gain":0.0,"event_name":"The Cleric","player_choice":"Card Removal","floor":3.0,"gold_loss":0.0,"damage_taken":0.0},{"cards_removed":["Slimebound:Strike_Slimebound"],"damage_healed":0.0,"max_hp_gain":0.0,"max_hp_loss":0.0,"gold_gain":0.0,"event_name":"betterThird:BetterWriting","player_choice":"Elegance","floor":21.0,"gold_loss":0.0,"damage_taken":0.0},{"cards_removed":["infinitespire:Menacing"],"damage_healed":0.0,"max_hp_gain":0.0,"max_hp_loss":0.0,"gold_gain":0.0,"event_name":"Purifier","player_choice":"Purged","floor":125.0,"gold_loss":0.0,"damage_taken":0.0},{"damage_healed":0,"gold_gain":0,"player_choice":"Obtain Plague Curse","damage_taken":0,"max_hp_gain":0,"max_hp_loss":0,"event_name":"Plague Doctor","floor":142,"gold_loss":0,"cards_obtained":["theForsaken:PlagueCurse"]}],"is_beta":false,"boss_relics":[{"not_picked":["Ring of Chaos","Empty Cage"],"picked":"Slimebound:AbsorbEndCombatUpgraded"},{"not_picked":["Calling Bell","Replay:Wanted Poster"],"picked":"Replay:Bronze Core"},{"not_picked":["Velvet Choker","Tiny House"],"picked":"SlaversCollar"},{"not_picked":["Ring of Chaos","Runic Dome"],"picked":"Black Star"},{"not_picked":["beaked:SacredDeck","Replay:Wanted Poster"],"picked":"infinitespire:Cupcake"},{"not_picked":["Sozu","Cursed Key"],"picked":"construct:ClawGrip"},{"not_picked":["Astrolabe","Busted Crown"],"picked":"beaked:SacredNecklace"},{"not_picked":["Runesmith:UraniumAnvil","Honey Jar"],"picked":"SacredBark"}],"items_purged_floors":[29,31,64,91,152],"is_endless":true,"potions_floor_spawned":[9,13,14,15,20,27,30,33,36,46,47,49,50,56,62,66,70,79,83,90,92,99,100,103,108,109,113,116,119,126,127,130,137,146,150],"killed_by":"infinitespire:LordOfFortification","ascension_level":0}}