{"host":"jc4h38xtrb09g8pb","time":1608108659,"event":{"mods":["AchievementEnabler","BaseMod","Colored Map","Minty Spire (QoL Compilation)","Permanent Neow","SuperFastMode"],"gold_per_floor":[119,137,137,153,163,163,204,204,230,272,287,64,64,101,101,208,208,228,255,355,0,20,20,35,35,35,49,82,82,108,127,127,239,239,255,49,60,112,132,132,148,148,172,0,0,27,50,67,67,67,67,67,15,53,53],"floor_reached":56,"playtime":2602,"items_purged":["Strike_G","Strike_G"],"score":1713,"play_id":"b6f0425b-2279-49e7-96c9-874ef91f569b","local_time":"20201216175059","is_ascension_mode":true,"campfire_choices":[{"data":"Neutralize","floor":6.0,"key":"SMITH"},{"data":"Accuracy","floor":8.0,"key":"SMITH"},{"data":"Adrenaline","floor":13.0,"key":"SMITH"},{"data":"Blade Dance","floor":15.0,"key":"SMITH"},{"data":"Acrobatics","floor":23.0,"key":"SMITH"},{"data":"Reflex","floor":25.0,"key":"SMITH"},{"data":"Strike_G","floor":32.0,"key":"PURGE"},{"data":"Strike_G","floor":40.0,"key":"PURGE"},{"data":"Defend_G","floor":45.0,"key":"PURGE"},{"floor":49.0,"key":"RECALL"},{"data":"Defend_G","floor":52,"key":"PURGE"}],"circlet_count":0,"master_deck":["Defend_G","Defend_G","Defend_G","Survivor","Neutralize+1","Adrenaline+1","Cloak And Dagger","Blade Dance","Accuracy+1","Blade Dance+1","Reflex+1","After Image","Acrobatics+1","Die Die Die","Concentrate+1","Acrobatics+1","Cloak And Dagger","Tools of the Trade","Tactician","Prepared+1","Adrenaline"],"relics":["Ring of the Snake","CeramicFish","Tiny Chest","Bag of Marbles","MealTicket","HoveringKite","Sundial","Nunchaku","Unceasing Top","Peace Pipe","WristBlade","Medical Kit","Gambling Chip","Blood Vial","Red Mask","Toy Ornithopter","Lantern"],"acts_visited":["Exordium","TheCity","TheBeyond","TheEnding"],"potions_floor_usage":[50,55,55,55,55,55],"damage_taken":[{"damage":0.0,"enemies":"Cultist","floor":1.0,"turns":4.0},{"damage":3.0,"enemies":"2 Louse","floor":2.0,"turns":3.0},{"damage":0.0,"enemies":"Jaw Worm","floor":4.0,"turns":5.0},{"damage":0.0,"enemies":"3 Louse","floor":5.0,"turns":4.0},{"damage":5.0,"enemies":"3 Sentries","floor":7.0,"turns":7.0},{"damage":0.0,"enemies":"Gremlin Nob","floor":10.0,"turns":2.0},{"damage":0.0,"enemies":"Large Slime","floor":11.0,"turns":3.0},{"damage":0.0,"enemies":"Lagavulin","floor":14.0,"turns":6.0},{"damage":7.0,"enemies":"Hexaghost","floor":16.0,"turns":7.0},{"damage":2.0,"enemies":"Shell Parasite","floor":18.0,"turns":3.0},{"damage":0.0,"enemies":"Spheric Guardian","floor":19.0,"turns":3.0},{"damage":0.0,"enemies":"Cultist and Chosen","floor":22.0,"turns":2.0},{"damage":0.0,"enemies":"Centurion and Healer","floor":24.0,"turns":3.0},{"damage":0.0,"enemies":"Shelled Parasite and Fungi","floor":27.0,"turns":1.0},{"damage":0.0,"enemies":"Gremlin Leader","floor":28.0,"turns":3.0},{"damage":9.0,"enemies":"Slavers","floor":30.0,"turns":3.0},{"damage":0.0,"enemies":"3 Cultists","floor":31.0,"turns":1.0},{"damage":10.0,"enemies":"Automaton","floor":33.0,"turns":8.0},{"damage":0.0,"enemies":"3 Shapes","floor":35.0,"turns":1.0},{"damage":0.0,"enemies":"3 Darklings","floor":37.0,"turns":2.0},{"damage":0.0,"enemies":"2 Orb Walkers","floor":38.0,"turns":3.0},{"damage":0.0,"enemies":"Sphere and 2 Shapes","floor":39.0,"turns":1.0},{"damage":0.0,"enemies":"4 Shapes","floor":41.0,"turns":2.0},{"damage":0.0,"enemies":"Spire Growth","floor":47.0,"turns":1.0},{"damage":0.0,"enemies":"Sphere and 2 Shapes","floor":48.0,"turns":1.0},{"damage":40,"enemies":"Time Eater","floor":50,"turns":7},{"damage":0,"enemies":"Shield and Spear","floor":54,"turns":1},{"damage":17,"enemies":"The Heart","floor":55,"turns":4}],"seed_played":"-2210163646566934145","potions_obtained":[{"floor":1.0,"key":"DistilledChaos"},{"floor":2.0,"key":"Weak Potion"},{"floor":10.0,"key":"EntropicBrew"},{"floor":16.0,"key":"LiquidBronze"},{"floor":18.0,"key":"SpeedPotion"},{"floor":27.0,"key":"SpeedPotion"},{"floor":33.0,"key":"DuplicationPotion"},{"floor":35.0,"key":"DistilledChaos"},{"floor":39.0,"key":"PowerPotion"},{"floor":47.0,"key":"EntropicBrew"}],"is_trial":false,"path_per_floor":["M","M","?","M","M","R","E","R","T","E","M","$","R","E","R","B",null,"M","M","?","$","M","R","M","R","T","M","E","T","E","M","R","B",null,"M","$","M","?","M","R","M","?","T","?","R","T","M","M","R","B",null,"R","$","E","B",null],"character_chosen":"THE_SILENT","items_purchased":["After Image","Sundial","Tactician","Medical Kit","BlessingOfTheForge"],"campfire_rested":0,"item_purchase_floors":[12,21,36,36,53],"current_hp_per_floor":[63,60,60,60,60,60,55,55,55,55,55,55,55,55,55,48,65,63,63,63,70,70,70,70,70,70,70,70,70,61,61,61,51,65,65,70,70,70,70,70,70,66,66,66,66,66,66,66,66,26,56,56,66,66,50],"gold":53,"neow_bonus":"ONE_RANDOM_RARE_CARD","is_daily":false,"chose_seed":false,"campfire_upgraded":6,"win_rate":0.0,"timestamp":1608108659,"path_taken":["M","M","?","M","M","R","E","R","T","E","?","$","R","E","R","BOSS","M","M","?","$","M","R","M","R","T","?","E","?","E","M","R","BOSS","M","$","M","?","M","R","M","?","T","?","R","?","?","M","R","BOSS","R","$","E","BOSS"],"items_purchased_type":["Card","Relic","Card","Relic","Potion"],"build_version":"2020-12-13","purchased_purges":2,"victory":true,"max_hp_per_floor":[70,70,70,70,70,70,70,70,70,70,70,70,70,70,70,70,70,70,70,70,70,70,70,70,70,70,70,70,70,70,70,70,70,70,70,70,70,70,70,70,70,66,66,66,66,66,66,66,66,66,66,66,66,66,66],"card_choices":[{"not_picked":["Setup","Deflect","Outmaneuver"],"picked":"SKIP","floor":1.0},{"not_picked":["Bane","Distraction"],"picked":"Cloak And Dagger","floor":2.0},{"not_picked":["Dagger Throw","Cloak And Dagger"],"picked":"Blade Dance","floor":4.0},{"not_picked":["Eviscerate","Expertise"],"picked":"Accuracy","floor":5.0},{"not_picked":["Riddle With Holes","Poisoned Stab"],"picked":"Blade Dance","floor":7.0},{"not_picked":["Underhanded Strike","Catalyst"],"picked":"Reflex","floor":10.0},{"not_picked":["Predator","Flying Knee","Quick Slash"],"picked":"SKIP","floor":11.0},{"not_picked":["Burst","Heel Hook"],"picked":"Acrobatics","floor":14.0},{"not_picked":["Night Terror","Doppelganger"],"picked":"Die Die Die","floor":16.0},{"not_picked":["Expertise","Acrobatics"],"picked":"Concentrate+1","floor":18.0},{"not_picked":["Accuracy","Backflip"],"picked":"Acrobatics+1","floor":19.0},{"not_picked":["Dagger Spray","Outmaneuver","Bane"],"picked":"SKIP","floor":22.0},{"not_picked":["Slice","Noxious Fumes","Deflect"],"picked":"SKIP","floor":24.0},{"not_picked":["Bullet Time","Deflect","Distraction+1"],"picked":"SKIP","floor":27.0},{"not_picked":["Concentrate","Catalyst","Sucker Punch+1"],"picked":"SKIP","floor":28.0},{"not_picked":["Backflip+1","Flying Knee+1","Blade Dance"],"picked":"SKIP","floor":30.0},{"not_picked":["Blade Dance","Prepared"],"picked":"Cloak And Dagger","floor":31.0},{"not_picked":["Corpse Explosion","Adrenaline"],"picked":"Tools of the Trade","floor":33.0},{"not_picked":["Prepared","Dagger Throw","Slice+1"],"picked":"SKIP","floor":35.0},{"not_picked":["Leg Sweep+1","Concentrate","Flechettes+1"],"picked":"SKIP","floor":37.0},{"not_picked":["Deflect","Riddle With Holes","Backflip+1"],"picked":"SKIP","floor":39.0},{"not_picked":["Skewer","Cloak And Dagger+1","Blade Dance+1"],"picked":"SKIP","floor":41.0},{"not_picked":["Heel Hook+1","Leg Sweep+1"],"picked":"Prepared+1","floor":47.0},{"not_picked":["Endless Agony+1","Heel Hook","Cloak And Dagger+1"],"picked":"SKIP","floor":48.0},{"not_picked":["Blur","Skewer+1"],"picked":"Adrenaline","floor":54}],"player_experience":691529,"relics_obtained":[{"floor":7.0,"key":"CeramicFish"},{"floor":9.0,"key":"Tiny Chest"},{"floor":10.0,"key":"Bag of Marbles"},{"floor":14.0,"key":"MealTicket"},{"floor":28.0,"key":"Nunchaku"},{"floor":29.0,"key":"Unceasing Top"},{"floor":30.0,"key":"Peace Pipe"},{"floor":38.0,"key":"Gambling Chip"},{"floor":43.0,"key":"Blood Vial"},{"floor":46.0,"key":"Toy Ornithopter"},{"floor":54,"key":"Lantern"}],"event_choices":[{"cards_removed":["Strike_G"],"damage_healed":0.0,"max_hp_gain":0.0,"max_hp_loss":0.0,"gold_gain":0.0,"event_name":"Bonfire Elementals","player_choice":"Offered Basic","floor":3.0,"gold_loss":0.0,"damage_taken":0.0},{"damage_healed":0.0,"max_hp_gain":0.0,"max_hp_loss":0.0,"gold_gain":100.0,"event_name":"Golden Shrine","player_choice":"Pray","floor":20.0,"gold_loss":0.0,"damage_taken":0.0},{"damage_healed":0.0,"max_hp_gain":0.0,"max_hp_loss":0.0,"gold_gain":0.0,"event_name":"Mysterious Sphere","player_choice":"Fight","floor":38.0,"gold_loss":0.0,"damage_taken":0.0},{"damage_healed":0.0,"max_hp_gain":0.0,"max_hp_loss":4.0,"gold_gain":0.0,"event_name":"Winding Halls","player_choice":"Max HP","floor":42.0,"gold_loss":0.0,"damage_taken":0.0},{"damage_healed":0.0,"max_hp_gain":0.0,"max_hp_loss":0.0,"gold_gain":0.0,"event_name":"Tomb of Lord Red Mask","player_choice":"Paid","floor":44.0,"gold_loss":172.0,"damage_taken":0.0,"relics_obtained":["Red Mask"]}],"is_beta":false,"boss_relics":[{"not_picked":["Pandora\u0027s Box","Tiny House"],"picked":"HoveringKite"},{"not_picked":["Empty Cage","Cursed Key"],"picked":"WristBlade"}],"items_purged_floors":[12,21],"is_endless":false,"potions_floor_spawned":[1,2,10,16,18,27,33,35,39,47],"ascension_level":8}}