{"host":"k6qwgpygxbgz06bg","time":1608152659,"event":{"mods":["BaseMod","Beaked The Cultist","Better Third Choice","BetterRewards","Clockwork Mod","Colored Map","Downfall","Friendly Minions","Infinite Spire","Marisa????????","Minty Spire (QoL Compilation)","Replay The Spire","StSLib","The Administrix","The Bug Knight","The Cursed","The Gatherer","The Mystic","The Witch"],"gold_per_floor":[99,111,111,146,146,146,146,171,193,63,89,113,113,136,153,272,272,272,315,421,442,442,461,488,413,433,463,563,580,580,597,611,713,713,713,742,762,762,792,842,842,842,842,842,892,907,800,819,830,925,925,925,1025,1051,1064,1064,1075,1075,1086,1086,1121,1137,836,862,874,891,991,991,991,556,587,615,646,655,695,695,695,695,795,795,795],"floor_reached":80,"playtime":5637,"items_purged":["Regret","ReplayTheSpireMod:Compounding Headache","Slimebound:Defend_Slimebound","Amnesia","Slimebound:Defend_Slimebound","Slimebound:Strike_Slimebound+1"],"score":1419,"play_id":"dd2593ad-79b0-40ab-a92a-8977bdf843a3","local_time":"20201216220419","is_ascension_mode":false,"campfire_choices":[{"data":"Replay:Dark Deal","floor":1,"key":"SMITH"},{"data":"Slimebound:GoopSpray","floor":3,"key":"SMITH"},{"data":"Slimebound:SplitLeeching","floor":6,"key":"SMITH"},{"data":"Slimebound:LeadByExample","floor":18,"key":"SMITH"},{"data":"Slimebound:Split","floor":22,"key":"SMITH"},{"data":"Slimebound:SplitLeeching","floor":25,"key":"SMITH"},{"floor":35,"key":"DIG"},{"data":"infinitespire:UltimateForm","floor":42,"key":"SMITH"},{"data":"ReplayTheSpireMod:Book of Names","floor":44,"key":"SMITH"},{"data":"Slimebound:Defend_Slimebound","floor":52,"key":"PURGE"},{"data":"Slimebound:FirmFortitude","floor":60,"key":"PURGE"},{"data":"infinitespire:NeuralNetwork","floor":69,"key":"SMITH"},{"data":"infinitespire:UltimateForm","floor":76,"key":"SMITH"},{"data":"Replay:Fractal Strike","floor":77,"key":"SMITH"},{"data":"Slimebound:LeadByExample","floor":78,"key":"SMITH"}],"circlet_count":0,"master_deck":["Slimebound:Tackle","Slimebound:Split+1","Slimebound:CorrosiveSpit+1","Replay:Dark Deal+1","Slimebound:GoopSpray+1","Slimebound:SplitLeeching+1","Slimebound:LevelUp","Slimebound:ViciousTackle+1","Slimebound:TongueLash+1","Slimebound:FirmFortitude","Slimebound:Overexert","Slimebound:LeadByExample+1","Slimebound:SplitLeeching+1","Slimebound:Schlurp","Slimebound:PrepareCrush","sneckomod:Transmogrify","Slimebound:DisruptingSlam+1","Slimebound:MassRepurpose","Slimebound:FirmFortitude","Slimebound:SamplingLick","Slimebound:Split+1","Replay:Sssssssssshield","Slimebound:Replication","Slimebound:ServeAndProtect","Slimebound:Teamwork","Slimebound:LevelUp","Slimebound:SamplingLick+1","Slimebound:SplitLeeching","infinitespire:UltimateForm+1","Slimebound:PrepareCrush","Slimebound:OozeBath","Slimebound:DuplicatedForm","Slimebound:Nibble+1","infinitespire:NeuralNetwork+1","Slimebound:Gluttony","ReplayTheSpireMod:Book of Names+1","infinitespire:SealOfDarkness+","Slimebound:SplitBruiser+1","Slimebound:AcidTongue","Slimebound:DouseInSlime","Slimebound:LeadByExample+1","Slimebound:RainOfGoop+1","Slimebound:MinionMaster","Slimebound:Gluttony","Slimebound:LeechLife","Slimebound:MassFeed","Slimebound:SplitMire","Slimebound:FormOfPuddle","expansioncontent:DecasProtection","Slimebound:WasteNot","Slimebound:Gluttony","Slimebound:MinionMaster","Apotheosis","Slimebound:SplitLeeching+1","Slimebound:LeadByExample+1","Replay:Fractal Strike+1","Slimebound:SplitBruiser+1","Slimebound:Schlurp+1","Slimebound:HauntingLick+1","infinitespire:UltimateForm+1"],"relics":["Slimebound:AbsorbEndCombatUpgraded","beaked:SacredDeck","downfall:GremlinSack","downfall:HeartBlessingBlue","ReplayTheSpireMod:Onyx Gauntlets","Mango","ChewingGum","Singing Bowl","Replay:Drink Me","Strawberry","Whetstone","Eternal Feather","Gremlin Horn","Bottled Tornado","Membership Card","infinitespire:Lychee Nut","Prayer Wheel","TungstenRod","ClockworkSouvenir","Pear","SlaversCollar","Ginger","Slimebound:ScrapOozeRelic","BargainBundle","Darkstone Periapt","Akabeko","Regal Pillow","Quantum Egg","Slimebound:SelfDamagePreventRelic","Sundial","CeramicFish","WingedGreaves","White Beast Statue","Slimebound:TarBlob"],"acts_visited":["Exordium","TheCity","TheBeyond","Exordium","TheCity"],"potions_floor_usage":[16,16,20,20,23,27,40,47],"damage_taken":[{"damage":4,"enemies":"Small Slimes","floor":2,"turns":4},{"damage":33,"enemies":"Lagavulin","floor":4,"turns":6},{"damage":12,"enemies":"Jaw Worm","floor":8,"turns":2},{"damage":13,"enemies":"Cultist","floor":9,"turns":3},{"damage":16,"enemies":"downfall:FleeingMerchant","floor":10,"turns":4},{"damage":12,"enemies":"Large Slime","floor":11,"turns":3},{"damage":5,"enemies":"2 Fungi Beasts","floor":12,"turns":3},{"damage":19,"enemies":"Lots of Slimes","floor":14,"turns":3},{"damage":7,"enemies":"2 Fungi Beasts","floor":15,"turns":4},{"damage":48,"enemies":"downfall:Ironclad","floor":16,"turns":6},{"damage":22,"enemies":"3 Byrds","floor":19,"turns":4},{"damage":21,"enemies":"3 Byrds","floor":20,"turns":3},{"damage":8,"enemies":"Chosen","floor":21,"turns":5},{"damage":22,"enemies":"Snake Plant","floor":23,"turns":4},{"damage":22,"enemies":"Shelled Parasite and Fungi","floor":26,"turns":4},{"damage":30,"enemies":"Nightmare","floor":27,"turns":8},{"damage":29,"enemies":"downfall:Silent","floor":28,"turns":4},{"damage":6,"enemies":"Cultist and Chosen","floor":29,"turns":3},{"damage":30,"enemies":"Centurion and Healer","floor":31,"turns":5},{"damage":35,"enemies":"Snake Plant","floor":32,"turns":2},{"damage":47,"enemies":"downfall:Defect","floor":33,"turns":4},{"damage":31,"enemies":"Giant Head","floor":36,"turns":7},{"damage":56,"enemies":"3 Darklings","floor":37,"turns":4},{"damage":21,"enemies":"Nightmare","floor":39,"turns":5},{"damage":41,"enemies":"2 Orb Walkers","floor":40,"turns":4},{"damage":25,"enemies":"Mind Bloom Boss Battle","floor":45,"turns":3},{"damage":10,"enemies":"Orb Walker","floor":46,"turns":3},{"damage":39,"enemies":"downfall:FleeingMerchant","floor":47,"turns":4},{"damage":16,"enemies":"Writhing Mass","floor":48,"turns":4},{"damage":20,"enemies":"Sphere and 2 Shapes","floor":49,"turns":5},{"damage":22,"enemies":"downfall:Silent","floor":50,"turns":6},{"damage":40,"enemies":"Gremlin Nob","floor":54,"turns":4},{"damage":10,"enemies":"2 Louse","floor":55,"turns":2},{"damage":5,"enemies":"Small Slimes","floor":57,"turns":3},{"damage":17,"enemies":"Jaw Worm","floor":59,"turns":3},{"damage":15,"enemies":"3 Sentries","floor":61,"turns":3},{"damage":7,"enemies":"Large Slime","floor":62,"turns":3},{"damage":11,"enemies":"Gremlin Nob","floor":64,"turns":4},{"damage":15,"enemies":"3 Louse","floor":65,"turns":2},{"damage":39,"enemies":"Exordium Wildlife","floor":66,"turns":4},{"damage":97,"enemies":"Fading Forest","floor":67,"turns":8},{"damage":27,"enemies":"Chosen","floor":71,"turns":3},{"damage":54,"enemies":"Sentry and Sphere","floor":72,"turns":4},{"damage":47,"enemies":"3 Cultists","floor":73,"turns":4},{"damage":0,"enemies":"Nightmare","floor":75,"turns":1},{"damage":31,"enemies":"downfall:LadyInBlue","floor":79,"turns":4},{"damage":113,"enemies":"Centurion and Healer","floor":80,"turns":7}],"seed_played":"8170869402612979541","potions_obtained":[{"floor":11,"key":"Energy Potion"},{"floor":14,"key":"DuplicationPotion"},{"floor":15,"key":"Explosive Potion"},{"floor":16,"key":"Cursed Concoction"},{"floor":19,"key":"BlessingOfTheForge"},{"floor":21,"key":"PowerPotion"},{"floor":29,"key":"Adrenaline Potion"},{"floor":31,"key":"Adrenaline Potion"},{"floor":32,"key":"Dexterity Potion"},{"floor":45,"key":"Block Potion"},{"floor":49,"key":"DistilledChaos"},{"floor":55,"key":"LiquidMemories"},{"floor":73,"key":"Regen Potion"}],"is_trial":false,"path_per_floor":["R","M","R","E","?","R","T","M","M","$","M","M","?","M","M","B",null,"R","M","?","M","R","M","T","R","M","NM","?","M","AVR","M","M","B",null,"R_BF","E","M","?","NM","?","T","R","AVR","R","?","M","$","M","M","B",null,"R_BF","?","E","M","?","M","T","M","R","E","M","$","E","M","M","B",null,"R","$","M","M","M","AVR","NM","R","R","R","?","M"],"character_chosen":"SLIMEBOUND","items_purchased":["Slimebound:FirmFortitude","Tiny Chest","Ginger","ClockworkSouvenir","Fruit Juice","Dexterity Potion","BargainBundle","Darkstone Periapt","Akabeko","expansioncontent:DecasProtection","Slimebound:SelfDamagePreventRelic","Sundial","CeramicFish","Apotheosis"],"campfire_rested":0,"item_purchase_floors":[10,47,47,47,47,47,63,63,63,63,70,70,70,70],"current_hp_per_floor":[54,54,54,29,29,29,29,37,46,52,54,54,54,41,42,36,54,54,48,43,54,54,47,47,57,61,55,72,78,78,80,63,60,60,67,62,69,69,79,91,91,91,91,91,68,70,77,82,87,87,87,87,87,60,67,67,77,77,71,95,97,97,97,95,89,76,103,103,103,103,103,102,108,108,110,110,110,110,112,0,0],"gold":795,"neow_bonus":"RANDOM_COLORLESS_2","is_daily":false,"chose_seed":false,"campfire_upgraded":12,"win_rate":0.0,"timestamp":1608152659,"path_taken":["R","M","R","E","?","R","T","M","M","$","M","M","?","M","M","BOSS","R","M","?","M","R","M","T","R","?","NM","?","M","AVR","M","M","BOSS","R_BF","E","M","?","NM","?","T","R","AVR","R","?","M","$","M","M","BOSS","R_BF","?","E","?","?","M","T","M","R","E","M","$","?","?","M","BOSS","R","?","?","M","M","AVR","NM","R","R","R","?","M"],"items_purchased_type":["Card","Relic","Relic","Relic","Potion","Potion","Relic","Relic","Relic","Card","Relic","Relic","Relic","Card"],"build_version":"2020-12-13","purchased_purges":6,"victory":false,"max_hp_per_floor":[54,54,54,54,54,54,54,54,54,54,54,54,54,54,54,54,54,54,54,54,54,54,54,54,64,64,64,78,78,78,80,80,80,60,67,67,69,69,79,91,91,91,91,91,68,70,77,87,87,87,87,87,87,87,89,89,93,93,95,95,97,97,97,97,99,103,103,103,103,103,103,105,108,108,110,110,110,110,112,112,112],"card_choices":[{"not_picked":["Transmutation","Crow Ritual"],"picked":"Replay:Dark Deal","floor":0},{"not_picked":["Slimebound:SamplingLick","Slimebound:SlimeSpikes"],"picked":"Slimebound:GoopSpray","floor":2},{"not_picked":["Slimebound:FinishingTackle","Slimebound:GoopTackle"],"picked":"Slimebound:SplitLeeching","floor":4},{"not_picked":["Slimebound:ComboTackle","Slimebound:PressTheAttack"],"picked":"Slimebound:LevelUp","floor":8},{"not_picked":["Slimebound:ComboTackle","Slimebound:RollThrough"],"picked":"Slimebound:ViciousTackle","floor":9},{"not_picked":["Slimebound:SplitLeeching","Slimebound:SlimeTap"],"picked":"Slimebound:TongueLash","floor":10},{"not_picked":["Slimebound:Repurpose","Slimebound:Replication"],"picked":"Slimebound:Overexert","floor":11},{"not_picked":["Slimebound:SpikyOuterGoop","Slimebound:ViciousTackle"],"picked":"Slimebound:LeadByExample","floor":12},{"not_picked":["Slimebound:DivideAndConquer","Slimebound:ViciousTackle"],"picked":"Slimebound:SplitLeeching","floor":14},{"not_picked":["Slimebound:Dissolve","Slimebound:RollThrough"],"picked":"Slimebound:Schlurp","floor":15},{"not_picked":["Slimebound:SelfFormingGoo","Slimebound:DuplicatedForm"],"picked":"Slimebound:PrepareCrush","floor":16},{"not_picked":["Slimebound:SplitLeeching","Slimebound:SlimeSpikes+1"],"picked":"Slimebound:DisruptingSlam+1","floor":19},{"not_picked":["Slimebound:ViciousTackle","Slimebound:Grow"],"picked":"Slimebound:Replication","floor":20},{"not_picked":["Slimebound:ItLooksTasty","Slimebound:SamplingLick","Slimebound:PressTheAttack"],"picked":"SKIP","floor":21},{"not_picked":["Slimebound:RollThrough","Slimebound:Replication"],"picked":"Slimebound:ServeAndProtect","floor":23},{"not_picked":["Slimebound:HauntingLick","Slimebound:SplitAcid"],"picked":"Slimebound:Teamwork","floor":26},{"not_picked":["Slimebound:MassRepurpose","Slimebound:Overexert"],"picked":"Slimebound:LevelUp","floor":27},{"not_picked":["Slimebound:FinishingTackle+1","Slimebound:LeechEnergy+1"],"picked":"Slimebound:SamplingLick+1","floor":28},{"not_picked":["Slimebound:DivideAndConquer","Slimebound:LeechEnergy+1","Slimebound:GoopSpray"],"picked":"Slimebound:SplitLeeching","floor":29},{"not_picked":["Slimebound:ViciousTackle","Slimebound:GoopSpray","Slimebound:SlimeBarrage","Slimebound:Equalize"],"picked":"Singing Bowl","floor":31},{"not_picked":["Slimebound:GrowthPunch+1","Slimebound:SamplingLick","Slimebound:LeechEnergy+1"],"picked":"Slimebound:PrepareCrush","floor":32},{"not_picked":["Slimebound:OneTwoCombo","Slimebound:WasteNot","Slimebound:MassRepurpose"],"picked":"Slimebound:OozeBath","floor":33},{"not_picked":["Slimebound:PressTheAttack+1","Slimebound:SlimeSlap","Slimebound:SpikyOuterGoop"],"picked":"Slimebound:DuplicatedForm","floor":36},{"not_picked":["Slimebound:RollThrough+1","Slimebound:DivideAndConquer+1","Slimebound:Nibble"],"picked":"Singing Bowl","floor":37},{"not_picked":["Slimebound:Grow","Slimebound:SamplingLick+1"],"picked":"Slimebound:Nibble+1","floor":37},{"not_picked":["ReplayTheSpireMod:Echoes of Time","infinitespire:SealOfDarkness+"],"picked":"infinitespire:NeuralNetwork","floor":39},{"not_picked":["Slimebound:DivideAndConquer+1","Slimebound:DisruptingSlam+1"],"picked":"Slimebound:Gluttony","floor":39},{"not_picked":["Slimebound:DivideAndConquer+1","Slimebound:FirmFortitude","Slimebound:FinishingTackle+1"],"picked":"Singing Bowl","floor":40},{"not_picked":["Slimebound:GoopSpray+1","Slimebound:ServeAndProtect"],"picked":"Slimebound:SplitBruiser+1","floor":45},{"not_picked":["Slimebound:Chomp+1","Slimebound:SlimeSpikes","Slimebound:SlimeBarrage"],"picked":"Singing Bowl","floor":46},{"not_picked":["Slimebound:GoopSpray","Slimebound:LeechEnergy","Slimebound:HauntingLick+1"],"picked":"Singing Bowl","floor":47},{"not_picked":["Slimebound:SplitMire","Slimebound:ViciousTackle"],"picked":"Slimebound:AcidTongue","floor":48},{"not_picked":["Slimebound:SplitLeeching","Slimebound:LeechingTouch+1"],"picked":"Slimebound:DouseInSlime","floor":48},{"not_picked":["Slimebound:ItLooksTasty+1","Slimebound:Nibble+1"],"picked":"Slimebound:LeadByExample+1","floor":49},{"not_picked":["Slimebound:ComboTackle","Slimebound:RollThrough+1"],"picked":"Slimebound:RainOfGoop+1","floor":49},{"not_picked":["Slimebound:LeechLife","Slimebound:OneTwoCombo"],"picked":"Slimebound:MinionMaster","floor":50},{"not_picked":["Slimebound:Repurpose","Slimebound:PressTheAttack"],"picked":"Slimebound:Gluttony","floor":54},{"not_picked":["Slimebound:ComboTackle","Slimebound:SamplingLick","Slimebound:LivingWall"],"picked":"Singing Bowl","floor":55},{"not_picked":["Slimebound:GoopSpray","Slimebound:Nibble"],"picked":"Slimebound:LeechLife","floor":55},{"not_picked":["Slimebound:Equalize","Slimebound:HauntingLick","Slimebound:PressTheAttack"],"picked":"Singing Bowl","floor":57},{"not_picked":["Slimebound:PressTheAttack","Slimebound:SplitAcid","Slimebound:Repurpose"],"picked":"Singing Bowl","floor":57},{"not_picked":["Slimebound:LeechingTouch","Slimebound:SlimeSpikes","Slimebound:PressTheAttack"],"picked":"Singing Bowl","floor":59},{"not_picked":["Slimebound:FlameTackle","Slimebound:ComboTackle"],"picked":"Slimebound:MassFeed","floor":59},{"not_picked":["Slimebound:RollThrough","Slimebound:LeechEnergy","Slimebound:GoopSpray"],"picked":"Singing Bowl","floor":61},{"not_picked":["Slimebound:RollThrough","Slimebound:Schlurp"],"picked":"Slimebound:SplitMire","floor":62},{"not_picked":["Slimebound:Equalize","Slimebound:DivideAndConquer"],"picked":"Slimebound:FormOfPuddle","floor":62},{"not_picked":["Slimebound:LeechingTouch","Slimebound:SplitLeeching"],"picked":"Slimebound:WasteNot","floor":64},{"not_picked":["Slimebound:LeechingTouch","Slimebound:GoopTackle"],"picked":"Slimebound:Gluttony","floor":65},{"not_picked":["Slimebound:SplitLeeching","Slimebound:ServeAndProtect","Slimebound:PressTheAttack"],"picked":"Singing Bowl","floor":65},{"not_picked":["Slimebound:RollThrough","Slimebound:ForwardTackle","Slimebound:FinishingTackle"],"picked":"Singing Bowl","floor":66},{"not_picked":["Slimebound:Equalize","Slimebound:SplitAcid","Slimebound:FinishingTackle"],"picked":"Singing Bowl","floor":66},{"not_picked":["Slimebound:DuplicatedForm","Slimebound:OneTwoCombo"],"picked":"Slimebound:MinionMaster","floor":67},{"not_picked":["Slimebound:SlimeSpikes","Slimebound:SamplingLick+1"],"picked":"Slimebound:SplitLeeching+1","floor":71},{"not_picked":["Slimebound:Schlurp","Slimebound:ServeAndProtect+1"],"picked":"Slimebound:LeadByExample","floor":71},{"not_picked":["infinitespire:Menacing","infinitespire:SealOfDarkness+"],"picked":"Replay:Fractal Strike","floor":72},{"not_picked":["Slimebound:HauntingLick","Slimebound:RollThrough","Slimebound:GoopSpray+1"],"picked":"Singing Bowl","floor":72},{"not_picked":["Slimebound:RainOfGoop","Slimebound:RollThrough"],"picked":"Slimebound:SplitBruiser+1","floor":72},{"not_picked":["Slimebound:SplitAcid+1","Slimebound:DuplicatedForm"],"picked":"Slimebound:Schlurp+1","floor":73},{"not_picked":["Slimebound:SplitMire","Slimebound:ForwardTackle"],"picked":"Slimebound:HauntingLick+1","floor":73},{"not_picked":["ReplayTheSpireMod:Chaos Vortex","ReplayTheSpireMod:Echoes of Time"],"picked":"infinitespire:UltimateForm","floor":75},{"not_picked":["Slimebound:PressTheAttack+1","Slimebound:ComboTackle","Slimebound:Grow"],"picked":"Singing Bowl","floor":75},{"not_picked":["Slimebound:Chomp","Slimebound:RollThrough+1","Slimebound:ComboTackle+1"],"picked":"Singing Bowl","floor":79}],"player_experience":217859,"relics_obtained":[{"floor":4,"key":"infinitespire:Midas Blood"},{"floor":7,"key":"Bird Faced Urn"},{"floor":19,"key":"Slimebound:TarBlob"},{"floor":20,"key":"downfall:GremlinSack"},{"floor":20,"key":"ChewingGum"},{"floor":23,"key":"The Courier"},{"floor":26,"key":"Slimebound:TarBlob"},{"floor":27,"key":"ReplayTheSpireMod:Onyx Gauntlets"},{"floor":27,"key":"Counterbalance"},{"floor":27,"key":"Centennial Puzzle"},{"floor":28,"key":"Mango"},{"floor":28,"key":"Question Card"},{"floor":31,"key":"ChewingGum"},{"floor":33,"key":"Singing Bowl"},{"floor":35,"key":"Strawberry"},{"floor":36,"key":"Prayer Wheel"},{"floor":36,"key":"Whetstone"},{"floor":37,"key":"Eternal Feather"},{"floor":39,"key":"Pear"},{"floor":39,"key":"Gremlin Horn"},{"floor":40,"key":"TungstenRod"},{"floor":40,"key":"Pear"},{"floor":41,"key":"Bottled Tornado"},{"floor":45,"key":"infinitespire:Lychee Nut"},{"floor":46,"key":"Prayer Wheel"},{"floor":47,"key":"TungstenRod"},{"floor":48,"key":"Pear"},{"floor":50,"key":"Slimebound:TarBlob"},{"floor":54,"key":"Ginger"},{"floor":58,"key":"Replay:Accelerometer"},{"floor":66,"key":"Regal Pillow"},{"floor":67,"key":"Quantum Egg"},{"floor":72,"key":"Slimebound:TarBlob"},{"floor":79,"key":"White Beast Statue"},{"floor":79,"key":"Slimebound:TarBlob"}],"event_choices":[{"damage_healed":0,"gold_gain":0,"player_choice":"Fight","damage_taken":0,"max_hp_gain":0,"max_hp_loss":0,"event_name":"Mysterious Sphere","floor":40,"gold_loss":0}],"is_beta":false,"boss_relics":[{"not_picked":["Empty Cage","Slimebound:AbsorbEndCombatUpgraded"],"picked":"Replay:Grab Bag"},{"not_picked":["beaked:MawFillet","Abe\u0027s Treasure"],"picked":"ReplayTheSpireMod:Onyx Gauntlets"},{"not_picked":["Philosopher\u0027s Stone","Sozu"],"picked":"Slimebound:TarBlob"},{"not_picked":["Pandora\u0027s Box","Black Star"],"picked":"beaked:SacredDeck"},{"not_picked":["Runic Dome","Cursed Key"],"picked":"Replay:Drink Me"},{"not_picked":["Astrolabe","Fusion Hammer"],"picked":"SlaversCollar"},{"not_picked":["Sozu","Runic Pyramid"],"picked":"Slimebound:AbsorbEndCombatUpgraded"}],"items_purged_floors":[10,30,47,63,70,74],"is_endless":true,"potions_floor_spawned":[11,14,15,16,19,21,29,31,32,45,46,49,55,62,65,66,72,73,75],"killed_by":"Centurion and Healer","ascension_level":0}}