{"host":"zxezw9t7myeayiva","time":1608160269,"event":{"mods":["2.2 Compatiblity","Act Like it!","BaseMod","Colored Map","Downfall","Hallownest","Hermit","Infinite Spire","Lobotomy","Marisa????????","Minty Spire (QoL Compilation)","Replay The Spire","Somnambulant","StSLib","The Animator","The Cursed","The Disciple","The Hierophant","The Jungle","The Servant 0.9.4"],"gold_per_floor":[116,391,428,39,80,80,80,130,153,153,178,178],"floor_reached":11,"playtime":1214,"items_purged":["Regret"],"score":63,"play_id":"edcd84d8-0767-43c5-8a46-f1b4c28e44ca","local_time":"20201216171109","is_ascension_mode":false,"campfire_choices":[{"floor":6,"key":"REST"}],"circlet_count":0,"master_deck":["Strike_P","Strike_P","Strike_P","Strike_P","Defend_P","Defend_P","Defend_P","Defend_P","Eruption","Vigilance","Wish","Prostrate","FearNoEvil","ForeignInfluence","Pain","ThirdEye"],"relics":["PureWater","Membership Card","ReplayTheSpireMod:TigerMarble","Bottled Lightning","WarpedTongs","Ancient Tea Set","Replay:Rubber Ducky"],"acts_visited":["Exordium"],"potions_floor_usage":[11],"damage_taken":[{"damage":1,"enemies":"2 Louse","floor":1,"turns":2},{"damage":22,"enemies":"Cultist","floor":3,"turns":4},{"damage":16,"enemies":"Small Slimes","floor":5,"turns":6},{"damage":13,"enemies":"Exordium Thugs","floor":8,"turns":3},{"damage":23,"enemies":"Gremlin Nob","floor":11,"turns":3}],"seed_played":"4930609857267172372","potions_obtained":[{"floor":1,"key":"GamblersBrew"}],"is_trial":false,"path_per_floor":["M","?","M","$","M","R","?","M","T","T","E"],"character_chosen":"WATCHER","items_purchased":["Membership Card","ReplayTheSpireMod:TigerMarble","Bottled Lightning"],"campfire_rested":1,"item_purchase_floors":[4,4,4],"current_hp_per_floor":[50,50,28,28,12,33,33,20,20,20,0,0],"gold":178,"neow_bonus":"THREE_RARE_CARDS","is_daily":false,"chose_seed":false,"campfire_upgraded":0,"win_rate":0.0,"timestamp":1608160269,"path_taken":["M","?","M","?","?","R","?","?","T","?","E"],"items_purchased_type":["Relic","Relic","Relic"],"build_version":"2020-12-13","purchased_purges":1,"victory":false,"max_hp_per_floor":[72,72,72,72,72,72,72,72,72,72,72,72],"card_choices":[{"not_picked":["DeusExMachina","Omniscience"],"picked":"Wish","floor":0},{"not_picked":["Replay:Battleflow","FlurryOfBlows"],"picked":"Prostrate","floor":1},{"not_picked":["TalkToTheHand","EmptyBody"],"picked":"FearNoEvil","floor":3},{"not_picked":["Replay:Hum","Replay:ManipulateFuture"],"picked":"ForeignInfluence","floor":5},{"not_picked":["FlurryOfBlows","Collect"],"picked":"ThirdEye","floor":8}],"player_experience":310359,"relics_obtained":[{"floor":9,"key":"Ancient Tea Set"},{"floor":10,"key":"Replay:Rubber Ducky"}],"event_choices":[{"damage_healed":0,"gold_gain":275,"player_choice":"Desecrate","damage_taken":0,"max_hp_gain":0,"max_hp_loss":0,"event_name":"Golden Shrine","floor":2,"gold_loss":0,"cards_obtained":["Regret"]},{"damage_healed":0,"gold_gain":0,"player_choice":"Rummage","damage_taken":0,"relics_obtained":["WarpedTongs"],"max_hp_gain":0,"max_hp_loss":0,"event_name":"Accursed Blacksmith","floor":7,"gold_loss":0,"cards_obtained":["Pain"]}],"is_beta":false,"boss_relics":[],"items_purged_floors":[4],"is_endless":false,"potions_floor_spawned":[1],"killed_by":"Gremlin Nob","ascension_level":0}}