{"host":"r5cycnjhcbwgkpkf","time":1608148799,"event":{"mods":["2.2 Compatiblity","AchievementEnabler","BaseMod","Bestiary","Better Match","Better Note","Better Skull","Better Third Choice","BetterRewards","Colored Map","Colored Powertips","Infinite Spire","Minty Spire (QoL Compilation)","Replay The Spire","Robot Space Explorer","Spicy Shops","StSLib","The Gatherer"],"gold_per_floor":[117,183,183,37,57,57,71,71,71,106,121,121,138,149,149,224,224,236,236,236,254,13,13,42,42,67,93,93,107,119,119,119,193,193,207,207,217,242,242,242,273,290,290,134,159,172,172,199,199,199],"floor_reached":51,"playtime":2845,"items_purged":["Parasite","Defend_R","Strike_R"],"score":1721,"play_id":"632d7fc2-dc12-43af-b0f1-f8f591f98998","local_time":"20201216115959","is_ascension_mode":true,"campfire_choices":[{"data":"Bash","floor":6.0,"key":"SMITH"},{"data":"Metallicize","floor":12.0,"key":"SMITH"},{"data":"Clash","floor":15.0,"key":"SMITH"},{"data":"Berserk","floor":23,"key":"SMITH"},{"data":"Rage","floor":25,"key":"SMITH"},{"data":"Cleave","floor":28,"key":"SMITH"},{"data":"Clash","floor":32,"key":"SMITH"},{"floor":40,"key":"REST"},{"data":"Defend_R","floor":47,"key":"SMITH"},{"data":"Strike_R","floor":49,"key":"SMITH"}],"circlet_count":0,"master_deck":["AscendersBane","Strike_R","Strike_R","Strike_R+1","Defend_R+1","Defend_R","Defend_R+1","Bash+1","Clash+1","Clash+1","Cleave+1","Cleave+1","Metallicize+1","Berserk+1","Rage+1","Feed","Clash+1","Rage+1","Spot Weakness+1"],"relics":["Burning Blood","ReplayTheSpireMod:CursedCoin","Iron Hammer","Omamori","Akabeko","PreservedInsect","MealTicket","Replay:Lucky Slots","Shuriken","Ginger","Runic Cube","Replay:Blank Codex","infinitespire:Eraser","Calling Bell","Du-Vu Doll","Self Forming Clay","infinitespire:PuzzleCube","Snack Pack","ReplayTheSpireMod:Lightbulb","Art of War","Tiny Chest","infinitespire:Satchel","Ooze Armor","DollysMirror","Incense Burner","Blood Vial","Gambling Chip","ClockworkSouvenir","Blue Doll","King of Hearts"],"acts_visited":["Exordium","TheCity","TheBeyond"],"potions_floor_usage":[18,50,50],"damage_taken":[{"damage":0.0,"enemies":"2 Louse","floor":1.0,"turns":2.0},{"damage":0.0,"enemies":"Small Slimes","floor":5.0,"turns":2.0},{"damage":4.0,"enemies":"Jaw Worm","floor":7.0,"turns":2.0},{"damage":10.0,"enemies":"Gremlin Nob","floor":10.0,"turns":3.0},{"damage":6.0,"enemies":"Looter","floor":11.0,"turns":3.0},{"damage":7.0,"enemies":"3 Louse","floor":13.0,"turns":3.0},{"damage":0.0,"enemies":"Blue Slaver","floor":14.0,"turns":3.0},{"damage":0.0,"enemies":"Slime Boss","floor":16.0,"turns":8.0},{"damage":7,"enemies":"Spheric Guardian","floor":18,"turns":3},{"damage":0,"enemies":"Chosen","floor":21,"turns":4},{"damage":12,"enemies":"Slavers","floor":24,"turns":2},{"damage":0,"enemies":"Gremlin Leader","floor":27,"turns":4},{"damage":19,"enemies":"Centurion and Healer","floor":29,"turns":3},{"damage":0,"enemies":"3 Cultists","floor":30,"turns":3},{"damage":45,"enemies":"Champ","floor":33,"turns":8},{"damage":0,"enemies":"Orb Walker","floor":35,"turns":1},{"damage":34,"enemies":"3 Darklings","floor":37,"turns":3},{"damage":9,"enemies":"Mind Bloom Boss Battle","floor":38,"turns":5},{"damage":23,"enemies":"Reptomancer","floor":41,"turns":4},{"damage":15,"enemies":"Spire Growth","floor":42,"turns":4},{"damage":9,"enemies":"R_Hoarder","floor":45,"turns":5},{"damage":0,"enemies":"Jaw Worm Horde","floor":46,"turns":4},{"damage":16,"enemies":"infinitespire:MassOfShapes","floor":50,"turns":15}],"seed_played":"-4707997432829630988","potions_obtained":[{"floor":2.0,"key":"SteroidPotion"},{"floor":2.0,"key":"Explosive Potion"},{"floor":10.0,"key":"BloodPotion"},{"floor":13.0,"key":"SkillPotion"},{"floor":21,"key":"Dexterity Potion"},{"floor":27,"key":"LifebloodPotion"}],"is_trial":false,"path_per_floor":["M","?","?","$","M","R","M","?","T","E","M","R","M","M","R","B",null,"M","?","AVR","M","$","R","E","R","T","E","R","M","M","?","R","B",null,"M","AVR","M","?","?","R","E","M","T","$","E","M","R","T","R","B",null],"character_chosen":"IRONCLAD","items_purchased":["ReplayTheSpireMod:CursedCoin","Iron Hammer","Omamori","Clash","Akabeko","MealTicket","Replay:Lucky Slots","Snack Pack","ClockworkSouvenir"],"campfire_rested":1,"item_purchase_floors":[0,0,0,0,0,4,4,22,44],"current_hp_per_floor":[50,50,50,50,56,56,58,44,44,54,54,54,53,59,59,65,70,69,53,53,59,72,72,66,66,66,72,72,64,75,75,75,48,68,75,75,49,51,51,74,62,57,57,72,77,84,84,84,84,82],"gold":199,"neow_bonus":"","is_daily":false,"chose_seed":false,"campfire_upgraded":9,"win_rate":0.0,"timestamp":1608148799,"path_taken":["M","?","?","$","M","R","M","?","T","E","M","R","M","M","R","BOSS","M","?","AVR","M","$","R","E","R","T","E","R","M","M","?","R","BOSS","M","AVR","M","?","?","R","E","M","T","$","E","M","R","?","R","BOSS"],"items_purchased_type":["Relic","Relic","Relic","Card","Relic","Relic","Relic","Relic","Relic"],"build_version":"2020-12-13","purchased_purges":3,"victory":true,"max_hp_per_floor":[72,72,72,72,72,72,72,72,72,72,72,72,72,72,72,72,72,72,72,72,72,72,72,72,72,72,72,72,75,75,75,75,75,75,75,75,75,78,78,78,81,81,81,81,81,84,84,84,84,84],"card_choices":[{"not_picked":["Dual Wield","Defy Death","Seeing Red"],"picked":"SKIP","floor":1.0},{"not_picked":["Power Through","Inflame"],"picked":"Cleave","floor":2.0},{"not_picked":["Clothesline","Feel No Pain"],"picked":"Cleave","floor":5.0},{"not_picked":["Sentinel","Anger"],"picked":"Metallicize","floor":7.0},{"not_picked":["Juggernaut","Havoc","infinitespire:OneForAll"],"picked":"SKIP","floor":10.0},{"not_picked":["Perfected Strike","Twin Strike","Havoc"],"picked":"SKIP","floor":11.0},{"not_picked":["Heavy Blade","Twin Strike","Bludgeon"],"picked":"SKIP","floor":13.0},{"not_picked":["Wild Strike","Anger","Searing Blow"],"picked":"SKIP","floor":14.0},{"not_picked":["Juggernaut","Barricade"],"picked":"Berserk","floor":16.0},{"not_picked":["Shrug It Off","Pommel Strike+1","Dark Embrace"],"picked":"SKIP","floor":18},{"not_picked":["Thunderclap","Entrench"],"picked":"Rage","floor":21},{"not_picked":["Wild Strike+1","True Grit","Reckless Charge+1"],"picked":"SKIP","floor":24},{"not_picked":["Headbutt","Shrug It Off+1"],"picked":"Feed","floor":27},{"not_picked":["Run Through","Twin Strike","ReplayTheSpireMod:Strike From Hell"],"picked":"SKIP","floor":29},{"not_picked":["Battle Trance","ReplayTheSpireMod:Strike From Hell"],"picked":"Clash+1","floor":30},{"not_picked":["Flex","Fire Breathing+1","Headbutt"],"picked":"SKIP","floor":35},{"not_picked":["Havoc","Hemokinesis"],"picked":"Spot Weakness+1","floor":37},{"not_picked":["Iron Wave","Barricade","Metallicize"],"picked":"SKIP","floor":41},{"not_picked":["Cleave","Seeing Red","Armaments+1"],"picked":"SKIP","floor":42},{"not_picked":["infinitespire:OneForAll","Havoc","Body Slam"],"picked":"SKIP","floor":45},{"not_picked":["True Grit","Rampage","Power Through"],"picked":"SKIP","floor":46}],"player_experience":305595,"relics_obtained":[{"floor":2.0,"key":"PreservedInsect"},{"floor":9.0,"key":"Shuriken"},{"floor":10.0,"key":"Ginger"},{"floor":19,"key":"Replay:Blank Codex"},{"floor":20,"key":"Du-Vu Doll"},{"floor":20,"key":"Self Forming Clay"},{"floor":20,"key":"infinitespire:PuzzleCube"},{"floor":24,"key":"ReplayTheSpireMod:Lightbulb"},{"floor":26,"key":"Art of War"},{"floor":27,"key":"Tiny Chest"},{"floor":38,"key":"Incense Burner"},{"floor":41,"key":"Blood Vial"},{"floor":43,"key":"Gambling Chip"},{"floor":45,"key":"Blue Doll"},{"floor":48,"key":"King of Hearts"}],"event_choices":[{"damage_healed":58.0,"max_hp_gain":0.0,"max_hp_loss":72.0,"gold_gain":0.0,"event_name":"betterThird:BetterShining","player_choice":"Upgrade","floor":8.0,"gold_loss":0.0,"damage_taken":14.0,"cards_upgraded":["Defend_R","Cleave"]},{"damage_healed":0,"gold_gain":0,"player_choice":"Obtained Book","damage_taken":16,"max_hp_gain":0,"max_hp_loss":0,"event_name":"Cursed Tome","floor":19,"gold_loss":0},{"damage_healed":0,"gold_gain":0,"player_choice":"Opened","damage_taken":0,"relics_obtained":["infinitespire:Satchel"],"max_hp_gain":0,"max_hp_loss":0,"event_name":"The Mausoleum","floor":31,"gold_loss":0},{"damage_healed":0,"gold_gain":0,"player_choice":"Fight","damage_taken":0,"max_hp_gain":0,"max_hp_loss":0,"event_name":"MindBloom","floor":38,"gold_loss":0},{"cards_removed":["Strike_R"],"damage_healed":0,"gold_gain":0,"player_choice":"Removed Attack","damage_taken":0,"max_hp_gain":0,"max_hp_loss":0,"event_name":"Falling","floor":39,"gold_loss":0}],"is_beta":false,"boss_relics":[{"not_picked":["Replay:Bronze Core","ChewingGum"],"picked":"Runic Cube"},{"not_picked":["Replay:Drink Me","Kintsugi"],"picked":"Ooze Armor"}],"items_purged_floors":[0,0,36],"is_endless":false,"potions_floor_spawned":[5,7,10,13,14,21,27,38,42,45],"ascension_level":14}}