{"host":"7ng250kq93p51zyj","time":1608088242,"event":{"mods":["Act Like it!","Aspiration","BaseMod","BetterRewards","Card Forge","Colored Powertips","Energized Spire","Gensokyo","KinomotoSakuraMod(ñÿîVñ{?)","MarisaÅiñ∂âJÅ@ñÇóùçπÅj","Minty Spire (QoL Compilation)","Permanent Neow","Prisma Mod","Replay The Spire","StSLib","The Alterego","The Animator","The Servant 0.9.4","TheSwordswoman"],"gold_per_floor":[115,290,305,305,323,341,355,379,379,379,391,422,440,465,536,631,631,643,200,213,213,230,256,256,275,275,288,288,300,300,146,146,255,255,270,283,300,300,314,314,334,345,370,382,394,0,19,37,37,37,37],"floor_reached":50,"playtime":4885,"items_purged":[],"score":907,"play_id":"ffc58c98-e1d7-41b0-bce0-b732595bcd30","local_time":"20201216041042","is_ascension_mode":false,"campfire_choices":[{"floor":10.0,"key":"RECALL"},{"floor":24.0,"key":"REST"},{"floor":28.0,"key":"REST"},{"floor":32.0,"key":"REST"},{"floor":40.0,"key":"REST"},{"floor":44,"key":"REST"},{"floor":49,"key":"REST"}],"circlet_count":0,"master_deck":["alterego_mod:Strike","alterego_mod:Strike","alterego_mod:Defend","alterego_mod:Defend","alterego_mod:Defend","alterego_mod:Defend+4","alterego_mod:Impale+1","alterego_mod:BigMeatyClaws+1","alterego_mod:BrynhildrsRune+1","alterego_mod:Rip+1","alterego_mod:DeftHands+1","alterego_mod:VirginLaserPalladion+1","alterego_mod:GoddessCore+1","alterego_mod:HighServant+1","alterego_mod:Nekomimi+1","alterego_mod:BiFurious+1","alterego_mod:ClassAdvantage+1","alterego_mod:BrynhildrRomantia+1","alterego_mod:Rake+1","alterego_mod:Undulate+1","alterego_mod:Collar+1","alterego_mod:Belts+1","alterego_mod:Valentines+1","alterego_mod:Birthday+1","alterego_mod:Bounce+1","alterego_mod:BreastValley+1","alterego_mod:Venus+1","alterego_mod:GoddessCore+1","alterego_mod:Mirror+1","alterego_mod:Smother+1","alterego_mod:GIGAMILK+1","alterego_mod:Undulate+1","alterego_mod:Exercise+1","alterego_mod:Santa+1","alterego_mod:MagicResistance+1"],"relics":["alterego_mod:MasochisticConstitution","Hammer of Thor","Seething Fire","Anvil of the Gods","Simple Rune","Smiling Mask","Odd Mushroom","Lantern","TungstenRod","Gremlin Food","energizedSpire:RedRose","Strange Spoon","Du-Vu Doll","Replay:Mystery Machine","GremlinMask","Pen Nib","Velvet Choker","MawBank","Oddly Smooth Stone","Divine Protection"],"acts_visited":["Exordium","TheCity","TheBeyond"],"potions_floor_usage":[],"damage_taken":[{"damage":0.0,"enemies":"Jaw Worm","floor":1.0,"turns":1.0},{"damage":0.0,"enemies":"2 Louse","floor":3.0,"turns":2.0},{"damage":0.0,"enemies":"Cultist","floor":5.0,"turns":3.0},{"damage":6.0,"enemies":"Large Slime","floor":6.0,"turns":3.0},{"damage":14.0,"enemies":"Exordium Thugs","floor":7.0,"turns":3.0},{"damage":0.0,"enemies":"The Mushroom Lair","floor":8.0,"turns":2.0},{"damage":0.0,"enemies":"Red Slaver","floor":11.0,"turns":2.0},{"damage":2.0,"enemies":"3 Sentries","floor":12.0,"turns":6.0},{"damage":0.0,"enemies":"Looter","floor":13.0,"turns":1.0},{"damage":11.0,"enemies":"Gremlin Nob","floor":14.0,"turns":5.0},{"damage":0.0,"enemies":"Slime Boss","floor":16.0,"turns":4.0},{"damage":9.0,"enemies":"2 Thieves","floor":18.0,"turns":2.0},{"damage":8.0,"enemies":"Chosen","floor":20.0,"turns":2.0},{"damage":23.0,"enemies":"Shelled Parasite and Fungi","floor":22.0,"turns":3.0},{"damage":25.0,"enemies":"Book of Stabbing","floor":23.0,"turns":5.0},{"damage":18.0,"enemies":"Snake Plant","floor":25.0,"turns":3.0},{"damage":0.0,"enemies":"Centurion and Healer","floor":27.0,"turns":3.0},{"damage":5.0,"enemies":"3 Cultists","floor":29.0,"turns":6.0},{"damage":1.0,"enemies":"Pondfish","floor":33.0,"turns":10.0},{"damage":0.0,"enemies":"3 Shapes","floor":35.0,"turns":3.0},{"damage":11.0,"enemies":"Orb Walker","floor":36.0,"turns":3.0},{"damage":12.0,"enemies":"3 Darklings","floor":37.0,"turns":3.0},{"damage":53.0,"enemies":"Sphere and 2 Shapes","floor":39.0,"turns":4.0},{"damage":6.0,"enemies":"Transient","floor":41.0,"turns":5.0},{"damage":21,"enemies":"3 Darklings","floor":42,"turns":6},{"damage":36,"enemies":"4 Shapes","floor":47,"turns":6},{"damage":10,"enemies":"Maw","floor":48,"turns":7},{"damage":46,"enemies":"Replay:Hell Engine","floor":50,"turns":7}],"seed_played":"-16869770180689406","potions_obtained":[{"floor":6.0,"key":"SpeedPotion"},{"floor":7.0,"key":"Toxic Potion"},{"floor":8.0,"key":"BlessingOfTheForge"},{"floor":20.0,"key":"Adrenaline Potion"}],"is_trial":false,"path_per_floor":["M","?","M","?","M","M","M","?","T","R","M","E","M","E","R","B",null,"M","$","M","?","M","E","R","M","T","M","R","M","?","$","R","B",null,"M","M","M","?","M","R","M","M","T","R","?","$","M","M","R","B"],"character_chosen":"The_Alterego","items_purchased":["Strange Spoon","Du-Vu Doll","Pen Nib","Oddly Smooth Stone","Divine Protection"],"campfire_rested":6,"item_purchase_floors":[19,19,31,46,46],"current_hp_per_floor":[70,70,70,70,70,65,52,52,52,52,52,51,51,41,41,41,74,66,66,66,66,44,20,43,26,26,43,66,83,83,83,84,85,85,85,75,67,67,15,41,36,19,19,46,46,46,14,15,42,0,0],"gold":37,"neow_bonus":"RANDOM_COMMON_RELIC","is_daily":false,"chose_seed":false,"campfire_upgraded":0,"win_rate":0.0,"timestamp":1608088242,"path_taken":["M","?","M","?","?","M","M","?","T","R","M","E","M","E","R","BOSS","M","$","M","?","M","E","R","M","T","?","R","M","?","$","R","BOSS","M","M","M","?","M","R","M","M","T","R","?","?","M","?","R","BOSS"],"items_purchased_type":["Relic","Relic","Relic","Relic","Relic"],"build_version":"2020-12-13","purchased_purges":0,"victory":false,"max_hp_per_floor":[70,70,70,70,70,71,72,72,72,72,72,73,73,74,74,74,74,75,75,76,76,77,78,78,79,79,79,79,84,84,84,84,85,85,85,86,87,87,88,88,89,90,90,90,90,90,91,92,92,92,92],"card_choices":[{"not_picked":["alterego_mod:Smother","alterego_mod:Undulate"],"picked":"alterego_mod:Cycle","floor":1.0},{"not_picked":["alterego_mod:Exercise","alterego_mod:Cushion"],"picked":"alterego_mod:Rip","floor":3.0},{"not_picked":["alterego_mod:DustData","alterego_mod:Smother"],"picked":"alterego_mod:DeftHands","floor":5.0},{"not_picked":["alterego_mod:Table","alterego_mod:Mirror"],"picked":"alterego_mod:VirginLaserPalladion","floor":6.0},{"not_picked":["alterego_mod:Santa","alterego_mod:Swimsuit"],"picked":"alterego_mod:GoddessCore","floor":7.0},{"not_picked":["alterego_mod:Complex","alterego_mod:Jiggle"],"picked":"alterego_mod:HighServant","floor":8.0},{"not_picked":["alterego_mod:GachaTicket","alterego_mod:Undulate"],"picked":"alterego_mod:Nekomimi","floor":11.0},{"not_picked":["alterego_mod:Crossover","alterego_mod:1TonWallop"],"picked":"alterego_mod:BiFurious","floor":12.0},{"not_picked":["alterego_mod:DeftHands","alterego_mod:Maid"],"picked":"alterego_mod:ClassAdvantage","floor":13.0},{"not_picked":["alterego_mod:Belle","alterego_mod:BreastValley"],"picked":"alterego_mod:BrynhildrRomantia","floor":14.0},{"not_picked":["alterego_mod:Venus","alterego_mod:GIGAMILK"],"picked":"alterego_mod:Rake","floor":16.0},{"not_picked":["alterego_mod:Jiggle+1","alterego_mod:BustOut+1"],"picked":"alterego_mod:Undulate+1","floor":18.0},{"not_picked":["alterego_mod:Punishment+1","alterego_mod:DiscoLights"],"picked":"alterego_mod:Collar+1","floor":20.0},{"not_picked":["alterego_mod:BoobPocket+1","alterego_mod:Punishment"],"picked":"alterego_mod:Valentines","floor":22.0},{"not_picked":["alterego_mod:RocketPunch","alterego_mod:Punishment"],"picked":"alterego_mod:Birthday","floor":23.0},{"not_picked":["alterego_mod:Cooking","alterego_mod:DeftHands"],"picked":"alterego_mod:Bounce","floor":25.0},{"not_picked":["alterego_mod:Rake","alterego_mod:Cushion+1"],"picked":"alterego_mod:BreastValley+1","floor":27.0},{"not_picked":["alterego_mod:GoddessCore","alterego_mod:Birthday"],"picked":"alterego_mod:Belle+1","floor":29.0},{"not_picked":["alterego_mod:Valkyrie","alterego_mod:BrynhildrRomantia"],"picked":"alterego_mod:Venus","floor":33.0},{"not_picked":["alterego_mod:Birthday","alterego_mod:Skirt+1"],"picked":"alterego_mod:GoddessCore+1","floor":35.0},{"not_picked":["alterego_mod:Bunnysuit","alterego_mod:Belts"],"picked":"alterego_mod:Mirror+1","floor":36.0},{"not_picked":["alterego_mod:Punishment","alterego_mod:SakuraPetals"],"picked":"alterego_mod:Smother+1","floor":37.0},{"not_picked":["alterego_mod:Mirror","alterego_mod:SakuraFive+1"],"picked":"alterego_mod:GIGAMILK","floor":39.0},{"not_picked":["alterego_mod:Swimsuit","alterego_mod:Complex+1"],"picked":"alterego_mod:Undulate","floor":41.0},{"not_picked":["alterego_mod:1TonWallop","alterego_mod:Table"],"picked":"alterego_mod:Exercise","floor":42},{"not_picked":["alterego_mod:Skirt","alterego_mod:Bunnysuit"],"picked":"alterego_mod:Santa+1","floor":47},{"not_picked":["alterego_mod:Maid+1","alterego_mod:Mirror+1"],"picked":"alterego_mod:MagicResistance+1","floor":48}],"player_experience":299468,"relics_obtained":[{"floor":8.0,"key":"Odd Mushroom"},{"floor":9.0,"key":"Lantern"},{"floor":12.0,"key":"TungstenRod"},{"floor":14.0,"key":"Gremlin Food"},{"floor":23.0,"key":"Replay:Mystery Machine"},{"floor":43,"key":"MawBank"}],"event_choices":[{"damage_healed":0.0,"max_hp_gain":0.0,"max_hp_loss":0.0,"gold_gain":175.0,"event_name":"Liars Game","player_choice":"AGREE","floor":2.0,"gold_loss":0.0,"damage_taken":0.0,"cards_obtained":["Doubt"]},{"cards_removed":["alterego_mod:Cycle"],"damage_healed":0.0,"max_hp_gain":0.0,"max_hp_loss":0.0,"gold_gain":0.0,"event_name":"WeMeetAgain","player_choice":"Gave Card","floor":4.0,"gold_loss":0.0,"damage_taken":0.0,"relics_obtained":["Smiling Mask"]},{"damage_healed":0.0,"max_hp_gain":0.0,"max_hp_loss":0.0,"gold_gain":0.0,"event_name":"Mushrooms","player_choice":"Fought Mushrooms","floor":8.0,"gold_loss":0.0,"damage_taken":0.0},{"damage_healed":0.0,"max_hp_gain":0.0,"max_hp_loss":0.0,"gold_gain":0.0,"cards_transformed":["alterego_mod:Strike"],"event_name":"Transmorgrifier","player_choice":"Transformed","floor":21.0,"gold_loss":0.0,"damage_taken":0.0,"cards_obtained":["alterego_mod:Belts"]},{"damage_healed":0.0,"max_hp_gain":0.0,"max_hp_loss":0.0,"gold_gain":0.0,"event_name":"FaceTrader","player_choice":"Trade","floor":30.0,"gold_loss":0.0,"damage_taken":0.0,"relics_obtained":["GremlinMask"]},{"damage_healed":0,"gold_gain":0,"player_choice":"Memory 1","damage_taken":0,"max_hp_gain":0,"max_hp_loss":0,"event_name":"SensoryStone","floor":45,"gold_loss":0}],"is_beta":false,"boss_relics":[{"not_picked":["aspiration:DefectSkillbook","Abe\u0027s Treasure"],"picked":"energizedSpire:RedRose"},{"not_picked":["Snecko Eye","aspiration:MarisaSkillbook"],"picked":"Velvet Choker"}],"items_purged_floors":[],"is_endless":false,"potions_floor_spawned":[1,6,7,8,11,12,20,25,27,36,42],"killed_by":"Replay:Hell Engine","ascension_level":0}}