{"host":"77pvex58kafzx78l","time":1608119888,"event":{"mods":["BaseMod","Better Vampires","DeckTracker","Googly Eyes","Minty Spire (QoL Compilation)","Quick Restart","StSLib","SuperFastMode"],"gold_per_floor":[115,115,125,140,158,158,189,189,189,214,214,231,21,34,34,108,108,118,43,43,57,57,57,70,90,90,189,208,218,143,153,153,153,153],"floor_reached":33,"playtime":1263,"items_purged":["Strike_P"],"score":571,"play_id":"90094ea4-d299-4a68-be80-5ab8f43e1db1","local_time":"20201216195808","is_ascension_mode":true,"campfire_choices":[{"data":"Eruption","floor":6.0,"key":"SMITH"},{"data":"SignatureMove","floor":8.0,"key":"SMITH"},{"data":"Apotheosis","floor":15.0,"key":"SMITH"},{"data":"ClearTheMind","floor":23.0,"key":"SMITH"},{"floor":32,"key":"REST"}],"circlet_count":0,"master_deck":["AscendersBane","Defend_P","Defend_P","Eruption+1","Vigilance","Halt","ClearTheMind+1","SignatureMove+1","EmptyBody","Pray","WreathOfFlame","Apotheosis+1","Halt","Devotion","Prostrate","Fasting2+1","InnerPeace"],"relics":["PureWater","FaceOfCleric","Incense Burner","Lizard Tail","Bottled Lightning","Empty Cage","Anchor"],"acts_visited":["Exordium","TheCity"],"potions_floor_usage":[31,31],"damage_taken":[{"damage":5.0,"enemies":"Small Slimes","floor":1.0,"turns":3.0},{"damage":0.0,"enemies":"Cultist","floor":3.0,"turns":3.0},{"damage":9.0,"enemies":"Jaw Worm","floor":4.0,"turns":3.0},{"damage":0.0,"enemies":"Exordium Wildlife","floor":5.0,"turns":3.0},{"damage":21.0,"enemies":"3 Sentries","floor":7.0,"turns":7.0},{"damage":18.0,"enemies":"Gremlin Nob","floor":10.0,"turns":3.0},{"damage":0.0,"enemies":"Looter","floor":12.0,"turns":2.0},{"damage":3.0,"enemies":"Blue Slaver","floor":14.0,"turns":10.0},{"damage":0.0,"enemies":"Slime Boss","floor":16.0,"turns":7.0},{"damage":12.0,"enemies":"Spheric Guardian","floor":18.0,"turns":5.0},{"damage":7.0,"enemies":"3 Byrds","floor":21.0,"turns":5.0},{"damage":16.0,"enemies":"3 Cultists","floor":24.0,"turns":7.0},{"damage":21.0,"enemies":"Snake Plant","floor":25.0,"turns":2.0},{"damage":0.0,"enemies":"Centurion and Healer","floor":28.0,"turns":6.0},{"damage":0.0,"enemies":"Snecko","floor":29.0,"turns":4.0},{"damage":0,"enemies":"Cultist and Chosen","floor":31,"turns":5},{"damage":28,"enemies":"Automaton","floor":33,"turns":8}],"seed_played":"-7165649911406114734","potions_obtained":[{"floor":5.0,"key":"LiquidMemories"},{"floor":7.0,"key":"Block Potion"},{"floor":14.0,"key":"FearPotion"},{"floor":31,"key":"Fruit Juice"}],"is_trial":false,"path_per_floor":["M","?","M","M","M","R","E","R","T","E","?","M","$","M","R","B",null,"M","?","$","M","?","R","M","M","T","?","M","M","$","M","R","B"],"character_chosen":"WATCHER","items_purchased":["Apotheosis","Halt"],"campfire_rested":1,"item_purchase_floors":[13,13],"current_hp_per_floor":[56,56,57,49,50,50,30,30,30,13,13,14,14,12,12,13,56,45,45,45,39,39,39,24,4,4,4,5,6,6,12,36,8,8],"gold":153,"neow_bonus":"REMOVE_TWO","is_daily":false,"chose_seed":false,"campfire_upgraded":4,"win_rate":0.0,"timestamp":1608119888,"path_taken":["M","?","M","M","?","R","E","R","T","E","?","M","?","M","R","BOSS","M","?","$","M","?","R","M","M","T","?","M","M","$","?","R","BOSS"],"items_purchased_type":["Card","Card"],"build_version":"2020-12-13","purchased_purges":1,"victory":false,"max_hp_per_floor":[62,62,63,64,65,65,66,66,66,67,67,68,68,69,69,70,70,71,71,71,72,72,72,73,74,74,74,75,76,76,82,82,82,82],"card_choices":[{"not_picked":["Protect","CrushJoints"],"picked":"Halt","floor":1.0},{"not_picked":["Conclude","EmptyBody"],"picked":"ClearTheMind","floor":3.0},{"not_picked":["BowlingBash","CrushJoints"],"picked":"SignatureMove","floor":4.0},{"not_picked":["Meditate","Wireheading"],"picked":"EmptyBody","floor":5.0},{"not_picked":["JustLucky","SpiritShield"],"picked":"Pray","floor":7.0},{"not_picked":["CrushJoints","FlyingSleeves","JustLucky"],"picked":"SKIP","floor":10.0},{"not_picked":["FollowUp","LikeWater"],"picked":"WreathOfFlame","floor":12.0},{"not_picked":["EmptyBody","WreathOfFlame","FollowUp"],"picked":"SKIP","floor":14.0},{"not_picked":["Blasphemy","MasterReality"],"picked":"Devotion","floor":16.0},{"not_picked":["Crescendo","FlyingSleeves"],"picked":"Prostrate","floor":18.0},{"not_picked":["CrushJoints","Prostrate","Wallop"],"picked":"SKIP","floor":21.0},{"not_picked":["WheelKick","Indignation+1"],"picked":"Fasting2+1","floor":24.0},{"not_picked":["WheelKick","EmptyBody"],"picked":"InnerPeace","floor":25.0},{"not_picked":["Wireheading","CutThroughFate","ClearTheMind"],"picked":"SKIP","floor":28.0},{"not_picked":["Meditate+1","SashWhip","Evaluate"],"picked":"SKIP","floor":29.0},{"not_picked":["SashWhip","BattleHymn","ClearTheMind+1"],"picked":"SKIP","floor":31}],"player_experience":274948,"relics_obtained":[{"floor":7.0,"key":"Incense Burner"},{"floor":9.0,"key":"Lizard Tail"},{"floor":10.0,"key":"Bottled Lightning"},{"floor":26.0,"key":"Anchor"}],"event_choices":[{"damage_healed":0.0,"max_hp_gain":0.0,"max_hp_loss":0.0,"gold_gain":0.0,"event_name":"FaceTrader","player_choice":"Trade","floor":2.0,"gold_loss":0.0,"damage_taken":0.0,"relics_obtained":["FaceOfCleric"]},{"damage_healed":0.0,"max_hp_gain":0.0,"max_hp_loss":0.0,"gold_gain":0.0,"event_name":"Liars Game","player_choice":"Ignored","floor":11.0,"gold_loss":0.0,"damage_taken":0.0},{"cards_removed":["Strike_P"],"damage_healed":0.0,"max_hp_gain":0.0,"max_hp_loss":0.0,"gold_gain":0.0,"event_name":"Beggar","player_choice":"Gave Gold","floor":19.0,"gold_loss":75.0,"damage_taken":0.0},{"damage_healed":0.0,"max_hp_gain":0.0,"max_hp_loss":0.0,"gold_gain":99.0,"event_name":"Nest","player_choice":"Stole From Cult","floor":27.0,"gold_loss":0.0,"damage_taken":0.0}],"is_beta":false,"boss_relics":[{"not_picked":["SacredBark","HolyWater"],"picked":"Empty Cage"}],"items_purged_floors":[30],"is_endless":false,"potions_floor_spawned":[5,7,14,16,18,31],"killed_by":"Automaton","ascension_level":14}}