{"host":"Rich","time":1608147717,"event":{"mods":["AchievementEnabler","BaseMod","Highlight Path","Minty Spire (QoL Compilation)","Relic Stats"],"gold_per_floor":[113,133,133,146,146,146,146],"floor_reached":6,"playtime":184,"items_purged":[],"score":72,"play_id":"3a8e8692-d51d-4cfb-be6e-9ec4c6c9e7bb","local_time":"20201216144157","is_ascension_mode":true,"campfire_choices":[],"circlet_count":0,"master_deck":["AscendersBane","Strike_G","Strike_G","Strike_G","Strike_G","Defend_G","Defend_G","Defend_G","Defend_G","Defend_G","Survivor","Neutralize","Dagger Spray","Cloak And Dagger+1","Accuracy","Choke"],"relics":["Ring of the Snake","Bird Faced Urn"],"acts_visited":["Exordium"],"potions_floor_usage":[],"damage_taken":[{"damage":3,"enemies":"Jaw Worm","floor":1,"turns":6},{"damage":2,"enemies":"Small Slimes","floor":2,"turns":3},{"damage":3,"enemies":"Cultist","floor":4,"turns":5},{"damage":10,"enemies":"3 Sentries","floor":6,"turns":4}],"seed_played":"-5282685374284597632","potions_obtained":[],"is_trial":false,"path_per_floor":["M","M","?","M","?","E"],"character_chosen":"THE_SILENT","items_purchased":[],"campfire_rested":0,"item_purchase_floors":[],"current_hp_per_floor":[56,54,54,51,51,43,43],"gold":146,"neow_bonus":"ONE_RARE_RELIC","is_daily":false,"chose_seed":false,"campfire_upgraded":0,"win_rate":0.0,"timestamp":1608147717,"path_taken":["M","M","?","M","?","E"],"items_purchased_type":[],"build_version":"2020-12-07","purchased_purges":0,"victory":false,"max_hp_per_floor":[60,60,60,60,60,60,60],"relic_stats":{"counters":[4,18],"Bird Faced Urn":[2],"obtain_stats":[{"Bird Faced Urn":0,"Ring of the Snake":0},{"Bird Faced Urn":0,"Ring of the Snake":0},{"Bird Faced Urn":0,"Ring of the Snake":0}],"Ring of the Snake":[8]},"card_choices":[{"not_picked":["Dodge and Roll","PiercingWail"],"picked":"Dagger Spray","floor":1},{"not_picked":["Backflip","Underhanded Strike"],"picked":"Cloak And Dagger","floor":2},{"not_picked":["Skewer","Riddle With Holes"],"picked":"Accuracy","floor":4}],"player_experience":1908687,"relics_obtained":[],"event_choices":[{"damage_healed":0,"gold_gain":0,"player_choice":"Grow","damage_taken":0,"max_hp_gain":0,"max_hp_loss":0,"event_name":"Living Wall","floor":3,"gold_loss":0,"cards_upgraded":["Cloak And Dagger"]},{"damage_healed":0,"gold_gain":0,"cards_transformed":["Strike_G"],"player_choice":"Transformed","damage_taken":0,"max_hp_gain":0,"max_hp_loss":0,"event_name":"Transmorgrifier","floor":5,"gold_loss":0,"cards_obtained":["Choke"]}],"is_beta":true,"boss_relics":[],"items_purged_floors":[],"is_endless":false,"potions_floor_spawned":[],"killed_by":"3 Sentries","ascension_level":20}}