{"host":"elnvswdbusdewy2q","time":1608156118,"event":{"mods":["2.2 Compatiblity","BaseMod","CapriCore","Colored Map","Hermit","Koishi","Lobotomy","Marisa£¨Ùöéë¡¡Øª×âÞÞ£©","Minty Spire (QoL Compilation)","Rare Cards Sparkle","StSLib","Td1madao Mod","The Bug Knight","The Cursed","The Dragon Tamer","The Gatherer","The Hierophant","The Immortal","The Poker Player","The Runesmith","WarShipGirlsR/??á´Ò³R mod"],"gold_per_floor":[116,116,291,50,68,68,68,68,68,33,63,63,63,94,94,94,94],"floor_reached":16,"playtime":357,"items_purged":[],"score":114,"play_id":"d38fe182-f8e0-491f-9a41-0cb2eb750069","local_time":"20201217070158","is_ascension_mode":true,"campfire_choices":[{"data":"rmod:aviationdawn","floor":6,"key":"SMITH"},{"data":"rmod:basicallowance","floor":8,"key":"SMITH"},{"data":"rmod:maintain","floor":12,"key":"SMITH"},{"floor":15,"key":"REST"}],"circlet_count":0,"master_deck":["rmod:strick","rmod:strick","rmod:strick","rmod:strick","rmod:defend","rmod:defend","rmod:defend","rmod:basicallowance+1","rmod:maingunfire","rmod:maintain+1","Doubt","rmod:aviationdawn+1","rmod:openingtorpedo","rmod:garrisonisland"],"relics":["rmod:firstchargereward","Gremlin Horn","Toxic Egg 2","Vajra","Sundial","Toy Ornithopter"],"acts_visited":["Exordium"],"potions_floor_usage":[5,11,16],"damage_taken":[{"damage":5,"enemies":"Jaw Worm","floor":1,"turns":3},{"damage":4,"enemies":"Small Slimes","floor":5,"turns":4},{"damage":12,"enemies":"Lagavulin","floor":11,"turns":4},{"damage":30,"enemies":"Gremlin Nob","floor":14,"turns":4},{"damage":62,"enemies":"The Guardian","floor":16,"turns":6}],"seed_played":"-93355760713910601","potions_obtained":[{"floor":0,"key":"DuplicationPotion"},{"floor":0,"key":"SkillPotion"},{"floor":0,"key":"SteroidPotion"},{"floor":11,"key":"SpeedPotion"}],"is_trial":false,"path_per_floor":["M","?","?","$","M","R","T","R","T","?","E","R","$","E","R","B"],"character_chosen":"PRAEFECT","items_purchased":["Gremlin Horn"],"campfire_rested":1,"item_purchase_floors":[4],"current_hp_per_floor":[70,63,63,63,59,59,59,59,59,75,63,63,63,33,55,0,0],"gold":94,"neow_bonus":"THREE_SMALL_POTIONS","is_daily":false,"chose_seed":false,"campfire_upgraded":3,"win_rate":0.0,"timestamp":1608156118,"path_taken":["M","?","?","$","M","R","?","R","T","?","E","R","$","E","R","BOSS"],"items_purchased_type":["Relic"],"build_version":"2020-12-13","purchased_purges":0,"victory":false,"max_hp_per_floor":[75,75,75,75,75,75,75,75,75,75,75,75,75,75,75,75,75],"card_choices":[{"not_picked":["rmod:diamondstrike","rmod:smokecover"],"picked":"rmod:maintain","floor":1},{"not_picked":["rmod:luckystar","rmod:tearstotiara"],"picked":"rmod:aviationdawn","floor":5},{"not_picked":["rmod:intelligenceanalysis","rmod:diamondstrike"],"picked":"rmod:openingtorpedo","floor":11},{"not_picked":["rmod:wolves","rmod:secretscript"],"picked":"rmod:garrisonisland","floor":14}],"player_experience":510111,"relics_obtained":[{"floor":7,"key":"Toxic Egg 2"},{"floor":9,"key":"Vajra"},{"floor":11,"key":"Sundial"},{"floor":14,"key":"Toy Ornithopter"}],"event_choices":[{"cards_removed":["rmod:defend"],"damage_healed":0,"gold_gain":0,"player_choice":"Card Removal","damage_taken":7,"max_hp_gain":0,"max_hp_loss":0,"event_name":"Golden Wing","floor":2,"gold_loss":0},{"damage_healed":0,"gold_gain":175,"player_choice":"AGREE","damage_taken":0,"max_hp_gain":0,"max_hp_loss":0,"event_name":"Liars Game","floor":3,"gold_loss":0,"cards_obtained":["Doubt"]},{"damage_healed":18,"gold_gain":0,"player_choice":"Healed","damage_taken":0,"max_hp_gain":0,"max_hp_loss":0,"event_name":"The Cleric","floor":10,"gold_loss":35}],"is_beta":false,"boss_relics":[],"items_purged_floors":[],"is_endless":false,"potions_floor_spawned":[11],"killed_by":"The Guardian","ascension_level":2}}