{"host":"7gewg82ormp6yt4e","time":1608125399,"event":{"mods":["BaseMod","Block Reminder","Colored Map","Colored Powertips","DeckTracker","Highlight Path","Minty Spire (QoL Compilation)","Relic Stats","StSLib"],"gold_per_floor":[109,109,126,5,20,47,47,81,81,81,111,111,131,147,147,221,221,233,233,103,103,153,153,179,196,196,224,238,238,269,284,284,362,362,375,395,266,266,282,301,43,43,43,70,90,103,153,186,186,186,186,186,186,24,53,53],"floor_reached":57,"playtime":4794,"items_purged":[],"score":2855,"play_id":"cbc7aa03-807c-4be1-acf9-1162c32065b7","local_time":"20201216222959","is_ascension_mode":true,"campfire_choices":[{"floor":10.0,"key":"REST"},{"data":"Bullet Time","floor":12.0,"key":"SMITH"},{"data":"Bouncing Flask","floor":15.0,"key":"SMITH"},{"data":"1","floor":23.0,"key":"LIFT"},{"data":"2","floor":29.0,"key":"LIFT"},{"data":"3","floor":32.0,"key":"LIFT"},{"floor":42.0,"key":"RECALL"},{"floor":49.0,"key":"REST"},{"floor":53.0,"key":"REST"}],"circlet_count":0,"master_deck":["AscendersBane","Strike_G+1","Strike_G+1","Defend_G+1","Defend_G+1","Defend_G+1","Defend_G+1","Defend_G+1","Survivor+1","Neutralize","Bullet Time+1","Deadly Poison","Underhanded Strike+1","Bouncing Flask+1","Predator","Caltrops","Crippling Poison","Noxious Fumes","Dash+1","Acrobatics+1","Crippling Poison+1","Acrobatics+1","Venomology+1","Calculated Gamble+1","Corpse Explosion+1","Bouncing Flask+1","PiercingWail+1","Sucker Punch+1","Outmaneuver+1","Eviscerate","Bouncing Flask+1","Dodge and Roll+1","Catalyst+1","Deadly Poison+1","Backflip+1","Backflip+1","Reflex+1","Adrenaline+1","Prepared+1","Outmaneuver+1","Blur+1","Footwork","Acrobatics+1","Deflect+1","Crippling Poison+1","Catalyst+1","Catalyst+1","PiercingWail+1"],"relics":["Ring of the Snake","Girya","Bottled Flame","Toxic Egg 2","The Courier","Fusion Hammer","Orrery","Eternal Feather","Bottled Lightning","Ninja Scroll","Regal Pillow","Runic Pyramid","Whetstone","Membership Card","Oddly Smooth Stone","Bronze Scales","Bottled Tornado","Turnip","Snake Skull","Vajra","FossilizedHelix"],"acts_visited":["Exordium","TheCity","TheBeyond","TheEnding"],"potions_floor_usage":[56,56],"damage_taken":[{"damage":6.0,"enemies":"Cultist","floor":1.0,"turns":4.0},{"damage":4.0,"enemies":"Small Slimes","floor":3.0,"turns":4.0},{"damage":0.0,"enemies":"Jaw Worm","floor":5.0,"turns":3.0},{"damage":3.0,"enemies":"Lagavulin","floor":6.0,"turns":5.0},{"damage":26.0,"enemies":"3 Sentries","floor":8.0,"turns":7.0},{"damage":2.0,"enemies":"Gremlin Nob","floor":11.0,"turns":3.0},{"damage":9.0,"enemies":"Large Slime","floor":13.0,"turns":6.0},{"damage":0.0,"enemies":"Looter","floor":14.0,"turns":2.0},{"damage":6.0,"enemies":"Hexaghost","floor":16.0,"turns":6.0},{"damage":2.0,"enemies":"2 Thieves","floor":18.0,"turns":2.0},{"damage":4.0,"enemies":"Book of Stabbing","floor":24.0,"turns":4.0},{"damage":0.0,"enemies":"Spheric Guardian","floor":25.0,"turns":3.0},{"damage":6.0,"enemies":"Slavers","floor":27.0,"turns":4.0},{"damage":0.0,"enemies":"3 Cultists","floor":28.0,"turns":2.0},{"damage":0.0,"enemies":"Gremlin Leader","floor":30.0,"turns":3.0},{"damage":0.0,"enemies":"Cultist and Chosen","floor":31.0,"turns":1.0},{"damage":40.0,"enemies":"Collector","floor":33.0,"turns":7.0},{"damage":0.0,"enemies":"Orb Walker","floor":35.0,"turns":1.0},{"damage":6.0,"enemies":"3 Shapes","floor":36.0,"turns":2.0},{"damage":0.0,"enemies":"Sphere and 2 Shapes","floor":39.0,"turns":3.0},{"damage":0.0,"enemies":"4 Shapes","floor":40.0,"turns":2.0},{"damage":14.0,"enemies":"Giant Head","floor":44.0,"turns":5.0},{"damage":0.0,"enemies":"Spire Growth","floor":45.0,"turns":2.0},{"damage":10.0,"enemies":"Transient","floor":46.0,"turns":6.0},{"damage":0.0,"enemies":"2 Orb Walkers","floor":47.0,"turns":2.0},{"damage":0.0,"enemies":"Nemesis","floor":48.0,"turns":5.0},{"damage":3.0,"enemies":"Awakened One","floor":50.0,"turns":13.0},{"damage":18.0,"enemies":"Donu and Deca","floor":51.0,"turns":5.0},{"damage":27.0,"enemies":"Shield and Spear","floor":55.0,"turns":3.0},{"damage":34,"enemies":"The Heart","floor":56,"turns":6}],"seed_played":"-3076030018462175562","potions_obtained":[{"floor":3.0,"key":"Swift Potion"},{"floor":5.0,"key":"Block Potion"},{"floor":6.0,"key":"LiquidBronze"},{"floor":11.0,"key":"Fruit Juice"},{"floor":14.0,"key":"SkillPotion"},{"floor":24.0,"key":"GamblersBrew"},{"floor":27.0,"key":"LiquidMemories"},{"floor":31.0,"key":"PowerPotion"},{"floor":33.0,"key":"Strength Potion"},{"floor":36.0,"key":"LiquidMemories"},{"floor":44.0,"key":"Regen Potion"}],"is_trial":false,"path_per_floor":["M","?","M","$","M","E","?","E","T","R","E","R","M","M","R","B",null,"M","?","$","?","?","R","E","M","T","E","M","R","E","M","R","B",null,"M","M","$","?","M","M","$","R","T","E","M","M","?","E","R","B","B",null,"R","$","E","B",null],"character_chosen":"THE_SILENT","items_purchased":["Bouncing Flask","Predator","Orrery","Whetstone","Membership Card","Oddly Smooth Stone","Bronze Scales","Catalyst+1","Catalyst+1","LiquidBronze","Vajra"],"campfire_rested":3,"item_purchase_floors":[4,4,20,37,41,41,41,54,54,54,54],"current_hp_per_floor":[53,53,49,49,49,46,46,20,20,39,37,37,28,33,33,27,60,58,58,58,58,58,58,54,54,54,48,48,69,69,69,71,31,61,61,55,55,55,55,55,55,71,71,57,66,56,56,56,71,68,50,66,71,71,44,10],"gold":53,"neow_bonus":"THREE_RARE_CARDS","is_daily":false,"chose_seed":false,"campfire_upgraded":2,"win_rate":0.0,"timestamp":1608125399,"path_taken":["M","?","M","$","M","E","?","E","T","R","E","R","M","?","R","BOSS","M","?","$","?","?","R","E","M","T","E","M","R","E","M","R","BOSS","M","M","$","?","M","?","?","R","T","E","M","M","?","E","R","BOSS","BOSS","R","$","E","BOSS"],"items_purchased_type":["Card","Card","Relic","Relic","Relic","Relic","Relic","Card","Card","Potion","Relic"],"build_version":"2020-12-13","purchased_purges":0,"victory":true,"max_hp_per_floor":[66,66,66,66,66,66,66,66,66,66,66,66,66,71,71,71,71,71,71,71,71,71,71,71,71,71,71,71,71,71,71,71,71,71,71,71,71,71,71,71,71,71,71,71,71,71,71,71,71,71,71,71,71,71,71,71],"relic_stats":{"Regal Pillow":0,"counters":[30,121],"Bronze Scales":[152],"Eternal Feather":59,"Turnip":[2],"Snake Skull":[74],"Whetstone":["Dash","Underhanded Strike"],"obtain_stats":[{"Girya":6,"Regal Pillow":30,"Oddly Smooth Stone":41,"Vajra":54,"Eternal Feather":24,"The Courier":11,"Snake Skull":48,"Whetstone":37,"Bottled Tornado":44,"Bottled Flame":8,"Ninja Scroll":27,"Bronze Scales":41,"Orrery":20,"Fusion Hammer":17,"Turnip":47,"Bottled Lightning":26,"Membership Card":41,"Toxic Egg 2":9,"FossilizedHelix":55,"Ring of the Snake":0,"Runic Pyramid":34},{"Girya":4,"Regal Pillow":15,"Oddly Smooth Stone":21,"Vajra":28,"Eternal Feather":11,"The Courier":6,"Snake Skull":26,"Whetstone":19,"Bottled Tornado":22,"Bottled Flame":5,"Ninja Scroll":13,"Bronze Scales":21,"Orrery":10,"Fusion Hammer":9,"Turnip":25,"Bottled Lightning":12,"Membership Card":21,"Toxic Egg 2":5,"FossilizedHelix":29,"Ring of the Snake":0,"Runic Pyramid":17},{"Girya":16,"Regal Pillow":58,"Oddly Smooth Stone":74,"Vajra":112,"Eternal Feather":46,"The Courier":26,"Snake Skull":94,"Whetstone":69,"Bottled Tornado":79,"Bottled Flame":23,"Ninja Scroll":53,"Bronze Scales":74,"Orrery":42,"Fusion Hammer":40,"Turnip":89,"Bottled Lightning":49,"Membership Card":74,"Toxic Egg 2":23,"FossilizedHelix":115,"Ring of the Snake":0,"Runic Pyramid":66}],"Ring of the Snake":[60]},"card_choices":[{"not_picked":["After Image","Phantasmal Killer"],"picked":"Bullet Time","floor":0.0},{"not_picked":["Masterful Stab","Blade Dance"],"picked":"Deadly Poison","floor":1.0},{"not_picked":["Backstab","Dagger Throw"],"picked":"Underhanded Strike","floor":3.0},{"not_picked":["Prepared","Escape Plan"],"picked":"Caltrops","floor":5.0},{"not_picked":["Masterful Stab","Dodge and Roll"],"picked":"Crippling Poison","floor":6.0},{"not_picked":["Calculated Gamble","Predator"],"picked":"Dash","floor":8.0},{"not_picked":["Flechettes","Finisher"],"picked":"Acrobatics+1","floor":11.0},{"not_picked":["Caltrops","Calculated Gamble+1"],"picked":"Crippling Poison+1","floor":13.0},{"not_picked":["Poisoned Stab","All Out Attack"],"picked":"Acrobatics+1","floor":14.0},{"not_picked":["Phantasmal Killer+1","A Thousand Cuts"],"picked":"Venomology+1","floor":16.0},{"not_picked":["Prepared+1","Outmaneuver+1"],"picked":"Calculated Gamble+1","floor":18.0},{"not_picked":["Cloak And Dagger+1","Terror+1"],"picked":"Corpse Explosion+1","floor":20.0},{"not_picked":["Dagger Spray","Finisher"],"picked":"Bouncing Flask+1","floor":20.0},{"not_picked":["Sucker Punch+1","Backflip+1"],"picked":"PiercingWail+1","floor":20.0},{"not_picked":["Quick Slash","Dagger Throw"],"picked":"Sucker Punch+1","floor":20.0},{"not_picked":["Concentrate+1","Blade Dance+1"],"picked":"Outmaneuver+1","floor":20.0},{"not_picked":["Deflect+1","Endless Agony"],"picked":"Dodge and Roll+1","floor":24.0},{"not_picked":["Deadly Poison+1","Bane"],"picked":"Catalyst+1","floor":25.0},{"not_picked":["Caltrops","Underhanded Strike+1"],"picked":"Deadly Poison+1","floor":27.0},{"not_picked":["Dagger Spray","Skewer"],"picked":"Backflip+1","floor":28.0},{"not_picked":["Expertise+1","Backstab+1"],"picked":"Backflip+1","floor":30.0},{"not_picked":["Expertise+1","Deflect+1"],"picked":"Reflex+1","floor":31.0},{"not_picked":["Bullet Time+1","A Thousand Cuts"],"picked":"Adrenaline+1","floor":33.0},{"not_picked":["Calculated Gamble+1","Slice"],"picked":"Prepared+1","floor":35.0},{"not_picked":["Setup+1","Sucker Punch+1","Quick Slash"],"picked":"SKIP","floor":36.0},{"not_picked":["Dodge and Roll+1","Deflect+1"],"picked":"Outmaneuver+1","floor":39.0},{"not_picked":["Dagger Throw","Cloak And Dagger+1"],"picked":"Blur+1","floor":40.0},{"not_picked":["PiercingWail+1","Dodge and Roll+1"],"picked":"Footwork","floor":44.0},{"not_picked":["Backstab+1","Riddle With Holes+1"],"picked":"Acrobatics+1","floor":45.0},{"not_picked":["Sucker Punch","Escape Plan+1","Bane+1"],"picked":"SKIP","floor":46.0},{"not_picked":["Terror+1","Finisher"],"picked":"Deflect+1","floor":47.0},{"not_picked":["Phantasmal Killer+1","Sucker Punch"],"picked":"Crippling Poison+1","floor":48.0},{"not_picked":["Backflip+1","Cloak And Dagger+1"],"picked":"PiercingWail+1","floor":55.0}],"player_experience":2376091,"relics_obtained":[{"floor":6.0,"key":"Girya"},{"floor":8.0,"key":"Bottled Flame"},{"floor":9.0,"key":"Toxic Egg 2"},{"floor":11.0,"key":"The Courier"},{"floor":24.0,"key":"Eternal Feather"},{"floor":26.0,"key":"Bottled Lightning"},{"floor":27.0,"key":"Ninja Scroll"},{"floor":30.0,"key":"Regal Pillow"},{"floor":44.0,"key":"Bottled Tornado"},{"floor":47.0,"key":"Turnip"},{"floor":48.0,"key":"Snake Skull"},{"floor":55.0,"key":"FossilizedHelix"}],"event_choices":[{"cards_removed":["Normality"],"damage_healed":0.0,"max_hp_gain":0.0,"max_hp_loss":0.0,"gold_gain":0.0,"event_name":"Living Wall","player_choice":"Forget","floor":2.0,"gold_loss":0.0,"damage_taken":0.0},{"damage_healed":0.0,"max_hp_gain":0.0,"max_hp_loss":0.0,"gold_gain":0.0,"cards_transformed":["Strike_G"],"event_name":"Transmorgrifier","player_choice":"Transformed","floor":7.0,"gold_loss":0.0,"damage_taken":0.0,"cards_obtained":["Noxious Fumes"]},{"damage_healed":0.0,"max_hp_gain":0.0,"max_hp_loss":0.0,"gold_gain":0.0,"event_name":"Back to Basics","player_choice":"Simplicity","floor":19.0,"gold_loss":0.0,"damage_taken":0.0,"cards_upgraded":["Strike_G","Strike_G","Strike_G","Strike_G","Defend_G","Defend_G","Defend_G","Defend_G","Defend_G"]},{"damage_healed":0.0,"max_hp_gain":0.0,"max_hp_loss":0.0,"gold_gain":0.0,"cards_transformed":["Strike_G","Strike_G"],"event_name":"Drug Dealer","player_choice":"Became Test Subject","floor":21.0,"gold_loss":0.0,"damage_taken":0.0,"cards_obtained":["Eviscerate","Bouncing Flask"]},{"damage_healed":0.0,"max_hp_gain":0.0,"max_hp_loss":0.0,"gold_gain":50.0,"event_name":"Nest","player_choice":"Stole From Cult","floor":22.0,"gold_loss":0.0,"damage_taken":0.0},{"damage_healed":0.0,"max_hp_gain":0.0,"max_hp_loss":0.0,"gold_gain":0.0,"event_name":"Accursed Blacksmith","player_choice":"Forge","floor":38.0,"gold_loss":0.0,"damage_taken":0.0,"cards_upgraded":["Survivor"]},{"damage_healed":0.0,"max_hp_gain":0.0,"max_hp_loss":0.0,"gold_gain":0.0,"event_name":"Mysterious Sphere","player_choice":"Fight","floor":47.0,"gold_loss":0.0,"damage_taken":0.0}],"is_beta":false,"boss_relics":[{"not_picked":["Busted Crown","Black Star"],"picked":"Fusion Hammer"},{"not_picked":["SlaversCollar","Pandora\u0027s Box"],"picked":"Runic Pyramid"}],"items_purged_floors":[],"is_endless":false,"potions_floor_spawned":[3,5,6,11,14,24,27,31,33,36,40,44,47,55],"ascension_level":20}}