{"host":"c9m2z2wmcavfgdp8","time":1608090964,"event":{"mods":["2.2 Compatiblity","Act Like it!","Aspiration","BaseMod","Better Third Choice","Conspire","Downfall","Ekko","Elementarium","Energized Spire","Friendly Minions","GifTheSpireLib","Hallownest","Hermit","Hubris","Infinite Spire","Jorbs\u0027s Wanderer Trilogy","Koishi","Luminous","Marisa????????","Menagerie","Minty Spire (QoL Compilation)","Pale of the Ancients","Permanent Neow","Potionbrewer","Prisma Mod","READ ME - Guardian Mod","Remilia??????","Replay The Spire","SCP261 Mod","Shop Mod","StSLib","The Animator","The Blackbeard","The Bug Knight","The Cursed","The Death Knight","The Disciple","The Exalted","The Hierophant","The Necromancer","The Servant 0.9.4","TheBandit","TheFirefly"],"gold_per_floor":[99,99,99,99,110,110,110,110],"floor_reached":7,"playtime":281,"items_purged":[],"score":37,"play_id":"1595480f-511c-4b01-a482-589a11e31eae","local_time":"20201216045604","is_ascension_mode":false,"campfire_choices":[{"floor":1,"key":"DIG"},{"floor":6,"key":"RECALL"}],"circlet_count":0,"master_deck":["hexamod:Strike","hexamod:Strike","hexamod:Strike","hexamod:Strike","hexamod:Defend","hexamod:Defend","hexamod:Defend","hexamod:Defend","hexamod:Sear","hexamod:Float","hexamod:FifthSeal","hexamod:FourthSeal","hexamod:FirstSeal"],"relics":["hexamod:SpiritBrand","StoneCalendar"],"acts_visited":["Exordium"],"potions_floor_usage":[7],"damage_taken":[{"damage":11,"enemies":"Jaw Worm","floor":5,"turns":6},{"damage":58,"enemies":"Gremlin Nob","floor":7,"turns":5}],"seed_played":"-8648127174610154535","potions_obtained":[{"floor":5,"key":"Weak Potion"}],"is_trial":false,"path_per_floor":["R","?","PTL","PTL","M","R","E"],"character_chosen":"THE_SPIRIT","items_purchased":[],"campfire_rested":0,"item_purchase_floors":[],"current_hp_per_floor":[63,63,63,63,52,52,0,0],"gold":110,"neow_bonus":"THREE_RARE_CARDS","is_daily":false,"chose_seed":false,"campfire_upgraded":0,"win_rate":0.0,"timestamp":1608090964,"path_taken":["R","?","PTL","PTL","M","R","E"],"items_purchased_type":[],"build_version":"2020-12-13","purchased_purges":0,"victory":false,"max_hp_per_floor":[63,63,63,63,63,63,63,63],"card_choices":[{"not_picked":["hexamod:TimeWarp","hexamod:VolcanoVisage"],"picked":"hexamod:FifthSeal","floor":0},{"not_picked":["hexamod:FirstSeal","hexamod:FifthSeal"],"picked":"hexamod:FourthSeal","floor":5},{"not_picked":["hexamod:ExtraCrispy","hexamod:FastForward"],"picked":"hexamod:FirstSeal","floor":5}],"player_experience":1633341,"relics_obtained":[{"floor":1,"key":"StoneCalendar"}],"event_choices":[],"is_beta":false,"boss_relics":[],"items_purged_floors":[],"is_endless":false,"potions_floor_spawned":[5],"killed_by":"Gremlin Nob","ascension_level":0}}