{"host":"un97lkyah1pp4w16","time":1608129461,"event":{"mods":["BaseMod","Colored Map","Colored Powertips","Minty Spire (QoL Compilation)","StSLib","SuperFastMode"],"gold_per_floor":[112,182,182,26,38,64,64,83,83,258,275,275,295,312,312,407,407,421,421,431,465,390,390,390,390,390],"floor_reached":25,"playtime":814,"items_purged":[],"score":201,"play_id":"e1db234b-280a-4de9-9d1a-9aab21d85648","local_time":"20201216223741","is_ascension_mode":false,"campfire_choices":[{"floor":7,"key":"RECALL"},{"floor":12,"key":"REST"},{"data":"Noxious Fumes","floor":15,"key":"SMITH"},{"floor":23,"key":"REST"}],"circlet_count":0,"master_deck":["Survivor","Neutralize","Backstab","Blur","Caltrops","Finisher","Leg Sweep","Calculated Gamble","Blur","Concentrate","Predator","Choke","Catalyst","Poisoned Stab","PiercingWail","Noxious Fumes","Doubt","Dagger Throw","Noxious Fumes+1","Dash","Storm of Steel","Well Laid Plans","Acrobatics","Cloak And Dagger"],"relics":["Pandora\u0027s Box","Unceasing Top","Orichalcum","Bottled Lightning","Black Star","Mummified Hand","Red Mask","Nilry\u0027s Codex"],"acts_visited":["Exordium","TheCity"],"potions_floor_usage":[16,16,16],"damage_taken":[{"damage":0,"enemies":"Small Slimes","floor":1,"turns":3},{"damage":0,"enemies":"2 Louse","floor":5,"turns":1},{"damage":18,"enemies":"3 Sentries","floor":6,"turns":10},{"damage":3,"enemies":"Jaw Worm","floor":8,"turns":3},{"damage":7,"enemies":"Gremlin Gang","floor":11,"turns":4},{"damage":0,"enemies":"Looter","floor":13,"turns":3},{"damage":8,"enemies":"2 Fungi Beasts","floor":14,"turns":3},{"damage":16,"enemies":"The Guardian","floor":16,"turns":9},{"damage":8,"enemies":"Shell Parasite","floor":18,"turns":6},{"damage":4,"enemies":"3 Byrds","floor":20,"turns":4},{"damage":54,"enemies":"Masked Bandits","floor":21,"turns":5},{"damage":16,"enemies":"Cultist and Chosen","floor":25,"turns":4}],"seed_played":"-8962380407378188097","potions_obtained":[{"floor":1,"key":"AttackPotion"},{"floor":6,"key":"PowerPotion"},{"floor":11,"key":"PowerPotion"},{"floor":20,"key":"Explosive Potion"}],"is_trial":false,"path_per_floor":["M","?","?","$","M","E","R","M","T","?","M","R","M","M","R","B",null,"M","?","M","?","?","R","?","M"],"character_chosen":"THE_SILENT","items_purchased":["Orichalcum"],"campfire_rested":2,"item_purchase_floors":[4],"current_hp_per_floor":[70,70,67,67,67,49,49,46,46,46,39,60,60,52,52,36,70,62,62,58,4,4,25,9,0,0],"gold":390,"neow_bonus":"BOSS_RELIC","is_daily":false,"chose_seed":false,"campfire_upgraded":1,"win_rate":0.0,"timestamp":1608129461,"path_taken":["M","?","?","?","M","E","R","?","T","?","M","R","M","M","R","BOSS","M","?","M","?","?","R","?","M"],"items_purchased_type":["Relic"],"build_version":"2020-12-13","purchased_purges":0,"victory":false,"max_hp_per_floor":[70,70,70,70,70,70,70,70,70,70,70,70,70,70,70,70,70,70,70,70,70,70,70,70,70,70],"card_choices":[{"not_picked":["Reflex","Caltrops"],"picked":"Catalyst","floor":1},{"not_picked":["PiercingWail","Accuracy"],"picked":"Poisoned Stab","floor":5},{"not_picked":["Slice","Calculated Gamble"],"picked":"PiercingWail","floor":6},{"not_picked":["Blur","Calculated Gamble"],"picked":"Noxious Fumes","floor":8},{"not_picked":["Outmaneuver","Cloak And Dagger"],"picked":"Dagger Throw","floor":11},{"not_picked":["Dagger Throw","Doppelganger"],"picked":"Noxious Fumes","floor":13},{"not_picked":["Escape Plan","Underhanded Strike"],"picked":"Dash","floor":14},{"not_picked":["Die Die Die","Wraith Form v2"],"picked":"Storm of Steel","floor":16},{"not_picked":["Prepared","Dash"],"picked":"Well Laid Plans","floor":18},{"not_picked":["Quick Slash","Underhanded Strike+1"],"picked":"Acrobatics","floor":20},{"not_picked":["Prepared","Riddle With Holes"],"picked":"Cloak And Dagger","floor":21}],"player_experience":88030,"relics_obtained":[{"floor":6,"key":"Bottled Lightning"},{"floor":21,"key":"Red Mask"},{"floor":24,"key":"Nilry\u0027s Codex"}],"event_choices":[{"damage_healed":0,"gold_gain":70,"player_choice":"Gained Gold","damage_taken":0,"max_hp_gain":0,"max_hp_loss":0,"event_name":"Golden Wing","floor":2,"gold_loss":0},{"damage_healed":0,"gold_gain":0,"player_choice":"Success","damage_taken":3,"relics_obtained":["Unceasing Top"],"max_hp_gain":0,"max_hp_loss":0,"event_name":"Scrap Ooze","floor":3,"gold_loss":0},{"damage_healed":0,"gold_gain":175,"player_choice":"AGREE","damage_taken":0,"max_hp_gain":0,"max_hp_loss":0,"event_name":"Liars Game","floor":10,"gold_loss":0,"cards_obtained":["Doubt"]},{"damage_healed":0,"gold_gain":0,"player_choice":"Opened","damage_taken":0,"relics_obtained":["Mummified Hand"],"max_hp_gain":0,"max_hp_loss":0,"event_name":"The Mausoleum","floor":19,"gold_loss":0,"cards_obtained":["Writhe"]},{"damage_healed":0,"gold_gain":0,"player_choice":"Fought Bandits","damage_taken":0,"max_hp_gain":0,"max_hp_loss":0,"event_name":"Masked Bandits","floor":21,"gold_loss":0},{"cards_removed":["Writhe"],"damage_healed":0,"gold_gain":0,"player_choice":"Gave Gold","damage_taken":0,"max_hp_gain":0,"max_hp_loss":0,"event_name":"Beggar","floor":22,"gold_loss":75},{"damage_healed":0,"gold_gain":0,"player_choice":"Obtained Book","damage_taken":16,"max_hp_gain":0,"max_hp_loss":0,"event_name":"Cursed Tome","floor":24,"gold_loss":0}],"is_beta":false,"boss_relics":[{"not_picked":["Coffee Dripper","Fusion Hammer"],"picked":"Black Star"}],"items_purged_floors":[],"is_endless":false,"potions_floor_spawned":[1,6,11,20],"killed_by":"Cultist and Chosen","ascension_level":0}}