{"host":"p245q48pmopyklqs","time":1608099883,"event":{"mods":["AchievementEnabler","BaseMod","Better Third Choice","DeckTracker","Minty Spire (QoL Compilation)","Relic Stats","StSLib","SuperFastMode"],"gold_per_floor":[364,377,387,312,332,332,351,351,351,351,351,381,409,419,419,493,493,503,503,120,120,134,134,134],"floor_reached":23,"playtime":407,"items_purged":["Strike_R","Strike_R"],"score":382,"play_id":"17182b92-b57a-4fba-92a2-0ee6d117732e","local_time":"20201216152443","is_ascension_mode":true,"campfire_choices":[{"data":"Uppercut","floor":6.0,"key":"SMITH"},{"data":"Hemokinesis","floor":8.0,"key":"SMITH"},{"data":"Carnage","floor":10.0,"key":"SMITH"},{"data":"Evolve","floor":15.0,"key":"SMITH"}],"circlet_count":0,"master_deck":["AscendersBane","Strike_R","Strike_R","Strike_R","Defend_R","Defend_R","Defend_R","Defend_R","Bash","Wild Strike","Uppercut+1","Carnage+1","Hemokinesis+1","Evolve+1","Second Wind","Barricade","Dark Embrace","Sentinel","Seeing Red+1"],"relics":["Burning Blood","Torii","Meat on the Bone","Philosopher\u0027s Stone","Toxic Egg 2","NlothsMask"],"acts_visited":["Exordium","TheCity"],"potions_floor_usage":[],"damage_taken":[{"damage":6.0,"enemies":"2 Louse","floor":1.0,"turns":3.0},{"damage":11.0,"enemies":"Jaw Worm","floor":2.0,"turns":4.0},{"damage":4.0,"enemies":"Cultist","floor":3.0,"turns":3.0},{"damage":7.0,"enemies":"Blue Slaver","floor":5.0,"turns":3.0},{"damage":23.0,"enemies":"Large Slime","floor":7.0,"turns":3.0},{"damage":18.0,"enemies":"Lagavulin","floor":13.0,"turns":6.0},{"damage":9.0,"enemies":"Red Slaver","floor":14.0,"turns":3.0},{"damage":21.0,"enemies":"Hexaghost","floor":16.0,"turns":9.0},{"damage":23.0,"enemies":"Spheric Guardian","floor":18.0,"turns":4.0},{"damage":45.0,"enemies":"Shell Parasite","floor":22.0,"turns":5.0},{"damage":39,"enemies":"Gremlin Leader","floor":23,"turns":4}],"seed_played":"-4498008592972789634","potions_obtained":[{"floor":2.0,"key":"Swift Potion"},{"floor":5.0,"key":"Swift Potion"},{"floor":7.0,"key":"Energy Potion"},{"floor":18.0,"key":"Regen Potion"}],"is_trial":false,"path_per_floor":["M","M","M","$","M","R","M","R","T","R","?","?","E","M","R","B",null,"M","?","$","?","M","E"],"character_chosen":"IRONCLAD","items_purchased":["Toxic Egg 2"],"campfire_rested":0,"item_purchase_floors":[20],"current_hp_per_floor":[50,45,47,47,46,46,29,29,29,29,34,34,22,31,31,28,67,50,50,50,50,37,0,0],"gold":134,"neow_bonus":"TWO_FIFTY_GOLD","is_daily":false,"chose_seed":false,"campfire_upgraded":4,"win_rate":0.0,"timestamp":1608099883,"path_taken":["M","M","M","$","M","R","M","R","T","R","?","?","E","M","R","BOSS","M","?","$","?","M","E"],"items_purchased_type":["Relic"],"build_version":"2020-12-13","purchased_purges":2,"victory":false,"max_hp_per_floor":[75,75,75,75,75,75,75,75,75,75,80,80,80,80,80,80,80,80,80,80,80,80,80,80],"relic_stats":{"Torii":24,"counters":[11,47],"obtain_stats":[{"Torii":9,"Philosopher\u0027s Stone":17,"Toxic Egg 2":20,"Burning Blood":0,"Meat on the Bone":13,"NlothsMask":21},{"Torii":5,"Philosopher\u0027s Stone":8,"Toxic Egg 2":9,"Burning Blood":0,"Meat on the Bone":6,"NlothsMask":9},{"Torii":16,"Philosopher\u0027s Stone":34,"Toxic Egg 2":38,"Burning Blood":0,"Meat on the Bone":22,"NlothsMask":38}],"Burning Blood":60,"Meat on the Bone":36},"card_choices":[{"not_picked":["Headbutt","Sever Soul"],"picked":"Wild Strike","floor":1.0},{"not_picked":["Armaments","Sword Boomerang"],"picked":"Uppercut","floor":2.0},{"not_picked":["Clothesline","Havoc"],"picked":"Carnage","floor":3.0},{"not_picked":["Feel No Pain","Heavy Blade"],"picked":"Hemokinesis","floor":5.0},{"not_picked":["Clash","Uppercut","Juggernaut"],"picked":"SKIP","floor":7.0},{"not_picked":["Perfected Strike","Rampage"],"picked":"Evolve","floor":13.0},{"not_picked":["Searing Blow","Dropkick"],"picked":"Second Wind","floor":14.0},{"not_picked":["Brutality","Fiend Fire"],"picked":"Barricade","floor":16.0},{"not_picked":["Rampage","Headbutt"],"picked":"Dark Embrace","floor":18.0},{"not_picked":["Carnage","Pummel"],"picked":"Seeing Red+1","floor":22.0}],"player_experience":2285043,"relics_obtained":[{"floor":9.0,"key":"Torii"},{"floor":13.0,"key":"Meat on the Bone"}],"event_choices":[{"damage_healed":0.0,"max_hp_gain":5.0,"max_hp_loss":0.0,"gold_gain":0.0,"event_name":"Big Fish","player_choice":"Donut","floor":11.0,"gold_loss":0.0,"damage_taken":0.0},{"damage_healed":0.0,"max_hp_gain":0.0,"max_hp_loss":0.0,"gold_gain":30.0,"event_name":"Dead Adventurer","player_choice":"Searched \u00271\u0027 times","floor":12.0,"gold_loss":0.0,"damage_taken":0.0},{"damage_healed":0.0,"max_hp_gain":0.0,"max_hp_loss":0.0,"gold_gain":0.0,"event_name":"The Library","player_choice":"Read","floor":19.0,"gold_loss":0.0,"damage_taken":0.0,"cards_obtained":["Sentinel"]},{"damage_healed":0.0,"max_hp_gain":0.0,"max_hp_loss":0.0,"gold_gain":0.0,"event_name":"FaceTrader","player_choice":"Trade","floor":21.0,"gold_loss":0.0,"damage_taken":0.0,"relics_obtained":["NlothsMask"]}],"is_beta":false,"boss_relics":[{"not_picked":["Black Star","SlaversCollar"],"picked":"Philosopher\u0027s Stone"}],"items_purged_floors":[4,20],"is_endless":false,"potions_floor_spawned":[2,5,7,13,16,18],"killed_by":"Gremlin Leader","ascension_level":20}}