{"host":"qzvr69t6v3frb6bz","time":1608081454,"event":{"mods":["Aspiration","BaseMod","Better Altar","Better Match","Better Note","Better Sensory Stone","Better Skull","Better Third Choice","BetterRewards","Colored Map","Colored Powertips","Downfall","Highlight Path","Hubris","Infinite Spire","Minty Spire (QoL Compilation)","Replay The Spire","Shop Mod","StSLib","The Animator","The Bug Knight","The Cursed","The Jungle","The Servant 0.9.4"],"gold_per_floor":[99,132,232,232,232,232,232,232,267,279,294,87,100,118,133,232,232,232,252,278,278,128,128,208,208,225,225,36,53,53,53,68,165,165,90,90,100,134,245,261,261,239,257,290,290,303,20,35,45,45,45,84,43,43,43],"floor_reached":56,"playtime":8943,"items_purged":["sneckomod:Strike","sneckomod:Defend","sneckomod:Defend"],"score":1262,"play_id":"24c9efac-0e56-4194-867e-3451ac2cbc9b","local_time":"20201216011734","is_ascension_mode":false,"campfire_choices":[{"floor":1.0,"key":"RECALL"},{"data":"sneckomod:UnknownRareSkill","floor":4.0,"key":"SMITH"},{"data":"Apotheosis","floor":18.0,"key":"SMITH"},{"floor":22.0,"key":"REST"},{"data":"sneckomod:Nope","floor":22.0,"key":"SMITH"},{"floor":25.0,"key":"REST"},{"data":"sneckomod:UnknownRarePower","floor":25.0,"key":"SMITH"},{"floor":27.0,"key":"REST"},{"data":"sneckomod:UnknownClassTHE_UNNAMED","floor":27.0,"key":"SMITH"},{"data":"hubris:InfiniteBlow+18","floor":35.0,"key":"SMITH"},{"floor":54.0,"key":"REST"},{"data":"hubris:InfiniteBlow+19","floor":54.0,"key":"SMITH"}],"circlet_count":0,"master_deck":["sneckomod:Strike","sneckomod:Strike","sneckomod:Defend","sneckomod:TailWhip","sneckomod:SnekBite","sneckomod:Unknown","sneckomod:Unknown","sneckomod:UnknownRareSkill+1","Apotheosis+1","sneckomod:WideSting","sneckomod:Unknown2Cost","sneckomod:SlitherStrike","sneckomod:UnknownClassTHE_ANIMATOR","Replay:SS_forest_6","sneckomod:CheapStock","sneckomod:UnknownRarePower+1","sneckomod:Nope+1","sneckomod:Restock","Languid","infinitespire:NeuralNetwork","expansioncontent:Collect","sneckomod:UnknownRarePower","sneckomod:SnekBite","sneckomod:UnknownClassTHE_UNNAMED+1","infinitespire:Fortify","sneckomod:SerpentIdol+1","hubris:InfiniteBlow+38","sneckomod:UnknownRareSkill","hubris:NaturalOne","Replay:SS_forest_2","sneckomod:CheapStock+1"],"relics":["sneckomod:SneckoSoul","downfall:HeartsMalice","Smiling Mask","infinitespire:Magic Flask","aspiration:StickyExplosives_weak","Sizzling Blood","downfall:HeartBlessingGreen","downfall:HeartBlessingBlue","MerchantsRug","hubris:Potato","Philosopher\u0027s Stone","downfall:HeartBlessingRed","hubris:Icosahedron","Kunai","infinitespire:Bottled Soul","hubris:BottledRain","Vajra","Toy Ornithopter"],"acts_visited":["Exordium","TheCity","TheBeyond","TheEnding"],"potions_floor_usage":[55],"damage_taken":[{"damage":0.0,"enemies":"3 Sentries","floor":2.0,"turns":1.0},{"damage":0.0,"enemies":"Cultist","floor":6.0,"turns":1.0},{"damage":0.0,"enemies":"2 Louse","floor":8.0,"turns":1.0},{"damage":31.0,"enemies":"Lagavulin","floor":9.0,"turns":8.0},{"damage":5.0,"enemies":"Small Slimes","floor":10.0,"turns":2.0},{"damage":8.0,"enemies":"Gremlin Gang","floor":11.0,"turns":5.0},{"damage":0.0,"enemies":"downfall:FleeingMerchant","floor":12.0,"turns":4.0},{"damage":15.0,"enemies":"Exordium Thugs","floor":13.0,"turns":4.0},{"damage":5.0,"enemies":"2 Fungi Beasts","floor":14.0,"turns":4.0},{"damage":5.0,"enemies":"Blue Slaver","floor":15.0,"turns":6.0},{"damage":45.0,"enemies":"downfall:Ironclad","floor":16.0,"turns":14.0},{"damage":39.0,"enemies":"Spheric Guardian","floor":19.0,"turns":5.0},{"damage":80.0,"enemies":"Gremlin Leader","floor":20.0,"turns":9.0},{"damage":10.0,"enemies":"Snake Plant","floor":26.0,"turns":6.0},{"damage":4.0,"enemies":"downfall:FleeingMerchant","floor":28.0,"turns":4.0},{"damage":17.0,"enemies":"Centurion and Healer","floor":29.0,"turns":6.0},{"damage":0.0,"enemies":"Snecko","floor":32.0,"turns":1.0},{"damage":15.0,"enemies":"downfall:Watcher","floor":33.0,"turns":5.0},{"damage":16.0,"enemies":"Orb Walker","floor":37.0,"turns":2.0},{"damage":36.0,"enemies":"Reptomancer","floor":38.0,"turns":4.0},{"damage":25.0,"enemies":"3 Darklings","floor":39.0,"turns":4.0},{"damage":0.0,"enemies":"Sphere and 2 Shapes","floor":40.0,"turns":4.0},{"damage":0.0,"enemies":"downfall:FleeingMerchant","floor":42.0,"turns":2.0},{"damage":24.0,"enemies":"Transient","floor":43.0,"turns":5.0},{"damage":36.0,"enemies":"Nemesis","floor":44.0,"turns":3.0},{"damage":28.0,"enemies":"Jaw Worm Horde","floor":46.0,"turns":5.0},{"damage":0.0,"enemies":"Maw","floor":48.0,"turns":4.0},{"damage":23.0,"enemies":"HollowMod:SlobberingHusk","floor":49.0,"turns":6.0},{"damage":11.0,"enemies":"downfall:Defect","floor":50.0,"turns":3.0},{"damage":56.0,"enemies":"downfall:CharBossMerchant","floor":52.0,"turns":6.0},{"damage":38,"enemies":"downfall:NeowBoss","floor":55,"turns":22}],"seed_played":"-1707185719817931889","potions_obtained":[{"floor":9.0,"key":"Explosive Potion"},{"floor":10.0,"key":"BlessingOfTheForge"},{"floor":11.0,"key":"sneckomod:CheatPotion"},{"floor":13.0,"key":"SkillPotion"},{"floor":20.0,"key":"sneckomod:DiceRollPotion"},{"floor":32.0,"key":"Strength Potion"},{"floor":38.0,"key":"sneckomod:MuddlingPotion"},{"floor":40.0,"key":"Strength Potion"},{"floor":44.0,"key":"DuplicationPotion"},{"floor":46.0,"key":"Swift Potion"},{"floor":47.0,"key":"Adrenaline Potion"},{"floor":47.0,"key":"Swift Potion"},{"floor":49.0,"key":"Ancient Potion"}],"is_trial":false,"path_per_floor":["R","E","?","R","?","M","T","M","E","M","M","$","M","M","M","B",null,"R","M","E","AVR","R","?","T","R","M","R","$","M","?","?","M","B",null,"R","?","M","E","M","M","T","$","M","E","?","M","$","M","M","B",null,"E","$","R","B",null],"character_chosen":"THE_SNECKO","items_purchased":["BargainBundle","Replay:SS_forest_6","sneckomod:CheapStock","MerchantsRug","hubris:Potato","hubris:BottledRain","GamblersBrew","Cauldron","Toy Ornithopter","SkillPotion"],"campfire_rested":4,"item_purchase_floors":[12,12,12,28,28,42,42,47,47,53],"current_hp_per_floor":[90,91,91,91,91,91,91,92,61,56,48,55,53,60,67,22,95,95,88,9,13,53,53,53,86,85,110,110,97,97,71,75,65,111,111,111,111,79,58,74,74,78,58,26,26,10,10,46,27,35,111,74,74,107,85],"gold":43,"neow_bonus":"THREE_ENEMY_KILL","is_daily":false,"chose_seed":false,"campfire_upgraded":7,"win_rate":0.0,"timestamp":1608081454,"path_taken":["R","E","?","R","?","M","T","M","E","M","?","?","M","M","M","BOSS","R","M","E","AVR","R","?","T","R","M","R","$","M","?","?","M","BOSS","R","?","M","E","M","M","T","$","M","E","?","M","$","M","M","BOSS","E","$","R","BOSS"],"items_purchased_type":["Relic","Card","Card","Relic","Relic","Relic","Potion","Relic","Relic","Potion"],"build_version":"2020-12-13","purchased_purges":3,"victory":true,"max_hp_per_floor":[90,91,91,91,91,91,91,92,92,92,92,93,94,94,94,94,95,95,95,96,100,110,110,110,110,110,110,110,110,110,110,110,111,111,111,111,111,111,111,111,111,111,111,111,111,111,111,111,111,111,111,111,111,111,111],"card_choices":[{"not_picked":["sneckomod:UnknownCommonAttack","sneckomod:UnknownStrike"],"picked":"sneckomod:UnknownRareSkill","floor":2.0},{"not_picked":["ReplayTheSpireMod:Private Reserves","Bandage Up"],"picked":"Apotheosis","floor":5.0},{"not_picked":["sneckomod:UnknownStrike","sneckomod:UnknownWeak"],"picked":"sneckomod:WideSting","floor":6.0},{"not_picked":["sneckomod:UnknownVulnerable","sneckomod:UnknownBlock"],"picked":"sneckomod:Unknown2Cost","floor":8.0},{"not_picked":["sneckomod:Unknown1Cost","sneckomod:Nope"],"picked":"sneckomod:SlitherStrike","floor":9.0},{"not_picked":["sneckomod:DiceBlock","sneckomod:DiceCrush","sneckomod:ImprovisedAttack"],"picked":"SKIP","floor":10.0},{"not_picked":["sneckomod:UnknownClassGREEN","sneckomod:DiceBlock","sneckomod:SnakeSap"],"picked":"SKIP","floor":11.0},{"not_picked":["sneckomod:DefensiveFlair","sneckomod:QuickMove"],"picked":"sneckomod:UnknownClassTHE_ANIMATOR","floor":12.0},{"not_picked":["sneckomod:DefensiveFlair","sneckomod:Nope"],"picked":"sneckomod:UnknownRarePower","floor":13.0},{"not_picked":["sneckomod:UnknownClassTHE_ANIMATOR","sneckomod:SoulCleanse","sneckomod:ImprovisedGuard"],"picked":"SKIP","floor":14.0},{"not_picked":["sneckomod:UnknownStrike","sneckomod:WideSting"],"picked":"sneckomod:Nope","floor":15.0},{"not_picked":["sneckomod:DangerNoodle","sneckomod:Unknown3Cost"],"picked":"sneckomod:Restock","floor":16.0},{"not_picked":["ReplayTheSpireMod:Black Plague","infinitespire:TheBestDefense"],"picked":"infinitespire:NeuralNetwork","floor":17.0},{"not_picked":["Good Instincts","expansioncontent:SuperHexaguard"],"picked":"expansioncontent:Collect","floor":17.0},{"not_picked":["sneckomod:SoulExchange","sneckomod:Unknown3Cost"],"picked":"sneckomod:UnknownRarePower","floor":17.0},{"not_picked":["Slimebound:Tackle","Exchange"],"picked":"sneckomod:SnekBite","floor":17.0},{"not_picked":["sneckomod:UnknownWeak","sneckomod:ImprovisedGuard","sneckomod:UnknownUncommonSkill"],"picked":"SKIP","floor":19.0},{"not_picked":["sneckomod:DiceBoulder","sneckomod:WideSting"],"picked":"sneckomod:UnknownClassTHE_UNNAMED","floor":20.0},{"not_picked":["sneckomod:Unknown1Cost","sneckomod:RainOfDice"],"picked":"sneckomod:SerpentIdol+1","floor":26.0},{"not_picked":["sneckomod:UnknownBlock+1","sneckomod:Unknown0Cost","sneckomod:DangerNoodle"],"picked":"SKIP","floor":28.0},{"not_picked":["sneckomod:UnknownStrike","sneckomod:UnknownClassTHE_ANIMATOR","sneckomod:UnknownCommonAttack"],"picked":"SKIP","floor":29.0},{"not_picked":["Replay:Fractal Strike","infinitespire:Starlight"],"picked":"hubris:InfiniteBlow+18","floor":31.0},{"not_picked":["sneckomod:SoulDraw+1","sneckomod:UnknownClassSLIMEBOUND","sneckomod:DiceCrush"],"picked":"SKIP","floor":32.0},{"not_picked":["sneckomod:UnlimitedRolls","sneckomod:Unknown3Cost"],"picked":"sneckomod:UnknownRareSkill","floor":33.0},{"not_picked":["sneckomod:UnknownEthereal+1","sneckomod:WideSting","sneckomod:RainOfDice"],"picked":"SKIP","floor":37.0},{"not_picked":["sneckomod:UnknownUncommonAttack","sneckomod:UnknownCommonSkill","sneckomod:RainOfDice"],"picked":"SKIP","floor":38.0},{"not_picked":["sneckomod:SoulDraw","sneckomod:UnknownClassTHE_CURSED_PURPLE","sneckomod:UnknownUncommonAttack+1"],"picked":"SKIP","floor":39.0},{"not_picked":["sneckomod:DiceCrush+1","sneckomod:SoulDraw","sneckomod:Unknown2Cost+1"],"picked":"SKIP","floor":40.0},{"not_picked":["sneckomod:ImprovisedGuard","sneckomod:SnekBeam","sneckomod:UnknownUncommonSkill+1"],"picked":"SKIP","floor":42.0},{"not_picked":["sneckomod:SerpentIdol","sneckomod:UnknownClassGUARDIAN","sneckomod:UnknownClassTHE_ANIMATOR+1"],"picked":"SKIP","floor":43.0},{"not_picked":["sneckomod:UnknownBlock+1","sneckomod:CheapStock+1","sneckomod:UnknownClassBUGKNIGHT_GRAY_COLOR+1"],"picked":"SKIP","floor":44.0},{"not_picked":["expansioncontent:SlimeTackle","expansioncontent:HyperBeam"],"picked":"Replay:SS_forest_2","floor":45.0},{"not_picked":["sneckomod:Unknown1Cost","sneckomod:QuickMove+1","sneckomod:UnknownCommonAttack+1"],"picked":"SKIP","floor":46.0},{"not_picked":["sneckomod:UnknownBlock+1","sneckomod:SoulRoll","sneckomod:DiceBlock+1"],"picked":"SKIP","floor":48.0},{"not_picked":["sneckomod:UnknownUncommonAttack","sneckomod:UnknownStrike+1","sneckomod:Nope"],"picked":"SKIP","floor":49.0},{"not_picked":["sneckomod:UnknownClassPURPLE+1","sneckomod:UnknownWeak+1"],"picked":"sneckomod:CheapStock+1","floor":52.0}],"player_experience":846038,"relics_obtained":[{"floor":2.0,"key":"Smiling Mask"},{"floor":9.0,"key":"infinitespire:Magic Flask"},{"floor":20.0,"key":"aspiration:StickyExplosives_weak"},{"floor":24.0,"key":"Mercury Hourglass"},{"floor":38.0,"key":"Kunai"},{"floor":41.0,"key":"infinitespire:Bottled Soul"},{"floor":44.0,"key":"Vajra"}],"event_choices":[{"damage_healed":0.0,"max_hp_gain":0.0,"max_hp_loss":0.0,"gold_gain":1.0,"event_name":"betterStone:BetterStone","player_choice":"1","floor":5.0,"gold_loss":0.0,"damage_taken":0.0},{"cards_removed":["Apotheosis"],"damage_healed":0.0,"max_hp_gain":0.0,"max_hp_loss":0.0,"gold_gain":0.0,"event_name":"betterNote:BetterNote","player_choice":"Give","floor":23.0,"gold_loss":0.0,"damage_taken":0.0,"cards_obtained":["None"]},{"damage_healed":0.0,"max_hp_gain":0.0,"max_hp_loss":0.0,"gold_gain":0.0,"event_name":"Ghosts","player_choice":"Ignored","floor":30.0,"gold_loss":0.0,"damage_taken":0.0}],"is_beta":false,"boss_relics":[{"not_picked":["aspiration:SilentSkillbook","Cursed Key"],"picked":"ReplayTheSpireMod:SealedPack"},{"not_picked":["Painkiller Herb","Runic Dome"],"picked":"Philosopher\u0027s Stone"}],"items_purged_floors":[12,21,42],"is_endless":false,"potions_floor_spawned":[9,10,11,13,14,15,20,32,38,40,44,46,49],"ascension_level":0}}