{"host":"3srbdas3e7jgqz5l","time":1608141443,"event":{"mods":["BaseMod","Downfall","Minty Spire (QoL Compilation)","StSLib","The Cursed"],"gold_per_floor":[99,111,111,111,125,125,125,35,35,67,167,180,200,300,316,316,316],"floor_reached":16,"playtime":1434,"items_purged":["Guardian:Strike_Guardian"],"score":100,"play_id":"4de29622-3ff8-425d-9e0c-3a287c3fb5e5","local_time":"20201216175723","is_ascension_mode":false,"campfire_choices":[{"data":"Guardian:CurlUp","floor":1,"key":"SMITH"},{"floor":6,"key":"RECALL"},{"data":"Guardian:VentSteam","floor":9,"key":"SMITH"}],"circlet_count":0,"master_deck":["Guardian:Strike_Guardian","Guardian:Strike_Guardian","Guardian:Defend_Guardian","Guardian:Defend_Guardian","Guardian:CurlUp+1","Guardian:TwinSlam+1","Guardian:PiercingHide","Guardian:VentSteam+1","Guardian:Gem_Blue","Guardian:Gem_Red","Guardian:Gem_Cyan","Guardian:TimeBomb","Guardian:Clone","Guardian:ChargeUp","Guardian:ChargeCore","Guardian:DecasProtection","Guardian:PolyBeam"],"relics":["Guardian:ModeShifter","Gremlin Horn","Prayer Wheel","Blue Candle","downfall:GremlinWheel"],"acts_visited":["Exordium"],"potions_floor_usage":[10,16],"damage_taken":[{"damage":0,"enemies":"2 Louse","floor":2,"turns":2},{"damage":0,"enemies":"Small Slimes","floor":5,"turns":3},{"damage":3,"enemies":"downfall:FleeingMerchant","floor":8,"turns":4},{"damage":16,"enemies":"Gremlin Nob","floor":10,"turns":4},{"damage":16,"enemies":"downfall:Heads","floor":11,"turns":9},{"damage":0,"enemies":"Cultist","floor":12,"turns":4},{"damage":4,"enemies":"3 Louse","floor":13,"turns":4},{"damage":32,"enemies":"3 Louse","floor":14,"turns":5},{"damage":4,"enemies":"Blue Slaver","floor":15,"turns":3},{"damage":3,"enemies":"downfall:Silent","floor":16,"turns":1}],"seed_played":"-5304021915942050283","potions_obtained":[{"floor":2,"key":"ColorlessPotion"},{"floor":12,"key":"Swift Potion"},{"floor":13,"key":"hexamod:EctoCoolerPotion"}],"is_trial":false,"path_per_floor":["R","M","?","?","M","R","T","$","R","E","?","M","M","?","M","B"],"character_chosen":"GUARDIAN","items_purchased":[],"campfire_rested":0,"item_purchase_floors":[],"current_hp_per_floor":[88,88,88,76,76,76,76,73,73,57,41,41,37,5,1,0,0],"gold":316,"neow_bonus":"TEN_PERCENT_HP_BONUS","is_daily":false,"chose_seed":false,"campfire_upgraded":2,"win_rate":0.0,"timestamp":1608141443,"path_taken":["R","M","?","?","M","R","T","$","R","E","?","M","M","?","M","BOSS"],"items_purchased_type":[],"build_version":"2020-12-13","purchased_purges":1,"victory":false,"max_hp_per_floor":[88,88,88,88,88,88,88,88,88,88,88,88,88,88,88,88,88],"card_choices":[{"not_picked":["Guardian:ShieldCharger","Guardian:Planning"],"picked":"Guardian:PiercingHide","floor":2},{"not_picked":["Guardian:Clone","Guardian:PrismaticBarrier"],"picked":"Guardian:Gem_Crimson","floor":5},{"not_picked":["Guardian:Recover","Guardian:RefractedBeam"],"picked":"Guardian:VentSteam","floor":8},{"not_picked":["Guardian:Preprogram","Guardian:Suspension"],"picked":"Guardian:Gem_Blue","floor":10},{"not_picked":["Guardian:Planning","Guardian:TimeCapacitor"],"picked":"Guardian:Gem_Cyan","floor":11},{"not_picked":["Guardian:SentryBeam","Guardian:SphericShield"],"picked":"Guardian:TimeBomb","floor":12},{"not_picked":["Guardian:RollAttack","Guardian:MultiBeam"],"picked":"Guardian:Clone","floor":12},{"not_picked":["Guardian:Harden","Guardian:DonusPower"],"picked":"Guardian:ChargeUp","floor":13},{"not_picked":["Guardian:Gem_Green","Guardian:Suspension"],"picked":"Guardian:ChargeCore","floor":13},{"not_picked":["Guardian:Recover","Guardian:MultiBeam"],"picked":"Guardian:DecasProtection","floor":15},{"not_picked":["Guardian:Suspension","Guardian:RefractedBeam"],"picked":"Guardian:PolyBeam","floor":15}],"player_experience":401424,"relics_obtained":[{"floor":7,"key":"Prayer Wheel"},{"floor":10,"key":"Blue Candle"},{"floor":14,"key":"downfall:GremlinWheel"}],"event_choices":[{"damage_healed":0,"gold_gain":0,"player_choice":"Success","damage_taken":12,"relics_obtained":["Gremlin Horn"],"max_hp_gain":0,"max_hp_loss":0,"event_name":"Scrap Ooze","floor":4,"gold_loss":0}],"is_beta":false,"boss_relics":[],"items_purged_floors":[8],"is_endless":false,"potions_floor_spawned":[2,12,13],"killed_by":"downfall:Silent","ascension_level":0}}