{"host":"lqtll83nun4jn4k7","time":1608106519,"event":{"mods":["BaseMod","Challenge The Spire","Colored Map","Colored Powertips","Downfall","Highlight Path","KinomotoSakuraMod(Ä¾Ö®±¾Ó£)","Minty Spire (QoL Compilation)","Prisma Mod","Quick Restart","StSLib","SuperFastMode","The Animator","The Bug Knight","Waifu the Spire"],"gold_per_floor":[99,99,110,35,48,76,76,86,99,24,34,50,50,50,64,162,162,87,33,58,76,96,96,96,125,125,151,90,90,90,90,108,204,204,204,249,249,23,23,23,23,50,66,101,101,114,132,132,149,149,149,179,98,98,98],"floor_reached":56,"playtime":4506,"items_purged":["Regret"],"score":1497,"play_id":"0917661d-0b07-4d1b-a756-1a61c583cce9","local_time":"20201216161519","is_ascension_mode":true,"campfire_choices":[{"floor":1.0,"key":"RECALL"},{"data":"ClowCardTheShield","floor":4.0,"key":"SMITH"},{"data":"ClowCardTheWindy","floor":10.0,"key":"SMITH"},{"data":"ClowCardTheFlower","floor":18.0,"key":"SMITH"},{"data":"ClowCardTheFlower","floor":23.0,"key":"SMITH"},{"data":"ClowCardTheFight","floor":26.0,"key":"SMITH"},{"data":"ClowCardTheMove","floor":35.0,"key":"SMITH"},{"data":"ClowCardTheShot","floor":37.0,"key":"SMITH"},{"data":"ClowCardTheFight","floor":39.0,"key":"SMITH"},{"data":"ClowCardTheTime","floor":54.0,"key":"SMITH"}],"circlet_count":0,"master_deck":["SakuraCardTheSweet+","SakuraCardTheFight+","SakuraCardTheGlow+","SpellCardSeal+1","SpellCardRelease","ClowCardTheSand","ClowCardTheWindy+1","ClowCardTheLight+1","ClowCardTheFlower+1","ClowCardTheFight+1","ClowCardTheLoop","ClowCardTheFlower+1","ClowCardTheFlower","ClowCardTheFight+1","ClowCardTheFlower+1","ClowCardTheThrough+1","ClowCardTheSong","ClowCardTheShadow","ClowCardTheLoop","ClowCardTheCloud","ClowCardTheMove+1","ClowCardTheFlower","ClowCardTheShot+1","ClowCardTheBubbles","Injury","ClowCardTheDark+1","ClowCardTheWave+1","ClowCardTheTime+1","ClowCardTheSleep+1","ClowCardTheJump+1","ClowCardTheTime"],"relics":["KSMOD_SealedBook","KSMOD_SealedWand","downfall:HeartBlessingRed","Matryoshka","Bronze Scales","downfall:HeartBlessingGreen","Ancient Tea Set","Cursed Key","downfall:HeartBlessingBlue","WingedGreaves","Bag of Preparation","Sundial","Meat on the Bone","KSMOD_SwordJade","Sling","MutagenicStrength","Pandora\u0027s Box","Turnip","Orichalcum","HornCleat","Regal Pillow","MealTicket","Oddly Smooth Stone","Unceasing Top"],"acts_visited":["Exordium","TheCity","TheBeyond","TheEnding"],"potions_floor_usage":[55],"damage_taken":[{"damage":5.0,"enemies":"Small Slimes","floor":3.0,"turns":4.0},{"damage":0.0,"enemies":"Cultist","floor":5.0,"turns":4.0},{"damage":20.0,"enemies":"Lagavulin","floor":6.0,"turns":8.0},{"damage":0.0,"enemies":"2 Louse","floor":8.0,"turns":5.0},{"damage":2.0,"enemies":"2 Fungi Beasts","floor":9.0,"turns":3.0},{"damage":1.0,"enemies":"Blue Slaver","floor":11.0,"turns":6.0},{"damage":9.0,"enemies":"3 Louse","floor":12.0,"turns":2.0},{"damage":6.0,"enemies":"Exordium Wildlife","floor":15.0,"turns":5.0},{"damage":24.0,"enemies":"downfall:Silent","floor":16.0,"turns":13.0},{"damage":6.0,"enemies":"downfall:FleeingMerchant","floor":19.0,"turns":4.0},{"damage":28.0,"enemies":"Book of Stabbing","floor":20.0,"turns":5.0},{"damage":0.0,"enemies":"3 Byrds","floor":21.0,"turns":2.0},{"damage":5.0,"enemies":"Shell Parasite","floor":22.0,"turns":2.0},{"damage":0.0,"enemies":"Slavers","floor":25.0,"turns":1.0},{"damage":0.0,"enemies":"Gremlin Leader","floor":27.0,"turns":1.0},{"damage":0.0,"enemies":"downfall:FleeingMerchant","floor":28.0,"turns":4.0},{"damage":14.0,"enemies":"Sentry and Sphere","floor":32.0,"turns":5.0},{"damage":24.0,"enemies":"downfall:Defect","floor":33.0,"turns":7.0},{"damage":50.0,"enemies":"2 Orb Walkers","floor":36.0,"turns":5.0},{"damage":0.0,"enemies":"HollowMod:StalkingDevout","floor":42.0,"turns":4.0},{"damage":4.0,"enemies":"3 Shapes","floor":43.0,"turns":2.0},{"damage":0.0,"enemies":"Giant Head","floor":44.0,"turns":4.0},{"damage":2.0,"enemies":"3 Darklings","floor":46.0,"turns":5.0},{"damage":46.0,"enemies":"Jaw Worm Horde","floor":47.0,"turns":6.0},{"damage":19.0,"enemies":"Transient","floor":49.0,"turns":5.0},{"damage":1.0,"enemies":"downfall:Ironclad","floor":50.0,"turns":8.0},{"damage":12.0,"enemies":"downfall:CharBossMerchant","floor":52.0,"turns":7.0},{"damage":23,"enemies":"downfall:NeowBoss","floor":55,"turns":5}],"seed_played":"8410364751728473241","potions_obtained":[{"floor":2.0,"key":"AttackPotion"},{"floor":2.0,"key":"FairyPotion"},{"floor":2.0,"key":"FairyPotion"},{"floor":9.0,"key":"SkillPotion"},{"floor":21.0,"key":"Explosive Potion"},{"floor":22.0,"key":"AttackPotion"},{"floor":33.0,"key":"Swift Potion"},{"floor":43.0,"key":"SteroidPotion"},{"floor":52.0,"key":"Swift Potion"}],"is_trial":false,"path_per_floor":["R","?","M","R","M","E","T","M","M","R","M","M","?","?","M","B",null,"R","$","E","M","M","R","T","E","R","E","$","?","?","?","M","B",null,"R","?","R","$","R","?","T","E","M","E","?","M","M","$","M","B",null,"E","$","R","B",null],"character_chosen":"KINOMOTOSAKURA","items_purchased":["ClowCardTheLoop","Sling","ClowCardTheThrough","ClowCardTheBubbles","Orichalcum","ClowCardTheTime"],"campfire_rested":0,"item_purchase_floors":[19,28,28,38,38,53],"current_hp_per_floor":[70,70,65,65,65,45,45,45,43,43,42,33,33,30,24,21,70,80,74,46,46,41,41,41,41,41,41,41,41,41,41,39,27,77,77,44,44,44,44,44,44,49,50,55,55,65,40,55,48,56,77,68,77,77,56],"gold":98,"neow_bonus":"UPGRADE_CARD","is_daily":false,"chose_seed":false,"campfire_upgraded":9,"win_rate":0.0,"timestamp":1608106519,"path_taken":["R","?","M","R","M","E","T","M","M","R","?","M","?","?","M","BOSS","R","$","E","M","M","R","T","E","R","E","$","?","?","?","M","BOSS","R","?","R","$","R","?","T","E","?","E","?","M","?","?","M","BOSS","E","$","R","BOSS"],"items_purchased_type":["Card","Relic","Card","Card","Relic","Card"],"build_version":"2020-12-13","purchased_purges":1,"victory":true,"max_hp_per_floor":[70,70,70,70,70,70,70,70,70,70,70,70,70,70,70,70,70,80,80,80,80,80,80,80,80,80,80,80,80,80,77,77,77,77,77,77,77,77,77,77,77,77,77,77,77,77,77,77,77,77,77,77,77,77,77],"card_choices":[{"not_picked":["ClowCardTheRain","ClowCardTheMaze","ClowCardTheErase"],"picked":"SKIP","floor":3.0},{"not_picked":["ClowCardTheLibra","ClowCardTheVoice"],"picked":"ClowCardTheSand","floor":5.0},{"not_picked":["ClowCardTheCloud","ClowCardTheLock","ClowCardTheDream"],"picked":"SKIP","floor":6.0},{"not_picked":["ClowCardTheIllusion","ClowCardTheShadow"],"picked":"ClowCardTheWindy","floor":8.0},{"not_picked":["ClowCardTheChange","ClowCardTheWave"],"picked":"ClowCardTheGlow","floor":9.0},{"not_picked":["ClowCardTheFly","ClowCardTheDream"],"picked":"ClowCardTheLight","floor":11.0},{"not_picked":["ClowCardTheWave","ClowCardTheSilent","ClowCardTheCloud"],"picked":"SKIP","floor":12.0},{"not_picked":["ClowCardTheLoop","ClowCardTheSilent"],"picked":"ClowCardTheFlower","floor":15.0},{"not_picked":["ClowCardTheDark","ClowCardTheTime"],"picked":"ClowCardTheFight","floor":16.0},{"not_picked":["ClowCardTheShadow","ClowCardTheVoice","ClowCardThePower"],"picked":"SKIP","floor":19.0},{"not_picked":["ClowCardTheLock","ClowCardTheLoop"],"picked":"ClowCardTheFlower","floor":20.0},{"not_picked":["ClowCardTheDream+1","ClowCardTheSilent+1"],"picked":"ClowCardTheFlower","floor":21.0},{"not_picked":["ClowCardTheMirror","ClowCardTheChange","ClowCardTheVoice"],"picked":"SKIP","floor":22.0},{"not_picked":["ClowCardTheWindy","ClowCardTheChange"],"picked":"ClowCardTheFight","floor":25.0},{"not_picked":["ClowCardTheArrow+1","ClowCardTheWood","ClowCardTheFlower"],"picked":"SKIP","floor":27.0},{"not_picked":["ClowCardTheIllusion","ClowCardTheArrow"],"picked":"ClowCardTheFlower+1","floor":28.0},{"not_picked":["ClowCardTheLibra+1","ClowCardTheMaze","ClowCardTheEarthy+1"],"picked":"SKIP","floor":32.0},{"not_picked":["ClowCardTheFight","ClowCardTheTime"],"picked":"ClowCardTheCreate","floor":33.0},{"not_picked":["ClowCardTheLock","ClowCardTheMirror","ClowCardTheLibra+1"],"picked":"SKIP","floor":42.0},{"not_picked":["ClowCardTheMirror","ClowCardTheShadow"],"picked":"ClowCardTheDark","floor":43.0},{"not_picked":["ClowCardTheBubbles","ClowCardTheFlower+1"],"picked":"ClowCardTheWave+1","floor":44.0},{"not_picked":["ClowCardTheFly","ClowCardTheFreeze+1","ClowCardTheSilent"],"picked":"SKIP","floor":46.0},{"not_picked":["ClowCardTheErase","ClowCardTheVoice+1"],"picked":"ClowCardTheTime","floor":47.0},{"not_picked":["ClowCardTheMirror","ClowCardTheMist+1"],"picked":"ClowCardTheSleep+1","floor":49.0},{"not_picked":["ClowCardTheErase+1","ClowCardTheRain+1"],"picked":"ClowCardTheJump+1","floor":52.0}],"player_experience":778748,"relics_obtained":[{"floor":6.0,"key":"Matryoshka"},{"floor":7.0,"key":"Bronze Scales"},{"floor":20.0,"key":"WingedGreaves"},{"floor":24.0,"key":"Bag of Preparation"},{"floor":24.0,"key":"Sundial"},{"floor":25.0,"key":"Meat on the Bone"},{"floor":27.0,"key":"KSMOD_SwordJade"},{"floor":36.0,"key":"Turnip"},{"floor":41.0,"key":"HornCleat"},{"floor":42.0,"key":"Regal Pillow"},{"floor":42.0,"key":"MealTicket"},{"floor":44.0,"key":"Oddly Smooth Stone"},{"floor":52.0,"key":"Unceasing Top"}],"event_choices":[{"damage_healed":0.0,"max_hp_gain":0.0,"max_hp_loss":0.0,"gold_gain":0.0,"event_name":"Lab","player_choice":"Got Potions","floor":2.0,"gold_loss":0.0,"damage_taken":0.0},{"damage_healed":0.0,"max_hp_gain":0.0,"max_hp_loss":0.0,"gold_gain":0.0,"event_name":"Scrap Ooze","player_choice":"Success","floor":14.0,"gold_loss":0.0,"damage_taken":3.0,"relics_obtained":["Ancient Tea Set"]},{"damage_healed":0.0,"max_hp_gain":0.0,"max_hp_loss":0.0,"gold_gain":0.0,"event_name":"Drug Dealer","player_choice":"Inject Mutagens","floor":30.0,"gold_loss":0.0,"damage_taken":0.0,"relics_obtained":["MutagenicStrength"]},{"damage_healed":0.0,"max_hp_gain":0.0,"max_hp_loss":0.0,"gold_gain":0.0,"event_name":"Mysterious Sphere","player_choice":"Fight","floor":36.0,"gold_loss":0.0,"damage_taken":0.0},{"damage_healed":0.0,"max_hp_gain":0.0,"max_hp_loss":0.0,"gold_gain":0.0,"event_name":"Upgrade Shrine","player_choice":"Upgraded","floor":40.0,"gold_loss":0.0,"damage_taken":0.0,"cards_upgraded":["ClowCardTheThrough"]},{"damage_healed":0.0,"max_hp_gain":0.0,"max_hp_loss":0.0,"gold_gain":0.0,"event_name":"Accursed Blacksmith","player_choice":"Forge","floor":45.0,"gold_loss":0.0,"damage_taken":0.0,"cards_upgraded":["ClowCardTheDark"]}],"is_beta":false,"boss_relics":[{"not_picked":["SacredBark","Runic Dome"],"picked":"Cursed Key"},{"not_picked":["Busted Crown","Snecko Eye"],"picked":"Pandora\u0027s Box"}],"items_purged_floors":[28],"is_endless":false,"potions_floor_spawned":[3,9,11,21,22,33,42,43,52],"ascension_level":3}}