{"host":"1kq2ingo3j45gyyp","time":1608094751,"event":{"mods":["BaseMod","Better Note","Better Third Choice","Minty Spire (QoL Compilation)","StSLib","The Gatherer"],"gold_per_floor":[114,214,229,229,244,274,274,304,329,329,329,359,117,117,117,217,217,232,247,247,79,79,109,109,109,134,95,110,110,110,125,125,225,225,240,240,15,30,30,30,30,60,60,75,105,25,0,30,30,30],"floor_reached":51,"playtime":1661,"items_purged":["Gatherer:FragileHammer","Gatherer:EchoOfNature","Gatherer:Convert"],"score":990,"play_id":"ab3a8141-1a89-418d-87d0-fdb7e4fe929b","local_time":"20201215235911","daily_mods":["SealedDeck","Flight","Terminal"],"is_ascension_mode":false,"metric_token":401,"campfire_choices":[{"data":"Gatherer:Snatch","floor":7,"key":"SMITH"},{"data":"Gatherer:Snatch","floor":10,"key":"SMITH"},{"data":"Gatherer:SealedBomb","floor":15,"key":"SMITH"},{"data":"Gatherer:SealedBomb","floor":24,"key":"SMITH"},{"data":"Gatherer:UpgradeBag","floor":30,"key":"SMITH"},{"data":"Gatherer:SealedBomb","floor":32,"key":"SMITH"},{"data":"Gatherer:SpareBottle","floor":40,"key":"SMITH"},{"data":"Gatherer:MiningStrike","floor":41,"key":"SMITH"},{"data":"Gatherer:UpgradeBag","floor":49,"key":"SMITH"}],"circlet_count":0,"master_deck":["Gatherer:Snatch+1","Gatherer:SealedBomb+1","Gatherer:Snatch+1","Gatherer:MiningStrike","Gatherer:QuickSynthesis","Gatherer:TreeGrowth+1","Gatherer:EchoOfNature+1","Gatherer:QuickSynthesis","Gatherer:MiningStrike+1","Gatherer:Duplicator","Gatherer:FlamingBottle","Gatherer:EnergyBasket+1","Gatherer:SealedBomb+1","Gatherer:UpgradeBag+1","Gatherer:MiningStrike","Gatherer:SealedBomb+1","Body Slam","Gatherer:SpareBottle+1","Gatherer:QuickSynthesis","Gatherer:QuickSynthesis+1","Gatherer:UpgradeBag+1"],"relics":["Gatherer:AlchemyBag","Gatherer:FlyingFruit","Kunai","Art of War","Potion Belt","Omamori","Coffee Dripper","InkBottle","Anchor","Peace Pipe","SlaversCollar","Pantograph","Toxic Egg 2","Shuriken","Red Mask","HornCleat"],"acts_visited":["Exordium","TheCity","TheBeyond"],"potions_floor_usage":[16,38,48,50,50],"damage_taken":[{"damage":0,"enemies":"Jaw Worm","floor":1,"turns":3},{"damage":0,"enemies":"Cultist","floor":3,"turns":2},{"damage":0,"enemies":"2 Louse","floor":5,"turns":2},{"damage":0,"enemies":"Gremlin Nob","floor":6,"turns":4},{"damage":0,"enemies":"3 Sentries","floor":8,"turns":4},{"damage":0,"enemies":"Gremlin Nob","floor":12,"turns":3},{"damage":0,"enemies":"Slime Boss","floor":16,"turns":3},{"damage":0,"enemies":"Chosen","floor":18,"turns":2},{"damage":0,"enemies":"Shell Parasite","floor":19,"turns":2},{"damage":33,"enemies":"Slavers","floor":23,"turns":5},{"damage":0,"enemies":"3 Cultists","floor":28,"turns":5},{"damage":8,"enemies":"Snake Plant","floor":31,"turns":3},{"damage":1,"enemies":"Champ","floor":33,"turns":9},{"damage":11,"enemies":"Orb Walker","floor":35,"turns":3},{"damage":0,"enemies":"3 Shapes","floor":38,"turns":3},{"damage":0,"enemies":"Giant Head","floor":42,"turns":3},{"damage":0,"enemies":"Maw","floor":44,"turns":5},{"damage":0,"enemies":"Reptomancer","floor":45,"turns":3},{"damage":4,"enemies":"Nemesis","floor":48,"turns":3},{"damage":5,"enemies":"Donu and Deca","floor":50,"turns":3}],"seed_played":"4580661739168851385","potions_obtained":[{"floor":3,"key":"BloodPotion"},{"floor":12,"key":"ColorlessPotion"},{"floor":16,"key":"BlessingOfTheForge"},{"floor":23,"key":"SmokeBomb"},{"floor":28,"key":"SpeedPotion"},{"floor":44,"key":"BottledMiracle"},{"floor":48,"key":"Poison Potion"}],"is_trial":false,"path_per_floor":["M","?","M","?","M","E","R","E","T","R","?","E","$","?","R","B",null,"M","M","?","$","?","E","R","?","T","$","M","?","R","M","R","B",null,"M","?","$","M","?","R","R","E","T","M","E","$","?","E","R","B",null],"character_chosen":"THE_GATHERER","items_purchased":["Fruit Juice","Gatherer:Duplicator","Gatherer:UpgradeBag","Gatherer:MiningStrike","Fruit Juice","Gatherer:UpgradeBag"],"campfire_rested":0,"item_purchase_floors":[13,13,21,27,37,46],"current_hp_per_floor":[70,69,68,67,66,65,64,67,66,65,52,52,52,45,45,54,67,66,65,64,63,62,33,33,33,33,33,33,33,33,25,25,24,54,47,47,47,52,52,52,52,52,51,50,49,48,47,43,43,40],"gold":30,"neow_bonus":"","is_daily":true,"chose_seed":false,"campfire_upgraded":9,"win_rate":0.0,"timestamp":1608094751,"path_taken":["M","?","?","?","?","E","R","E","T","R","?","E","$","?","R","BOSS","M","M","?","$","?","E","R","?","T","?","?","?","R","?","R","BOSS","M","?","$","?","?","R","R","E","T","M","E","$","?","E","R","BOSS"],"items_purchased_type":["Potion","Card","Card","Card","Potion","Card"],"build_version":"2020-12-13","purchased_purges":3,"victory":true,"max_hp_per_floor":[70,69,68,67,66,65,64,67,66,65,64,63,62,61,60,68,67,66,65,64,63,62,65,64,63,62,61,60,59,58,57,56,55,54,57,56,55,59,55,54,53,52,51,50,49,48,47,46,45,44],"card_choices":[{"not_picked":["Gatherer:ScrollOfWall","Gatherer:Nutrients","Gatherer:SaveValuables"],"picked":"SKIP","floor":1},{"not_picked":["Gatherer:CollectorsShot","Gatherer:SaveValuables","Gatherer:AcidicSpray"],"picked":"SKIP","floor":3},{"not_picked":["Gatherer:WoolGloves","Gatherer:Uplift","Gatherer:TacticalStrike"],"picked":"SKIP","floor":5},{"not_picked":["Gatherer:AcidicSpray","Gatherer:Duplicator"],"picked":"Gatherer:QuickSynthesis","floor":6},{"not_picked":["Gatherer:BambuSword","Gatherer:Polymorphism","Gatherer:Transmute"],"picked":"SKIP","floor":8},{"not_picked":["Gatherer:VenomBarrier","Gatherer:RottenStipe"],"picked":"Gatherer:MiningStrike","floor":12},{"not_picked":["Gatherer:ColorfulGarden","Gatherer:StoneFence"],"picked":"Gatherer:FlamingBottle","floor":16},{"not_picked":["Gatherer:EnergyBasket","Gatherer:SaveValuables"],"picked":"Gatherer:Convert","floor":18},{"not_picked":["Gatherer:Photoscythe","Gatherer:PotentialSlash"],"picked":"Gatherer:EnergyBasket+1","floor":19},{"not_picked":["Gatherer:FlowerFalling+1","Gatherer:Nutrients","Gatherer:Overflowing"],"picked":"SKIP","floor":23},{"not_picked":["Gatherer:AlchemyTrial+1","Gatherer:SaveValuables","Gatherer:Pollute"],"picked":"SKIP","floor":28},{"not_picked":["Gatherer:Herbalism","Gatherer:BigPouch"],"picked":"Gatherer:SealedBomb","floor":31},{"not_picked":["Gatherer:Overflowing","Gatherer:HeartToFruit"],"picked":"Gatherer:GrowBook","floor":33},{"not_picked":["Gatherer:FlowerFalling+1","Gatherer:AcidicSpray+1","Gatherer:Convert+1"],"picked":"SKIP","floor":35},{"not_picked":["Gatherer:RottenStipe","Gatherer:TreeGrowth+1"],"picked":"Gatherer:QuickSynthesis","floor":38},{"not_picked":["Gatherer:Convert","Gatherer:Enchant+1","Gatherer:FlowerFalling+1"],"picked":"SKIP","floor":42},{"not_picked":["Gatherer:RecoveryHerb+1","Gatherer:FlowerPower","Gatherer:CarefulStrike"],"picked":"SKIP","floor":44},{"not_picked":["Gatherer:RecoveryHerb+1","Gatherer:FlowerPower","Gatherer:CarefulStrike"],"picked":"SKIP","floor":44},{"not_picked":["Gatherer:CursedBlade","Gatherer:Uplift+1"],"picked":"Gatherer:QuickSynthesis+1","floor":45},{"not_picked":["Gatherer:ScherryThrow+1","Gatherer:FlowerFalling","Gatherer:Convert+1"],"picked":"SKIP","floor":48}],"player_experience":807049,"relics_obtained":[{"floor":6,"key":"Gatherer:FlyingFruit"},{"floor":8,"key":"Kunai"},{"floor":9,"key":"Art of War"},{"floor":12,"key":"Potion Belt"},{"floor":23,"key":"InkBottle"},{"floor":26,"key":"Anchor"},{"floor":42,"key":"Pantograph"},{"floor":43,"key":"Toxic Egg 2"},{"floor":45,"key":"Shuriken"},{"floor":48,"key":"HornCleat"}],"event_choices":[{"damage_healed":0,"gold_gain":100,"player_choice":"Pray","damage_taken":0,"max_hp_gain":0,"max_hp_loss":0,"event_name":"Golden Shrine","floor":2,"gold_loss":0},{"damage_healed":0,"gold_gain":0,"cards_transformed":["Gatherer:FlowerShield"],"player_choice":"Transformed","damage_taken":0,"max_hp_gain":0,"max_hp_loss":0,"event_name":"Transmorgrifier","floor":4,"gold_loss":0,"cards_obtained":["Gatherer:EchoOfNature"]},{"damage_healed":65,"gold_gain":0,"player_choice":"Upgrade","damage_taken":13,"max_hp_gain":0,"max_hp_loss":65,"event_name":"betterThird:BetterShining","floor":11,"gold_loss":0,"cards_upgraded":["Gatherer:TreeGrowth","Gatherer:EchoOfNature"]},{"damage_healed":0,"gold_gain":0,"player_choice":"Relic ","damage_taken":7,"max_hp_gain":0,"max_hp_loss":0,"event_name":"betterThird:BetterScrap","floor":14,"gold_loss":0,"cards_obtained":["Scrape"]},{"damage_healed":0,"gold_gain":0,"player_choice":"Read","damage_taken":0,"max_hp_gain":0,"max_hp_loss":0,"event_name":"The Library","floor":20,"gold_loss":0,"cards_obtained":["Gatherer:SealedBomb"]},{"damage_healed":0,"gold_gain":0,"player_choice":"Ignored","damage_taken":0,"max_hp_gain":0,"max_hp_loss":0,"event_name":"Vampires","floor":22,"gold_loss":0},{"damage_healed":0,"gold_gain":0,"player_choice":"Ignored","damage_taken":0,"max_hp_gain":0,"max_hp_loss":0,"event_name":"Beggar","floor":25,"gold_loss":0},{"damage_healed":0,"gold_gain":0,"player_choice":"Gave Potion","damage_taken":0,"relics_obtained":["Peace Pipe"],"max_hp_gain":0,"max_hp_loss":0,"event_name":"WeMeetAgain","floor":29,"gold_loss":0},{"cards_removed":["Gatherer:QuickSynthesis"],"damage_healed":0,"gold_gain":0,"player_choice":"Got a Spare Bottle","damage_taken":0,"max_hp_gain":0,"max_hp_loss":0,"event_name":"Gatherer:BottleCollector","floor":36,"gold_loss":0,"cards_obtained":["Gatherer:SpareBottle"]},{"damage_healed":0,"gold_gain":0,"player_choice":"Max HP","damage_taken":0,"max_hp_gain":0,"max_hp_loss":3,"event_name":"Winding Halls","floor":39,"gold_loss":0},{"damage_healed":0,"gold_gain":0,"player_choice":"Paid","damage_taken":0,"relics_obtained":["Red Mask"],"max_hp_gain":0,"max_hp_loss":0,"event_name":"Tomb of Lord Red Mask","floor":47,"gold_loss":25}],"is_beta":false,"boss_relics":[{"not_picked":["Velvet Choker","Runic Dome"],"picked":"Coffee Dripper"},{"not_picked":["Empty Cage","Astrolabe"],"picked":"SlaversCollar"}],"items_purged_floors":[13,21,37],"is_endless":false,"potions_floor_spawned":[3,12,16,23,28,44,48],"ascension_level":0}}