{"host":"121m0oxswv9tg9hk","time":1608142117,"event":{"mods":["AchievementEnabler","BaseMod","Better Third Choice","Downfall","Hermit","Hubris","Infinite Spire","MarisaÅiñ∂âJÅ@ñÇóùçπÅj","Minty Spire (QoL Compilation)","Replay The Spire","Shade Mod","StSLib","The Construct","The Cursed","The Gatherer","The Hierophant","The Mystic"],"gold_per_floor":[113,126,144,15,35,61,61,94,146,146,166,190,190,213,213,213,213],"floor_reached":16,"playtime":808,"items_purged":["Strike_G"],"score":228,"play_id":"f111b423-1784-43fb-babf-8c3f42b3ee4a","local_time":"20201216190837","is_ascension_mode":true,"campfire_choices":[{"floor":7,"key":"REST"},{"floor":13,"key":"REST"},{"floor":15,"key":"REST"}],"circlet_count":0,"master_deck":["AscendersBane","Strike_G","Strike_G","Strike_G","Defend_G","Defend_G","Defend_G","Defend_G","Survivor","Neutralize","Flying Knee","Caltrops","Poisoned Stab","Cloak And Dagger","ReplayTheSpireMod:Speed Training","Calculated Gamble","Blade Dance","Acrobatics","Escape Plan"],"relics":["Ring of the Snake","Ancient Tea Set","Quantum Egg","CeramicFish"],"acts_visited":["Exordium"],"potions_floor_usage":[5,8,16],"damage_taken":[{"damage":1,"enemies":"2 Louse","floor":1,"turns":4},{"damage":6,"enemies":"Cultist","floor":2,"turns":4},{"damage":7,"enemies":"Jaw Worm","floor":3,"turns":6},{"damage":13,"enemies":"Exordium Thugs","floor":5,"turns":5},{"damage":16,"enemies":"Replay:BlueRogue","floor":6,"turns":9},{"damage":28,"enemies":"Gremlin Nob","floor":8,"turns":5},{"damage":8,"enemies":"Exordium Wildlife","floor":11,"turns":7},{"damage":13,"enemies":"Large Slime","floor":12,"turns":5},{"damage":7,"enemies":"Blue Slaver","floor":14,"turns":4},{"damage":34,"enemies":"Slime Boss","floor":16,"turns":5}],"seed_played":"3649866794526911234","potions_obtained":[{"floor":3,"key":"Flashbang"},{"floor":5,"key":"Explosive Potion"},{"floor":8,"key":"Elixir"}],"is_trial":false,"path_per_floor":["M","M","M","$","M","E","R","E","T","?","M","M","R","M","R","B"],"character_chosen":"THE_SILENT","items_purchased":["Explosive Potion"],"campfire_rested":3,"item_purchase_floors":[4],"current_hp_per_floor":[58,52,45,45,32,16,34,6,6,26,18,5,23,16,34,0,0],"gold":213,"neow_bonus":"REMOVE_TWO","is_daily":false,"chose_seed":false,"campfire_upgraded":0,"win_rate":0.0,"timestamp":1608142117,"path_taken":["M","M","M","$","M","E","R","E","T","?","M","M","R","M","R","BOSS"],"items_purchased_type":["Potion"],"build_version":"2020-12-13","purchased_purges":1,"victory":false,"max_hp_per_floor":[60,60,60,60,60,60,60,60,60,60,60,60,60,60,60,60,60],"card_choices":[{"not_picked":["Acrobatics","ReplayTheSpireMod:The Works"],"picked":"Flying Knee","floor":1},{"not_picked":["Prepared","Underhanded Strike"],"picked":"Caltrops","floor":2},{"not_picked":["Slice","Choke"],"picked":"Poisoned Stab","floor":3},{"not_picked":["Bouncing Flask","Caltrops"],"picked":"Cloak And Dagger","floor":5},{"not_picked":["Quick Slash","hubris:TrickCloak"],"picked":"ReplayTheSpireMod:Speed Training","floor":6},{"not_picked":["Deflect","Draining Mist"],"picked":"Calculated Gamble","floor":8},{"not_picked":["Dagger Throw","Well Laid Plans"],"picked":"Blade Dance","floor":11},{"not_picked":["Draining Mist","Bane"],"picked":"Acrobatics","floor":12},{"not_picked":["Bane","Endless Agony"],"picked":"Escape Plan","floor":14}],"player_experience":2853822,"relics_obtained":[{"floor":6,"key":"Ancient Tea Set"},{"floor":8,"key":"Quantum Egg"},{"floor":9,"key":"CeramicFish"}],"event_choices":[{"damage_healed":20,"gold_gain":0,"player_choice":"Banana","damage_taken":0,"max_hp_gain":0,"max_hp_loss":0,"event_name":"Big Fish","floor":10,"gold_loss":0}],"is_beta":false,"boss_relics":[],"items_purged_floors":[4],"is_endless":false,"potions_floor_spawned":[3,5,8,12],"killed_by":"Slime Boss","ascension_level":20}}