{"host":"k6qwgpygxbgz06bg","time":1608146983,"event":{"mods":["BaseMod","Beaked The Cultist","Better Third Choice","BetterRewards","Clockwork Mod","Colored Map","Downfall","Friendly Minions","Infinite Spire","Marisa????????","Minty Spire (QoL Compilation)","Replay The Spire","StSLib","The Administrix","The Bug Knight","The Cursed","The Gatherer","The Mystic","The Witch"],"gold_per_floor":[99,99,99,132,132,150,176,195,230,230,249,266,266,279,292,394,394,319,414,424,424,424,440,440,457,382,411,411,411,253,253,271,375,475,475,528,560,577,577,577],"floor_reached":39,"playtime":2561,"items_purged":["sneckomod:Strike"],"score":537,"play_id":"abacd71d-7b7a-4d22-8b6a-fd46d0a4ae68","local_time":"20201216202943","is_ascension_mode":false,"campfire_choices":[{"data":"sneckomod:Unknown","floor":1,"key":"SMITH"},{"data":"sneckomod:UnknownClassINFINITE_BLACK","floor":10,"key":"SMITH"},{"data":"sneckomod:WideSting","floor":18,"key":"SMITH"},{"data":"sneckomod:MorePower","floor":21,"key":"SMITH"},{"data":"infinitespire:UltimateForm","floor":26,"key":"SMITH"},{"floor":35,"key":"DIG"}],"circlet_count":0,"master_deck":["sneckomod:TailWhip","sneckomod:SnekBite+1","sneckomod:Unknown+1","sneckomod:Unknown","sneckomod:UnknownClassRED","sneckomod:Nope","sneckomod:Unknown2Cost","sneckomod:QuickBite","sneckomod:SoulRoll","sneckomod:UnknownClassINFINITE_BLACK+1","sneckomod:UnknownClassGREEN","sneckomod:SlitherStrike+1","sneckomod:WideSting+1","sneckomod:UnknownWeak","sneckomod:MorePower+1","sneckomod:UnknownExhaust+1","infinitespire:UltimateForm+1","sneckomod:SnekBeam","sneckomod:UnknownRareSkill+1","sneckomod:UnknownRareSkill","sneckomod:UnknownClassINFINITE_BLACK+1","sneckomod:UnknownClassINFINITE_BLACK+1","ReplayTheSpireMod:Book of Names","sneckomod:UnknownClassMARISA_DERIVATIONS","sneckomod:UnknownCommonSkill","sneckomod:UnknownBlock","sneckomod:UnknownCommonSkill","sneckomod:UnknownRareAttack","sneckomod:UnknownUncommonPower+1","sneckomod:UnknownClassBLUE+1","sneckomod:UnknownEthereal+1","sneckomod:UnknownColorless+1","sneckomod:UnknownRareAttack","sneckomod:UnknownColorless+1","sneckomod:Nope+1","sneckomod:UnknownClassGATHERER_LIME+1","sneckomod:UnknownClassRED+1","sneckomod:UnknownRareSkill+1"],"relics":["sneckomod:SneckoSoul","downfall:HeartsMalice","Quantum Egg","Orichalcum","infinitespire:PuzzleCube","Coffee Dripper","downfall:HeartBlessingGreen","Blood Vial","downfall:HeartBlessingBlue","Bottled Lightning","Lee\u0027s Waffle","Replay:Wanted Poster","HollowMod:LifeEnderRelic","CatCart","Omamori"],"acts_visited":["Exordium","TheCity","TheBeyond"],"potions_floor_usage":[9,16,27,27,33,33,37,37],"damage_taken":[{"damage":0,"enemies":"Cultist","floor":2,"turns":1},{"damage":0,"enemies":"Small Slimes","floor":3,"turns":1},{"damage":0,"enemies":"Lagavulin","floor":4,"turns":1},{"damage":1,"enemies":"2 Louse","floor":6,"turns":1},{"damage":4,"enemies":"Blue Slaver","floor":8,"turns":3},{"damage":7,"enemies":"Gremlin Nob","floor":9,"turns":3},{"damage":0,"enemies":"3 Louse","floor":11,"turns":4},{"damage":0,"enemies":"2 Fungi Beasts","floor":12,"turns":1},{"damage":2,"enemies":"Large Slime","floor":14,"turns":5},{"damage":11,"enemies":"Lots of Slimes","floor":15,"turns":3},{"damage":33,"enemies":"downfall:Ironclad","floor":16,"turns":6},{"damage":4,"enemies":"3 Byrds","floor":20,"turns":4},{"damage":0,"enemies":"Spheric Guardian","floor":23,"turns":2},{"damage":16,"enemies":"Snecko","floor":25,"turns":5},{"damage":35,"enemies":"Slavers","floor":27,"turns":3},{"damage":0,"enemies":"downfall:FleeingMerchant","floor":30,"turns":4},{"damage":8,"enemies":"Snake Plant","floor":32,"turns":4},{"damage":33,"enemies":"downfall:Watcher","floor":33,"turns":8},{"damage":42,"enemies":"Orin","floor":36,"turns":8},{"damage":92,"enemies":"Nightmare","floor":37,"turns":7},{"damage":17,"enemies":"3 Darklings","floor":38,"turns":2},{"damage":23,"enemies":"3 Shapes","floor":39,"turns":3}],"seed_played":"6411660797833789582","potions_obtained":[{"floor":4,"key":"SkillPotion"},{"floor":8,"key":"sneckomod:OffclassReductionPotion"},{"floor":9,"key":"sneckomod:CheatPotion"},{"floor":23,"key":"Toxic Potion"},{"floor":27,"key":"AttackPotion"},{"floor":36,"key":"Ancient Potion"},{"floor":38,"key":"AttackPotion"}],"is_trial":false,"path_per_floor":["R","M","M","E","?","M","T","M","E","R","M","M","?","M","M","B",null,"R","?","M","R","?","M","T","M","R","E","AVR","?","$","?","M","B",null,"R_BF","?","NM","M","M"],"character_chosen":"THE_SNECKO","items_purchased":["Lee\u0027s Waffle"],"campfire_rested":0,"item_purchase_floors":[30],"current_hp_per_floor":[90,91,91,92,92,91,91,87,81,81,88,89,89,87,77,50,96,96,72,71,71,47,49,49,37,47,16,16,21,125,125,118,99,128,128,96,20,6,0,0],"gold":577,"neow_bonus":"THREE_ENEMY_KILL","is_daily":false,"chose_seed":false,"campfire_upgraded":5,"win_rate":0.0,"timestamp":1608146983,"path_taken":["R","M","?","E","?","M","T","M","E","R","M","?","?","M","M","BOSS","R","?","M","R","?","M","T","M","R","E","AVR","?","$","?","M","BOSS","R_BF","?","NM","M","M"],"items_purchased_type":["Relic"],"build_version":"2020-12-13","purchased_purges":1,"victory":false,"max_hp_per_floor":[90,91,91,92,92,92,92,92,93,93,94,95,95,95,96,96,96,96,96,97,97,97,97,97,99,109,111,111,116,125,125,126,128,128,128,129,137,138,138,138],"card_choices":[{"not_picked":["sneckomod:UnknownStrike","sneckomod:QuickMove"],"picked":"sneckomod:UnknownClassRED","floor":2},{"not_picked":["sneckomod:RainOfDice","sneckomod:UnknownStrike"],"picked":"sneckomod:Nope","floor":3},{"not_picked":["sneckomod:PureSnecko","sneckomod:SerpentIdol"],"picked":"sneckomod:Unknown2Cost","floor":4},{"not_picked":["sneckomod:UnknownStrike","sneckomod:Unknown1Cost"],"picked":"sneckomod:QuickBite","floor":6},{"not_picked":["sneckomod:RainOfDice","sneckomod:WideSting"],"picked":"sneckomod:SoulRoll","floor":8},{"not_picked":["sneckomod:SoulDraw","sneckomod:SlitherStrike"],"picked":"sneckomod:UnknownClassINFINITE_BLACK","floor":9},{"not_picked":["sneckomod:UnknownClassCLOCKWORK","sneckomod:QuickBite"],"picked":"sneckomod:Unknown3Cost","floor":11},{"not_picked":["sneckomod:UnknownCommonSkill","sneckomod:UnknownClassHEXA_GHOST_PURPLE"],"picked":"sneckomod:UnknownClassGREEN","floor":12},{"not_picked":["sneckomod:Nope","sneckomod:DiceCrush"],"picked":"sneckomod:WideSting","floor":14},{"not_picked":["sneckomod:Unknown1Cost","sneckomod:SoulDraw"],"picked":"sneckomod:UnknownWeak","floor":15},{"not_picked":["sneckomod:Cheat","sneckomod:Unknown3Cost"],"picked":"sneckomod:MorePower","floor":16},{"not_picked":["sneckomod:UnknownClassMARISA_DERIVATIONS+1","sneckomod:UnknownUncommonSkill+1"],"picked":"sneckomod:UnknownExhaust+1","floor":20},{"not_picked":["sneckomod:SoulDraw","sneckomod:IronFang","sneckomod:QuickMove"],"picked":"SKIP","floor":20},{"not_picked":["ReplayTheSpireMod:??????????????????????","infinitespire:Menacing"],"picked":"infinitespire:UltimateForm","floor":22},{"not_picked":["sneckomod:UnknownStrike","sneckomod:Nope"],"picked":"sneckomod:SnekBeam","floor":23},{"not_picked":["sneckomod:UnknownClassHEXA_GHOST_PURPLE+1","sneckomod:UnknownUncommonSkill+1"],"picked":"sneckomod:UnknownRareSkill+1","floor":25},{"not_picked":["sneckomod:CheapStock","sneckomod:IronFang+1"],"picked":"sneckomod:UnknownRareSkill","floor":25},{"not_picked":["sneckomod:UnknownClassHEXA_GHOST_PURPLE+1","sneckomod:UnknownClassLichGold+1"],"picked":"sneckomod:UnknownClassINFINITE_BLACK+1","floor":27},{"not_picked":["sneckomod:UnknownVulnerable","sneckomod:UnknownUncommonSkill"],"picked":"sneckomod:UnknownClassINFINITE_BLACK+1","floor":27},{"not_picked":["sneckomod:UnknownExhaust+1","sneckomod:UnknownWeak+1"],"picked":"sneckomod:UnknownUncommonPower+1","floor":30},{"not_picked":["sneckomod:UnknownClassGREEN","sneckomod:UnknownClassBEAKED_YELLOW"],"picked":"sneckomod:UnknownClassBLUE+1","floor":30},{"not_picked":["sneckomod:Unknown2Cost+1","sneckomod:UnknownClassSLIMEBOUND+1"],"picked":"sneckomod:UnknownEthereal+1","floor":32},{"not_picked":["sneckomod:DiceBlock","sneckomod:UnknownWeak","sneckomod:UnknownCommonSkill"],"picked":"SKIP","floor":32},{"not_picked":["sneckomod:UnknownClassGUARDIAN+1","sneckomod:UnknownClassMARISA_DERIVATIONS+1"],"picked":"sneckomod:UnknownColorless+1","floor":33},{"not_picked":["sneckomod:Unknown3Cost","sneckomod:DangerNoodle"],"picked":"sneckomod:UnknownRareAttack","floor":33},{"not_picked":["sneckomod:UnknownClassTHE_CHAMP_GRAY+1","sneckomod:UnknownStrike+1"],"picked":"sneckomod:UnknownColorless+1","floor":36},{"not_picked":["sneckomod:UnknownCommonSkill","sneckomod:UnknownBlock+1"],"picked":"sneckomod:Nope+1","floor":36},{"not_picked":["sneckomod:UnknownClassLichGold+1","sneckomod:UnknownClassTHE_CURSED_PURPLE+1"],"picked":"sneckomod:UnknownClassGATHERER_LIME+1","floor":37},{"not_picked":["sneckomod:QuickMove+1","sneckomod:DiceCrush"],"picked":"sneckomod:UnknownClassRED+1","floor":37},{"not_picked":["sneckomod:Unknown1Cost+1","sneckomod:Unknown2Cost+1"],"picked":"sneckomod:UnknownRareSkill+1","floor":38},{"not_picked":["sneckomod:SoulDraw","sneckomod:SoulRoll","sneckomod:QuickBite"],"picked":"SKIP","floor":38}],"player_experience":215298,"relics_obtained":[{"floor":4,"key":"Quantum Egg"},{"floor":7,"key":"Orichalcum"},{"floor":9,"key":"infinitespire:PuzzleCube"},{"floor":19,"key":"Blood Vial"},{"floor":27,"key":"Bottled Lightning"},{"floor":35,"key":"HollowMod:LifeEnderRelic"},{"floor":36,"key":"CatCart"},{"floor":37,"key":"Omamori"}],"event_choices":[{"damage_healed":0,"gold_gain":0,"player_choice":"Upgraded","damage_taken":0,"max_hp_gain":0,"max_hp_loss":0,"event_name":"Upgrade Shrine","floor":5,"gold_loss":0,"cards_upgraded":["sneckomod:SnekBite"]},{"damage_healed":0,"gold_gain":0,"player_choice":"Fight","damage_taken":0,"max_hp_gain":0,"max_hp_loss":0,"event_name":"OrinTheCat","floor":36,"gold_loss":0}],"is_beta":false,"boss_relics":[{"not_picked":["ChewingGum","Pandora\u0027s Box"],"picked":"Coffee Dripper"},{"not_picked":["Kintsugi","Honey Jar"],"picked":"Replay:Wanted Poster"}],"items_purged_floors":[28],"is_endless":true,"potions_floor_spawned":[4,8,9,12,14,23,25,27,36,38],"killed_by":"3 Shapes","ascension_level":0}}