{"host":"m5n96f98ibl1zi71","time":1608114117,"event":{"mods":["Aspiration","BaseMod","Conspire","Curses Come First","Downfall","Hubris","Minty Spire (QoL Compilation)","Quick Restart","Shop Mod","StSLib","Uncapped"],"gold_per_floor":[113,133,58,58,58,86,86,118,145,163,163,178,196,19,19,116,116,127,2,2,2,2],"floor_reached":21,"playtime":1636,"items_purged":["Envenom","Injury","Envenom"],"score":287,"play_id":"71c87eee-6bad-441a-a202-dee83f078f2c","local_time":"20201216202157","daily_mods":["Specialized","Diverse","DeadlyEvents"],"is_ascension_mode":false,"campfire_choices":[{"floor":7,"key":"REST"},{"floor":11,"key":"REST"},{"floor":15,"key":"REST"}],"circlet_count":0,"master_deck":["Strike_B","Strike_B","Strike_B","Strike_B","Defend_B","Defend_B","Defend_B","Defend_B","Zap","Dualcast","Envenom","Envenom","Flying Knee","hexamod:EmpoweringStance+1","Guardian:TimeCapacitor+1","Leap","hexamod:PhantomCloak+1","After Image+1","hexamod:SoulSteal+1"],"relics":["Cracked Core","Frozen Egg 2","aspiration:HummingbirdHeart","Lantern","Nunchaku","hubris:Stopwatch","Nloth\u0027s Gift"],"acts_visited":["Exordium","TheCity"],"potions_floor_usage":[12,16,18],"damage_taken":[{"damage":4,"enemies":"Cultist","floor":1,"turns":5},{"damage":0,"enemies":"Small Slimes","floor":2,"turns":2},{"damage":21,"enemies":"Lagavulin","floor":6,"turns":7},{"damage":20,"enemies":"Gremlin Nob","floor":8,"turns":5},{"damage":5,"enemies":"Jaw Worm","floor":10,"turns":2},{"damage":3,"enemies":"Blue Slaver","floor":12,"turns":3},{"damage":7,"enemies":"Lots of Slimes","floor":13,"turns":5},{"damage":34,"enemies":"Hexaghost","floor":16,"turns":12},{"damage":67,"enemies":"3 Byrds","floor":18,"turns":9},{"damage":21,"enemies":"Book of Stabbing","floor":21,"turns":4}],"seed_played":"-7605257190676211568","potions_obtained":[{"floor":6,"key":"Regen Potion"},{"floor":8,"key":"Fire Potion"},{"floor":13,"key":"DuplicationPotion"}],"is_trial":true,"path_per_floor":["M","M","$","?","?","E","R","E","T","M","R","M","M","$","R","B",null,"M","$","?","E"],"character_chosen":"DEFECT","items_purchased":["hexamod:PhantomCloak+1"],"campfire_rested":3,"item_purchase_floors":[14],"current_hp_per_floor":[71,71,71,71,71,50,72,52,52,47,69,66,59,59,75,41,75,20,20,20,0,0],"gold":2,"neow_bonus":"","is_daily":false,"chose_seed":false,"campfire_upgraded":0,"win_rate":0.0,"timestamp":1608114117,"path_taken":["M","M","$","?","?","?","R","E","T","M","R","?","?","$","R","BOSS","M","?","?","?"],"items_purchased_type":["Card"],"build_version":"2020-12-13","purchased_purges":3,"victory":false,"max_hp_per_floor":[75,75,75,75,75,75,75,75,75,75,75,75,75,75,75,75,75,75,75,75,75,75],"card_choices":[{"not_picked":["hexamod:HeatCrush","sneckomod:QuickBite"],"picked":"Flying Knee","floor":1},{"not_picked":["sneckomod:SnakeSap","Indignation","Protect"],"picked":"SKIP","floor":2},{"not_picked":["Vengeance","Feel No Pain+1"],"picked":"hexamod:EmpoweringStance+1","floor":6},{"not_picked":["Crescendo","Backflip"],"picked":"Guardian:TimeCapacitor+1","floor":8},{"not_picked":["Coolheaded","Guardian:Gem_Lightblue"],"picked":"Leap","floor":10},{"not_picked":["Guardian:ShieldCharger","sneckomod:Nope","Slimebound:FormOfPuddle"],"picked":"SKIP","floor":12},{"not_picked":["Slimebound:FormOfPuddle","Guardian:Reroute","BowlingBash"],"picked":"SKIP","floor":13},{"not_picked":["Reaper","hexamod:GhostflameInferno"],"picked":"After Image+1","floor":16},{"not_picked":["Backflip","Prostrate"],"picked":"hexamod:SoulSteal+1","floor":18}],"player_experience":396434,"relics_obtained":[{"floor":6,"key":"aspiration:HummingbirdHeart"},{"floor":8,"key":"Lantern"},{"floor":9,"key":"Nunchaku"}],"event_choices":[{"cards_removed":["Envenom"],"damage_healed":0,"gold_gain":0,"player_choice":"Gave Card","damage_taken":0,"relics_obtained":["conspire:TopHat"],"max_hp_gain":0,"max_hp_loss":0,"event_name":"WeMeetAgain","floor":5,"gold_loss":0},{"damage_healed":0,"gold_gain":0,"player_choice":"Traded Relic","damage_taken":0,"relics_obtained":["Nloth\u0027s Gift"],"max_hp_gain":0,"max_hp_loss":0,"event_name":"N\u0027loth","floor":20,"relics_lost":["conspire:TopHat"],"gold_loss":0}],"is_beta":false,"boss_relics":[{"not_picked":["hubris:BlackHole","Snecko Eye"],"picked":"hubris:Stopwatch"}],"items_purged_floors":[3,14,19],"is_endless":true,"potions_floor_spawned":[6,8,13],"killed_by":"Book of Stabbing","ascension_level":0}}