{"host":"mkv3lj8gfkr85ioo","time":1608095293,"event":{"mods":["AchievementEnabler","BaseMod","Colored Map","Minty Spire (QoL Compilation)","SuperFastMode"],"gold_per_floor":[113,113,128,128,149,149,164,178,178,192,235,235,4,34,34,34,34],"floor_reached":16,"playtime":372,"items_purged":["Strike_B"],"score":102,"play_id":"458116a6-3b9c-4da0-993e-610389729598","local_time":"20201216140813","is_ascension_mode":false,"campfire_choices":[{"data":"Recycle","floor":6.0,"key":"SMITH"},{"floor":15,"key":"REST"}],"circlet_count":0,"master_deck":["Strike_B","Strike_B","Strike_B","Defend_B","Defend_B","Defend_B","Defend_B","Zap","Dualcast","Recycle+1","Streamline","Turbo+1","Coolheaded","Meteor Strike"],"relics":["Cracked Core","NeowsBlessing","Golden Idol","Mercury Hourglass","Bottled Lightning"],"acts_visited":["Exordium"],"potions_floor_usage":[],"damage_taken":[{"damage":0.0,"enemies":"2 Louse","floor":1.0,"turns":1.0},{"damage":0.0,"enemies":"Cultist","floor":3.0,"turns":1.0},{"damage":0.0,"enemies":"Small Slimes","floor":5.0,"turns":1.0},{"damage":7.0,"enemies":"Blue Slaver","floor":7.0,"turns":2.0},{"damage":2.0,"enemies":"Exordium Thugs","floor":8.0,"turns":4.0},{"damage":1.0,"enemies":"2 Fungi Beasts","floor":10.0,"turns":3.0},{"damage":30.0,"enemies":"Gremlin Nob","floor":11.0,"turns":4.0},{"damage":46,"enemies":"Hexaghost","floor":16,"turns":9}],"seed_played":"-7084389400848604496","potions_obtained":[{"floor":1.0,"key":"EssenceOfDarkness"},{"floor":7.0,"key":"Fruit Juice"}],"is_trial":false,"path_per_floor":["M","?","M","?","M","R","M","M","T","M","E","?","$","?","R","B"],"character_chosen":"DEFECT","items_purchased":["Meteor Strike"],"campfire_rested":1,"item_purchase_floors":[13],"current_hp_per_floor":[75,75,75,57,57,57,55,53,53,52,22,22,22,22,46,0,0],"gold":34,"neow_bonus":"THREE_ENEMY_KILL","is_daily":false,"chose_seed":false,"campfire_upgraded":1,"win_rate":0.0,"timestamp":1608095293,"path_taken":["M","?","?","?","M","R","M","M","T","M","E","?","$","?","R","BOSS"],"items_purchased_type":["Card"],"build_version":"2020-12-13","purchased_purges":1,"victory":false,"max_hp_per_floor":[75,75,75,75,75,75,80,80,80,80,80,80,80,80,80,80,80],"card_choices":[{"not_picked":["Steam","Compile Driver"],"picked":"Recycle","floor":1.0},{"not_picked":["Rebound","Static Discharge"],"picked":"Streamline","floor":3.0},{"not_picked":["Beam Cell","Tempest"],"picked":"Turbo","floor":5.0},{"not_picked":["Genetic Algorithm","Sunder"],"picked":"Coolheaded","floor":7.0},{"not_picked":["Hologram","Doom and Gloom","Genetic Algorithm"],"picked":"SKIP","floor":8.0},{"not_picked":["Cold Snap","FTL","Auto Shields"],"picked":"SKIP","floor":10.0},{"not_picked":["Heatsinks","Static Discharge","Recycle"],"picked":"SKIP","floor":11.0},{"not_picked":["Heatsinks","Static Discharge","Recycle"],"picked":"SKIP","floor":11.0}],"player_experience":159388,"relics_obtained":[{"floor":9.0,"key":"Mercury Hourglass"},{"floor":11.0,"key":"Bottled Lightning"}],"event_choices":[{"damage_healed":0.0,"max_hp_gain":0.0,"max_hp_loss":0.0,"gold_gain":0.0,"event_name":"NoteForYourself","player_choice":"Ignored","floor":2.0,"gold_loss":0.0,"damage_taken":0.0},{"damage_healed":0.0,"max_hp_gain":0.0,"max_hp_loss":0.0,"gold_gain":0.0,"event_name":"Golden Idol","player_choice":"Take Damage","floor":4.0,"gold_loss":0.0,"damage_taken":18.0,"relics_obtained":["Golden Idol"]},{"damage_healed":0.0,"max_hp_gain":0.0,"max_hp_loss":0.0,"gold_gain":0.0,"event_name":"Living Wall","player_choice":"Grow","floor":12.0,"gold_loss":0.0,"damage_taken":0.0,"cards_upgraded":["Turbo"]},{"damage_healed":0,"gold_gain":30,"player_choice":"Searched \u00272\u0027 times","damage_taken":0,"max_hp_gain":0,"max_hp_loss":0,"event_name":"Dead Adventurer","floor":14,"gold_loss":0}],"is_beta":false,"boss_relics":[],"items_purged_floors":[13],"is_endless":false,"potions_floor_spawned":[1,7],"killed_by":"Hexaghost","ascension_level":0}}