{"host":"y9jgkjnf95sujozk","time":1608134156,"event":{"mods":["2.2 Compatiblity","AchievementEnabler","BaseMod","Block Reminder","Colored Map","Colored Powertips","Downfall","Friendly Minions","GifTheSpireLib","Hermit","Highlight Path","MarisaÅiñ∂âJÅ@ñÇóùçπÅj","Minty Spire (QoL Compilation)","Random Character Button","Rare Cards Sparkle","Replay The Spire","StSLib","SuperFastMode","The Animator","The Bug Knight","The Cursed","The Servant 0.9.4"],"gold_per_floor":[111,111,131,153,165,195,214,214,214,238,20,20,20,20,20,122,122,144,159,159,179,179,213,213,149,176,116,136,152,252,270,270,380,380,404,418,34,34,34],"floor_reached":38,"playtime":1631,"items_purged":[],"score":598,"play_id":"211de1e8-1f24-4b15-b316-72e2cc8f3451","local_time":"20201216165556","is_ascension_mode":false,"campfire_choices":[{"floor":12,"key":"REST"},{"data":"Replay:SS_forest_6","floor":15,"key":"SMITH"},{"floor":24,"key":"REST"},{"floor":32,"key":"REST"}],"circlet_count":0,"master_deck":["hermit:Strike_Hermit+1","hermit:Strike_Hermit+1","hermit:Strike_Hermit+1","hermit:Strike_Hermit+1","hermit:Defend_Hermit+1","hermit:Defend_Hermit+1","hermit:Defend_Hermit+1","hermit:Defend_Hermit+1","hermit:Snapshot","hermit:Covet","hermit:GhostlyPresence","hermit:Scavenge","hermit:Headshot","hermit:Combo","hermit:Enervate","hermit:Quickdraw","hermit:Ricochet","hermit:Dive","hermit:Combo","Replay:SS_forest_6+1","hermit:HighNoon","hermit:Combo","hermit:Ricochet","hermit:Snipe+1","hermit:GhostlyPresence","hermit:Enervate","hermit:CalledShot","Sickly","Replay:Sssssssssshield","hermit:Dissolve","hermit:SprayPray","hermit:Manifest","hermit:Snipe","hermit:Purgatory","hermit:NoHoldsBarred+1","hermit:GhostlyPresence+1","hermit:Headshot","hermit:Snipe","Metamorphosis","Master of Strategy","Replay:SS_hec_4","Dark Shackles"],"relics":["hermit:Momento","Divine Protection","Bottled Flame","ReplayTheSpireMod:DimensionalGlitch","Nloth\u0027s Gift","Bronze Scales","ReplayTheSpireMod:CursedCoin","Regal Pillow","Unceasing Top","HornCleat","ChewingGum","ReplayTheSpireMod:ShopPack"],"acts_visited":["Exordium","TheCity","TheBeyond"],"potions_floor_usage":[6,6,6,6,16,23,23,33],"damage_taken":[{"damage":9,"enemies":"2 Louse","floor":1,"turns":3},{"damage":0,"enemies":"Cultist","floor":3,"turns":3},{"damage":0,"enemies":"Jaw Worm","floor":4,"turns":5},{"damage":3,"enemies":"2 Fungi Beasts","floor":5,"turns":3},{"damage":3,"enemies":"3 Sentries","floor":6,"turns":12},{"damage":10,"enemies":"Looter","floor":7,"turns":4},{"damage":0,"enemies":"Gremlin Gang","floor":10,"turns":4},{"damage":53,"enemies":"The Guardian","floor":16,"turns":16},{"damage":4,"enemies":"Spheric Guardian","floor":18,"turns":8},{"damage":0,"enemies":"3 Byrds","floor":19,"turns":4},{"damage":0,"enemies":"Shelled Parasite and Fungi","floor":21,"turns":5},{"damage":4,"enemies":"Book of Stabbing","floor":23,"turns":6},{"damage":0,"enemies":"Cultist and Chosen","floor":28,"turns":9},{"damage":3,"enemies":"Centurion and Healer","floor":29,"turns":9},{"damage":13,"enemies":"Colosseum Slavers","floor":30,"turns":5},{"damage":13,"enemies":"Colosseum Nobs","floor":30,"turns":4},{"damage":17,"enemies":"Snecko","floor":31,"turns":6},{"damage":61,"enemies":"Pondfish","floor":33,"turns":12},{"damage":0,"enemies":"Orb Walker","floor":35,"turns":5},{"damage":21,"enemies":"3 Darklings","floor":36,"turns":6},{"damage":71,"enemies":"Sphere and 2 Shapes","floor":38,"turns":4}],"seed_played":"2393068407851146708","potions_obtained":[{"floor":0,"key":"GamblersBrew"},{"floor":0,"key":"SpeedPotion"},{"floor":0,"key":"Swift Potion"},{"floor":2,"key":"EntropicBrew"},{"floor":2,"key":"FairyPotion"},{"floor":2,"key":"EssenceOfSteel"},{"floor":6,"key":"SkillPotion"},{"floor":7,"key":"LiquidMemories"},{"floor":16,"key":"SpeedPotion"},{"floor":31,"key":"Fire Potion"},{"floor":36,"key":"Slimebound:ThreeZeroPotion"}],"is_trial":false,"path_per_floor":["M","?","M","M","M","E","M","T","T","M","$","R","$","?","R","B",null,"M","M","?","M","?","E","R","$","T","?","M","M","?","M","R","B",null,"M","M","$","M"],"character_chosen":"HERMIT","items_purchased":["hermit:Dive","hermit:Combo","Replay:SS_forest_6","hermit:Enervate","hermit:CalledShot","ReplayTheSpireMod:CursedCoin","Replay:Sssssssssshield","hermit:Headshot","hermit:Snipe","ReplayTheSpireMod:ShopPack","Metamorphosis"],"campfire_rested":3,"item_purchase_floors":[11,11,11,25,25,25,25,37,37,37,37],"current_hp_per_floor":[66,66,66,66,63,60,50,50,50,50,50,72,72,75,75,22,75,71,71,71,71,71,67,75,75,75,75,75,75,49,38,75,14,75,75,54,54,0,0],"gold":34,"neow_bonus":"THREE_SMALL_POTIONS","is_daily":false,"chose_seed":false,"campfire_upgraded":1,"win_rate":0.0,"timestamp":1608134156,"path_taken":["M","?","M","?","M","E","M","?","T","M","$","R","?","?","R","BOSS","M","M","?","?","?","E","R","$","T","?","M","M","?","M","R","BOSS","M","M","$","M"],"items_purchased_type":["Card","Card","Card","Card","Card","Relic","Card","Card","Card","Relic","Card"],"build_version":"2020-12-13","purchased_purges":0,"victory":false,"max_hp_per_floor":[75,75,75,75,75,75,75,75,75,75,75,75,75,75,75,75,75,75,75,75,75,75,75,75,75,75,75,75,75,75,75,75,75,75,75,75,75,75,75],"card_choices":[{"not_picked":["hermit:LowProfile","hermit:CalledShot"],"picked":"hermit:GhostlyPresence","floor":1},{"not_picked":["hermit:SprayPray","hermit:Determination"],"picked":"hermit:Scavenge","floor":3},{"not_picked":["hermit:BodyArmor","hermit:TakeAim"],"picked":"hermit:Headshot","floor":4},{"not_picked":["hermit:SprayPray","hermit:DeadMansHand"],"picked":"hermit:Combo","floor":5},{"not_picked":["hermit:HighNoon","hermit:EyeOfTheStorm"],"picked":"hermit:Enervate","floor":6},{"not_picked":["hermit:LoneWolf","hermit:Desperado"],"picked":"hermit:Quickdraw","floor":7},{"not_picked":["hermit:TakeCover","hermit:Midnight"],"picked":"hermit:Ricochet","floor":10},{"not_picked":["hermit:FatalDesire","hermit:Gambit"],"picked":"hermit:HighNoon","floor":16},{"not_picked":["hermit:Quickdraw","hermit:Coalescence+1"],"picked":"hermit:Combo","floor":18},{"not_picked":["hermit:Roulette","hermit:TakeCover"],"picked":"hermit:Ricochet","floor":19},{"not_picked":["hermit:Glare","hermit:Vantage+1"],"picked":"hermit:Snipe+1","floor":21},{"not_picked":["hermit:FlashPowder","hermit:Cheat"],"picked":"hermit:GhostlyPresence","floor":23},{"not_picked":["hermit:Showdown+1","hermit:WideOpen+1"],"picked":"hermit:Dissolve","floor":28},{"not_picked":["hermit:RoundhouseKick","hermit:Desperado"],"picked":"hermit:SprayPray","floor":29},{"not_picked":["hermit:NoHoldsBarred","hermit:Midnight"],"picked":"hermit:Manifest","floor":30},{"not_picked":["hermit:SprayPray","hermit:HighCaliber+1"],"picked":"hermit:Snipe","floor":31},{"not_picked":["hermit:Dissolve","hermit:Magnum"],"picked":"hermit:Purgatory","floor":33},{"not_picked":["hermit:Misfire","hermit:WideOpen+1"],"picked":"hermit:NoHoldsBarred+1","floor":35},{"not_picked":["hermit:FromBeyond","hermit:EyeOfTheStorm+1"],"picked":"hermit:GhostlyPresence+1","floor":36},{"not_picked":["HandOfGreed","Sadistic Nature"],"picked":"Master of Strategy","floor":37},{"not_picked":["Dramatic Entrance","Purity"],"picked":"Replay:SS_hec_4","floor":37},{"not_picked":["Trip","ReplayTheSpireMod:Trickstab"],"picked":"Dark Shackles","floor":37}],"player_experience":96251,"relics_obtained":[{"floor":6,"key":"Replay:Accelerometer"},{"floor":8,"key":"Divine Protection"},{"floor":9,"key":"Bottled Flame"},{"floor":23,"key":"Bronze Scales"},{"floor":26,"key":"Regal Pillow"},{"floor":30,"key":"Unceasing Top"},{"floor":30,"key":"HornCleat"}],"event_choices":[{"damage_healed":0,"gold_gain":0,"player_choice":"Got Potions","damage_taken":0,"max_hp_gain":0,"max_hp_loss":0,"event_name":"Lab","floor":2,"gold_loss":0},{"damage_healed":25,"gold_gain":0,"player_choice":"Banana","damage_taken":0,"max_hp_gain":0,"max_hp_loss":0,"event_name":"Big Fish","floor":14,"gold_loss":0},{"damage_healed":0,"gold_gain":0,"player_choice":"Traded Relic","damage_taken":0,"relics_obtained":["Nloth\u0027s Gift"],"max_hp_gain":0,"max_hp_loss":0,"event_name":"N\u0027loth","floor":20,"relics_lost":["Replay:Accelerometer"],"gold_loss":0},{"damage_healed":0,"gold_gain":0,"player_choice":"Simplicity","damage_taken":0,"max_hp_gain":0,"max_hp_loss":0,"event_name":"Back to Basics","floor":22,"gold_loss":0,"cards_upgraded":["hermit:Strike_Hermit","hermit:Strike_Hermit","hermit:Strike_Hermit","hermit:Strike_Hermit","hermit:Defend_Hermit","hermit:Defend_Hermit","hermit:Defend_Hermit","hermit:Defend_Hermit"]},{"damage_healed":0,"gold_gain":0,"player_choice":"Fight","damage_taken":0,"max_hp_gain":0,"max_hp_loss":0,"event_name":"Colosseum","floor":30,"gold_loss":0},{"damage_healed":0,"gold_gain":0,"player_choice":"Fought Nobs","damage_taken":0,"max_hp_gain":0,"max_hp_loss":0,"event_name":"Colosseum","floor":30,"gold_loss":0}],"is_beta":false,"boss_relics":[{"not_picked":["Runic Pyramid","expansioncontent:StudyCardRelic"],"picked":"ReplayTheSpireMod:DimensionalGlitch"},{"not_picked":["Tiny House","hermit:BartenderGlass"],"picked":"ChewingGum"}],"items_purged_floors":[],"is_endless":false,"potions_floor_spawned":[4,5,6,7,16,18,21,30,31,36],"killed_by":"Sphere and 2 Shapes","ascension_level":0}}