{"host":"1hv1kueuvc4r3rdp","time":1608098437,"event":{"mods":["AchievementEnabler","BaseMod","DeckTracker","Highlight Path","Minty Spire (QoL Compilation)","Permanent Neow","StSLib"],"gold_per_floor":[363,52,69,69,89,89,114,129,180,180,212,223,256,274,274,371,371,353,84,84,99,113,113,125,157,181,197,212,212,229,229,229,229,229],"floor_reached":33,"playtime":1658,"items_purged":["Strike_G"],"score":393,"play_id":"eb671fb3-fd32-4821-b504-38d40ac6af39","local_time":"20201216000037","is_ascension_mode":true,"campfire_choices":[{"data":"All Out Attack","floor":6,"key":"SMITH"},{"floor":15,"key":"REST"},{"floor":23,"key":"REST"},{"floor":29,"key":"REST"},{"floor":32,"key":"REST"}],"circlet_count":0,"master_deck":["Strike_G","Strike_G","Strike_G","Strike_G","Defend_G","Defend_G","Defend_G","Defend_G","Defend_G","Survivor","Neutralize","All Out Attack+1","Quick Slash","Caltrops+1","Predator","Well Laid Plans","Storm of Steel","Sucker Punch","Bouncing Flask+1","Backflip","Leg Sweep","Bane","PiercingWail","Terror","Concentrate"],"relics":["Ring of the Snake","InkBottle","Ornamental Fan","Snake Skull","Anchor","Calipers","Runic Pyramid","TwistedFunnel","Kunai","Dream Catcher"],"acts_visited":["Exordium","TheCity"],"potions_floor_usage":[11,13,16,24,25,25,27],"damage_taken":[{"damage":0,"enemies":"2 Louse","floor":1,"turns":4},{"damage":3,"enemies":"Cultist","floor":3,"turns":5},{"damage":0,"enemies":"Small Slimes","floor":5,"turns":2},{"damage":7,"enemies":"3 Sentries","floor":7,"turns":5},{"damage":0,"enemies":"3 Louse","floor":8,"turns":3},{"damage":17,"enemies":"Lagavulin","floor":11,"turns":5},{"damage":0,"enemies":"Large Slime","floor":12,"turns":4},{"damage":11,"enemies":"3 Sentries","floor":13,"turns":4},{"damage":0,"enemies":"2 Fungi Beasts","floor":14,"turns":2},{"damage":37,"enemies":"Hexaghost","floor":16,"turns":10},{"damage":18,"enemies":"2 Thieves","floor":18,"turns":4},{"damage":20,"enemies":"Spheric Guardian","floor":21,"turns":4},{"damage":8,"enemies":"Snake Plant","floor":22,"turns":3},{"damage":1,"enemies":"Shelled Parasite and Fungi","floor":24,"turns":3},{"damage":6,"enemies":"Gremlin Leader","floor":25,"turns":4},{"damage":9,"enemies":"3 Cultists","floor":27,"turns":4},{"damage":0,"enemies":"Centurion and Healer","floor":28,"turns":4},{"damage":18,"enemies":"Snecko","floor":30,"turns":6},{"damage":43,"enemies":"Collector","floor":33,"turns":6}],"seed_played":"4692663283528590995","potions_obtained":[{"floor":1,"key":"FairyPotion"},{"floor":3,"key":"Energy Potion"},{"floor":11,"key":"LiquidMemories"},{"floor":16,"key":"Explosive Potion"},{"floor":18,"key":"Fire Potion"},{"floor":25,"key":"ColorlessPotion"},{"floor":27,"key":"Swift Potion"}],"is_trial":false,"path_per_floor":["M","$","M","?","M","R","E","M","T","?","E","M","E","M","R","B",null,"M","$","?","M","M","R","M","E","T","M","M","R","M","?","R","B"],"character_chosen":"THE_SILENT","items_purchased":["InkBottle","Fire Potion","TwistedFunnel","AttackPotion"],"campfire_rested":4,"item_purchase_floors":[2,2,19,19],"current_hp_per_floor":[45,45,42,42,42,42,35,35,35,35,18,18,7,7,28,12,56,38,38,38,18,10,31,30,24,24,15,15,36,18,18,39,0,0],"gold":229,"neow_bonus":"TWO_FIFTY_GOLD","is_daily":false,"chose_seed":false,"campfire_upgraded":1,"win_rate":0.0,"timestamp":1608098437,"path_taken":["M","$","M","?","?","R","E","M","T","?","E","M","E","M","R","BOSS","M","$","?","M","M","R","M","E","T","M","M","R","M","?","R","BOSS"],"items_purchased_type":["Relic","Potion","Relic","Potion"],"build_version":"2020-12-13","purchased_purges":1,"victory":false,"max_hp_per_floor":[70,70,70,70,70,70,70,70,70,70,70,70,70,70,70,70,70,70,70,70,70,70,70,70,70,70,70,70,70,70,70,70,70,70],"card_choices":[{"not_picked":["Blur","PiercingWail","Calculated Gamble"],"picked":"SKIP","floor":1},{"not_picked":["Blur","Flying Knee"],"picked":"All Out Attack","floor":3},{"not_picked":["Prepared","Footwork"],"picked":"Quick Slash","floor":5},{"not_picked":["Blur","Heel Hook"],"picked":"Caltrops","floor":7},{"not_picked":["Blur","Prepared","Slice"],"picked":"SKIP","floor":8},{"not_picked":["Dodge and Roll","Masterful Stab"],"picked":"Predator","floor":11},{"not_picked":["Reflex","Quick Slash"],"picked":"Well Laid Plans","floor":12},{"not_picked":["Eviscerate","Setup","PiercingWail"],"picked":"SKIP","floor":13},{"not_picked":["Bane","Backflip","Accuracy"],"picked":"SKIP","floor":14},{"not_picked":["Tools of the Trade","Venomology"],"picked":"Storm of Steel","floor":16},{"not_picked":["Dagger Spray","Infinite Blades"],"picked":"Sucker Punch","floor":18},{"not_picked":["Flying Knee","Flechettes"],"picked":"Bouncing Flask","floor":21},{"not_picked":["Dagger Spray","Poisoned Stab"],"picked":"Backflip","floor":22},{"not_picked":["Doppelganger","Flying Knee+1","Backflip"],"picked":"SKIP","floor":24},{"not_picked":["Sucker Punch+1","Outmaneuver"],"picked":"Leg Sweep","floor":25},{"not_picked":["Crippling Poison+1","Flying Knee"],"picked":"Bane","floor":27},{"not_picked":["Sucker Punch","Expertise","Deadly Poison"],"picked":"SKIP","floor":28},{"not_picked":["Dodge and Roll","Bane"],"picked":"PiercingWail","floor":29},{"not_picked":["Cloak And Dagger+1","Blur"],"picked":"Terror","floor":30},{"not_picked":["Heel Hook","Dodge and Roll"],"picked":"Concentrate","floor":32}],"player_experience":1019270,"relics_obtained":[{"floor":7,"key":"Ornamental Fan"},{"floor":9,"key":"Snake Skull"},{"floor":11,"key":"Anchor"},{"floor":13,"key":"Calipers"},{"floor":25,"key":"Kunai"},{"floor":26,"key":"Dream Catcher"}],"event_choices":[{"damage_healed":0,"gold_gain":0,"player_choice":"Ignored","damage_taken":0,"max_hp_gain":0,"max_hp_loss":0,"event_name":"Purifier","floor":4,"gold_loss":0},{"damage_healed":0,"gold_gain":0,"player_choice":"Forge","damage_taken":0,"max_hp_gain":0,"max_hp_loss":0,"event_name":"Accursed Blacksmith","floor":10,"gold_loss":0,"cards_upgraded":["Caltrops"]},{"damage_healed":0,"gold_gain":0,"player_choice":"Ignored","damage_taken":0,"max_hp_gain":0,"max_hp_loss":0,"event_name":"Cursed Tome","floor":20,"gold_loss":0},{"damage_healed":0,"gold_gain":0,"player_choice":"Upgraded","damage_taken":0,"max_hp_gain":0,"max_hp_loss":0,"event_name":"Upgrade Shrine","floor":31,"gold_loss":0,"cards_upgraded":["Bouncing Flask"]}],"is_beta":false,"boss_relics":[{"not_picked":["Philosopher\u0027s Stone","Snecko Eye"],"picked":"Runic Pyramid"}],"items_purged_floors":[19],"is_endless":false,"potions_floor_spawned":[1,3,5,11,12,16,18,22,25,27],"killed_by":"Collector","ascension_level":7}}