{"host":"jak4ncvfzor9mys0","time":1608088916,"event":{"mods":["2.2 Compatiblity","AchievementEnabler","BaseMod","Better Altar","Better Match","Better Note","Better Sensory Stone","Better Skull","Better Third Choice","BetterRewards","Block Reminder","Colored Map","Colored Powertips","Energized Spire","Gold Saver","Hubris","Infinite Spire","Key Reminder","Minty Spire (QoL Compilation)","Rare Cards Sparkle","Red Circlet Mod","Relic Sorter","Relic Stats","Replay The Spire","Retaliation","StSLib","SuperFastMode","The Blue Laboratory"],"gold_per_floor":[2646,2646,2658,2673,2673,2698,2698,2712,2712,2712,2712,2724,2310,2324,2324,2419,2419,2430,2442,2455,2455,2076,2101,2120,2120,2120,2155,2155,2166,2166,2166,2166,2409,2409,2584,2584,2766,2766,2957,2957,2957,2957,2957,2957,3159,2845,2845,3042,3042,3042,3042],"floor_reached":50,"playtime":2753,"items_purged":[],"score":882,"play_id":"4a3d5526-587b-4bec-8a61-aa66917160e9","local_time":"20201215192156","is_ascension_mode":false,"campfire_choices":[{"data":"Sever Soul","floor":7,"key":"SMITH"},{"data":"ReplayTheSpireMod:Strike From Hell","floor":10,"key":"SMITH"},{"data":"infinitespire:OneForAll","floor":15,"key":"SMITH"},{"data":"True Grit","floor":25,"key":"SMITH"},{"data":"DDmod:PlatedThornsSkill","floor":28,"key":"SMITH"},{"data":"Defy Death","floor":30,"key":"SMITH"},{"floor":32,"key":"REST"},{"data":"infinitespire:OneForAll","floor":40,"key":"SMITH"},{"data":"Ghostly Armor","floor":42,"key":"SMITH"},{"data":"Warcry","floor":44,"key":"SMITH"},{"data":"True Grit","floor":49,"key":"SMITH"}],"circlet_count":0,"master_deck":["Strike_R","Strike_R","Strike_R","Strike_R","Strike_R","Defend_R","Defend_R","Defend_R","Defend_R","Bash","hubris:ReadiedAction","DDmod:EasePowerCard+1","Disarm","Sever Soul+1","Warcry+1","Ghostly Armor+1","ReplayTheSpireMod:Strike From Hell+1","Power Through","infinitespire:OneForAll+1","True Grit+1","Defy Death+1","Burning Pact","True Grit+1","infinitespire:OneForAll+1","DDmod:PlatedThornsSkill+1","Fiend Fire","Bloodletting+1","Hallucinations","hubris:Sloth","infinitespire:Fortify","ReplayTheSpireMod:Muscle Training+1"],"relics":["Burning Blood","Letter Opener","hubris:Spice","hubris:MedicalManual","Unceasing Top","Gambling Chip","hubris:ChampionShield","Mercury Hourglass","Orrery","infinitespire:Burning Sword","Iron Hammer","infinitespire:Broken Mirror","Bloody Idol","infinitespire:EvilPickle","ChewingGum","Quantum Egg"],"acts_visited":["Exordium","TheCity","TheBeyond"],"potions_floor_usage":[16,16,23,39,50,50],"damage_taken":[{"damage":4,"enemies":"2 Louse","floor":1,"turns":4},{"damage":1,"enemies":"Cultist","floor":3,"turns":3},{"damage":0,"enemies":"Small Slimes","floor":4,"turns":3},{"damage":19,"enemies":"Replay:BlueRogue","floor":6,"turns":8},{"damage":9,"enemies":"3 Louse","floor":8,"turns":5},{"damage":0,"enemies":"Blue Slaver","floor":12,"turns":5},{"damage":6,"enemies":"2 Fungi Beasts","floor":14,"turns":5},{"damage":63,"enemies":"Slime Boss","floor":16,"turns":19},{"damage":39,"enemies":"Spheric Guardian","floor":18,"turns":6},{"damage":22,"enemies":"2 Thieves","floor":19,"turns":4},{"damage":31,"enemies":"Shelled Parasite and Fungi","floor":20,"turns":6},{"damage":41,"enemies":"Slavers","floor":23,"turns":9},{"damage":21,"enemies":"Cultist and Chosen","floor":24,"turns":5},{"damage":50,"enemies":"Nightmare","floor":27,"turns":14},{"damage":32,"enemies":"Sentry and Sphere","floor":29,"turns":5},{"damage":41,"enemies":"Pondfish","floor":33,"turns":14},{"damage":8,"enemies":"3 Shapes","floor":35,"turns":2},{"damage":5,"enemies":"3 Darklings","floor":37,"turns":3},{"damage":38,"enemies":"Transient","floor":39,"turns":5},{"damage":26,"enemies":"Spire Growth","floor":45,"turns":6},{"damage":32,"enemies":"Sphere and 2 Shapes","floor":48,"turns":4},{"damage":138,"enemies":"hubris:GrandSnecko","floor":50,"turns":15}],"seed_played":"6885124879229463712","potions_obtained":[{"floor":3,"key":"blueLaboratory:TrueEctoplasm"},{"floor":6,"key":"blueLaboratory:AbyssPotion"},{"floor":14,"key":"DistilledChaos"},{"floor":16,"key":"blueLaboratory:FruitPreserves"},{"floor":20,"key":"blueLaboratory:RememoryPotion"},{"floor":24,"key":"blueLaboratory:HorrorPotion"},{"floor":27,"key":"ElixirPotion"},{"floor":29,"key":"blueLaboratory:CorrosionFlask"},{"floor":35,"key":"Fire Potion"},{"floor":45,"key":"blueLaboratory:BottleOfRum"}],"is_trial":false,"path_per_floor":["M","?","M","M","?","E","R","M","T","R","?","M","$","M","R","B",null,"M","M","M","?","$","E","M","R","T","NM","R","M","R","?","R","B",null,"M","AVR","M","?","M","R","?","R","T","R","M","$","?","M","R","B"],"character_chosen":"IRONCLAD","items_purchased":["hubris:ReadiedAction","DDmod:EasePowerCard","hubris:MedicalManual","Unceasing Top","Disarm","True Grit","Mercury Hourglass","Orrery","Iron Hammer","DDmod:PlatedThornsSkill","hubris:Spice"],"campfire_rested":1,"item_purchase_floors":[0,0,0,0,0,13,13,13,22,22,46],"current_hp_per_floor":[80,85,85,85,85,76,76,76,76,76,76,85,85,85,85,64,85,62,46,43,43,43,74,79,79,87,75,75,69,69,22,49,76,93,93,93,93,93,82,82,82,82,90,90,101,93,93,85,85,0,0],"gold":3042,"neow_bonus":"","is_daily":false,"chose_seed":false,"campfire_upgraded":10,"win_rate":0.0,"timestamp":1608088916,"path_taken":["M","?","M","M","?","E","R","?","T","R","?","M","$","M","R","BOSS","M","M","M","?","$","E","M","R","T","NM","R","M","R","?","R","BOSS","M","AVR","M","?","M","R","?","R","T","R","M","$","?","M","R","BOSS"],"items_purchased_type":["Card","Card","Relic","Relic","Card","Card","Relic","Relic","Relic","Card","Relic"],"build_version":"2020-12-13","purchased_purges":0,"victory":false,"max_hp_per_floor":[80,85,85,85,85,85,85,85,85,85,85,85,85,85,85,85,85,85,85,85,85,85,85,85,85,93,93,93,93,93,93,93,93,93,93,93,93,93,93,93,93,93,101,101,101,93,93,93,93,93,93],"relic_stats":{"counters":[132,617],"Gambling Chip":[42],"Bloody Idol":39,"Letter Opener":[89],"obtain_stats":[{"Ice Cream":79,"hubris:CrystalStatue":19,"Bottled Tornado":28,"hubris:MysteriousPyramids":37,"Ring of Searing":7,"Old Coin":89,"energizedSpire:TabascoSauce":17,"Iron Hammer":99,"Replay:Wax Seal":53,"Pear":43,"Ring of Hypnosis":7,"Ring of Chaos":25,"infinitespire:Beetle Shell":40,"Letter Opener":27,"Question Card":28,"Akabeko":5,"infinitespire:EvilPickle":33,"ReplayTheSpireMod:Spearhead":0,"Bottled Flame":26,"DDmod:StuhbiRelic":10,"Shuriken":0,"infinitespire:Broken Mirror":23,"Molten Egg 2":77,"hubris:ToyBattleship":24,"Mirror":103,"Unceasing Top":0,"Pocketwatch":2,"hubris:Metronome":9,"Lantern":6,"Torii":31,"Blue Doll":5,"Mango":97,"hubris:SlimyHat":0,"Juzu Bracelet":22,"Cursed Key":17,"Empty Cage":34,"Burning Blood":0,"ClockworkSouvenir":3,"Shovel":13,"Chameleon Ring":85,"infinitespire:Bottled Soul":63,"hubris:Stopwatch":17,"Pantograph":74,"Gambling Chip":6,"hubris:ScarierMask":17,"Tiny Chest":9,"hubris:IronBody":13,"Replay:Bottled Eggs":26,"infinitespire:Eraser":94,"hubris:ChampionShield":105,"energizedSpire:DecayingSkull":17,"Red Skull":3,"Potion Belt":9,"Gremlin Food":23,"hubris:DisguiseKit":11,"NeowsBlessing":0,"infinitespire:CursedDice":7,"Golden Idol":5,"Quantum Egg":36,"Replay:WaspNest":0,"PreservedInsect":9,"hubris:MedicalManual":0,"infinitespire:Lucky Rock":7,"Replay:Arrowhead":85,"Mercury Hourglass":13,"Calling Bell":85,"Cauldron":25,"hubris:Spice":26,"betterThird:SlimedRelic":2,"Bloody Idol":31,"Orrery":13,"ChewingGum":34,"Bag of Marbles":46,"infinitespire:Burning Sword":17,"Membership Card":0,"Champion Belt":6,"DDmod:BarbedSlagRelic":11,"ReplayTheSpireMod:Lightbulb":8,"TungstenRod":53,"infinitespire:Midas Blood":4},{"Ice Cream":99,"hubris:CrystalStatue":8,"Bottled Tornado":12,"hubris:MysteriousPyramids":74,"Ring of Searing":60,"Old Coin":104,"energizedSpire:TabascoSauce":54,"Iron Hammer":107,"Replay:Wax Seal":84,"Pear":78,"Ring of Hypnosis":60,"Ring of Chaos":11,"infinitespire:Beetle Shell":76,"Letter Opener":124,"Question Card":68,"Akabeko":2,"infinitespire:EvilPickle":72,"ReplayTheSpireMod:Spearhead":37,"Bottled Flame":68,"DDmod:StuhbiRelic":29,"Shuriken":47,"infinitespire:Broken Mirror":122,"Molten Egg 2":97,"hubris:ToyBattleship":11,"Mirror":108,"Unceasing Top":110,"Pocketwatch":38,"hubris:Metronome":3,"Lantern":51,"Torii":71,"Blue Doll":16,"Mango":107,"hubris:SlimyHat":57,"Juzu Bracelet":66,"Cursed Key":64,"Empty Cage":72,"Burning Blood":0,"ClockworkSouvenir":15,"Shovel":30,"Chameleon Ring":101,"infinitespire:Bottled Soul":89,"hubris:Stopwatch":7,"Pantograph":96,"Gambling Chip":114,"hubris:ScarierMask":32,"Tiny Chest":17,"hubris:IronBody":62,"Replay:Bottled Eggs":11,"infinitespire:Eraser":106,"hubris:ChampionShield":109,"energizedSpire:DecayingSkull":20,"Red Skull":25,"Potion Belt":60,"Gremlin Food":67,"hubris:DisguiseKit":4,"NeowsBlessing":0,"infinitespire:CursedDice":17,"Golden Idol":26,"Quantum Egg":127,"Replay:WaspNest":24,"PreservedInsect":29,"hubris:MedicalManual":110,"infinitespire:Lucky Rock":3,"Replay:Arrowhead":101,"Mercury Hourglass":116,"Calling Bell":101,"Cauldron":11,"hubris:Spice":123,"betterThird:SlimedRelic":1,"Bloody Idol":125,"Orrery":116,"ChewingGum":126,"Bag of Marbles":80,"infinitespire:Burning Sword":118,"Membership Card":14,"Champion Belt":27,"DDmod:BarbedSlagRelic":29,"ReplayTheSpireMod:Lightbulb":41,"TungstenRod":84,"infinitespire:Midas Blood":39},{"Ice Cream":427,"hubris:CrystalStatue":35,"Bottled Tornado":59,"hubris:MysteriousPyramids":361,"Ring of Searing":315,"Old Coin":444,"energizedSpire:TabascoSauce":283,"Iron Hammer":454,"Replay:Wax Seal":407,"Pear":380,"Ring of Hypnosis":315,"Ring of Chaos":55,"infinitespire:Beetle Shell":372,"Letter Opener":564,"Question Card":342,"Akabeko":2,"infinitespire:EvilPickle":356,"ReplayTheSpireMod:Spearhead":202,"Bottled Flame":342,"DDmod:StuhbiRelic":152,"Shuriken":256,"infinitespire:Broken Mirror":545,"Molten Egg 2":424,"hubris:ToyBattleship":55,"Mirror":460,"Unceasing Top":468,"Pocketwatch":205,"hubris:Metronome":3,"Lantern":269,"Torii":349,"Blue Doll":82,"Mango":454,"hubris:SlimyHat":305,"Juzu Bracelet":336,"Cursed Key":330,"Empty Cage":356,"Burning Blood":0,"ClockworkSouvenir":78,"Shovel":159,"Chameleon Ring":434,"infinitespire:Bottled Soul":414,"hubris:Stopwatch":26,"Pantograph":423,"Gambling Chip":486,"hubris:ScarierMask":174,"Tiny Chest":89,"hubris:IronBody":320,"Replay:Bottled Eggs":55,"infinitespire:Eraser":452,"hubris:ChampionShield":463,"energizedSpire:DecayingSkull":106,"Red Skull":134,"Potion Belt":315,"Gremlin Food":340,"hubris:DisguiseKit":5,"NeowsBlessing":0,"infinitespire:CursedDice":89,"Golden Idol":137,"Quantum Egg":585,"Replay:WaspNest":132,"PreservedInsect":152,"hubris:MedicalManual":468,"infinitespire:Lucky Rock":3,"Replay:Arrowhead":434,"Mercury Hourglass":496,"Calling Bell":434,"Cauldron":55,"hubris:Spice":550,"betterThird:SlimedRelic":1,"Bloody Idol":569,"Orrery":496,"ChewingGum":583,"Bag of Marbles":388,"infinitespire:Burning Sword":520,"Membership Card":75,"Champion Belt":144,"DDmod:BarbedSlagRelic":152,"ReplayTheSpireMod:Lightbulb":215,"TungstenRod":407,"infinitespire:Midas Blood":209}],"Burning Blood":598,"Unceasing Top":[26],"Mercury Hourglass":[470]},"card_choices":[{"not_picked":["Thunderclap","Clothesline"],"picked":"Sever Soul","floor":1},{"not_picked":["Shockwave","Dual Wield"],"picked":"Warcry","floor":3},{"not_picked":["Cleave","Massacre","DDmod:EasePowerCard"],"picked":"SKIP","floor":4},{"not_picked":["Searing Blow","DDmod:PokeAttack"],"picked":"ReplayTheSpireMod:Strike From Hell","floor":6},{"not_picked":["Anger","Headbutt"],"picked":"Power Through","floor":8},{"not_picked":["Feed","Heavy Blade"],"picked":"infinitespire:OneForAll","floor":12},{"not_picked":["Clash","Anger"],"picked":"Defy Death","floor":13},{"not_picked":["DDmod:UnstoppableAttack","ReplayTheSpireMod:Muscle Training"],"picked":"Burning Pact","floor":13},{"not_picked":["Armaments","Clothesline"],"picked":"True Grit","floor":13},{"not_picked":["DDmod:EasePowerCard","DDmod:UnstoppableAttack","Whirlwind"],"picked":"SKIP","floor":14},{"not_picked":["Rupture","Dual Wield+1","Metallicize"],"picked":"SKIP","floor":18},{"not_picked":["Searing Blow","hubris:ReadiedAction","Headbutt"],"picked":"SKIP","floor":19},{"not_picked":["Clash","Clothesline"],"picked":"infinitespire:OneForAll","floor":20},{"not_picked":["Power Through","Run Through","DDmod:PokeAttack+1"],"picked":"SKIP","floor":23},{"not_picked":["Pommel Strike","Whirlwind","Iron Wave"],"picked":"SKIP","floor":24},{"not_picked":["True Grit","Intimidate","Armaments+1"],"picked":"SKIP","floor":27},{"not_picked":["Battle Trance+1","Metallicize+1","ReplayTheSpireMod:LeadingStrike"],"picked":"SKIP","floor":29},{"not_picked":["DDmod:SpikeShotSkill","Double Tap"],"picked":"Fiend Fire","floor":33},{"not_picked":["DDmod:ScaleUpSkill+1","Headbutt+1"],"picked":"Bloodletting+1","floor":35},{"not_picked":["Rampage+1","DDmod:CallousedSkill","Sword Boomerang"],"picked":"SKIP","floor":37},{"not_picked":["Havoc","Anger+1","DDmod:RechargeSkill"],"picked":"SKIP","floor":39},{"not_picked":["infinitespire:FinalStrike","infinitespire:SevenWalls"],"picked":"infinitespire:Fortify","floor":41},{"not_picked":["Havoc+1","Headbutt","Shrug It Off+1"],"picked":"SKIP","floor":45},{"not_picked":["Iron Wave","Run Through"],"picked":"ReplayTheSpireMod:Muscle Training+1","floor":48}],"player_experience":2616084,"relics_obtained":[{"floor":6,"key":"Gambling Chip"},{"floor":9,"key":"hubris:ChampionShield"},{"floor":23,"key":"infinitespire:Broken Mirror"},{"floor":26,"key":"hubris:Spice"},{"floor":27,"key":"Letter Opener"},{"floor":43,"key":"hubris:Spice"}],"event_choices":[{"damage_healed":0,"gold_gain":0,"player_choice":"Donut","damage_taken":0,"max_hp_gain":5,"max_hp_loss":0,"event_name":"Big Fish","floor":2,"gold_loss":0},{"damage_healed":0,"gold_gain":0,"player_choice":"Ignored","damage_taken":0,"max_hp_gain":0,"max_hp_loss":0,"event_name":"betterNote:BetterNote","floor":21,"gold_loss":0,"cards_obtained":["Defend_R"]},{"damage_healed":0,"gold_gain":0,"player_choice":" Idol ","damage_taken":47,"relics_obtained":["Bloody Idol"],"max_hp_gain":69,"max_hp_loss":22,"event_name":"betterAltar:BetterAltar","floor":31,"potions_obtained":[],"relics_lost":[],"gold_loss":0},{"damage_healed":0,"gold_gain":0,"player_choice":"Ignored","damage_taken":0,"max_hp_gain":0,"max_hp_loss":0,"event_name":"betterThird:BetterPortal","floor":47,"gold_loss":0}],"is_beta":false,"boss_relics":[{"not_picked":["energizedSpire:DeadBattery","energizedSpire:SpiderWeb"],"picked":"infinitespire:Burning Sword"},{"not_picked":["energizedSpire:OgreHead","Snecko Heart"],"picked":"ChewingGum"}],"items_purged_floors":[],"is_endless":true,"potions_floor_spawned":[3,6,14,16,20,24,27,29,35,37,45],"killed_by":"hubris:GrandSnecko","ascension_level":0}}