{"host":"b6iqmq74l2bwzb3l","time":1608144049,"event":{"mods":["Astrologer","BaseMod","Colored Map","Colored Powertips","Googly Eyes","MarisaÅiñ∂âJÅ@ñÇóùçπÅj","Minty Spire (QoL Compilation)","Quick Restart","StSLib","The Cursed"],"gold_per_floor":[116,116,116,116,129,153,153,171,171,210,210,210,190,215,215,215,215],"floor_reached":16,"playtime":309,"items_purged":[],"score":100,"play_id":"18d15016-8d9a-45e0-a04b-0c9363f83408","local_time":"20201217034049","is_ascension_mode":false,"campfire_choices":[{"floor":7,"key":"REST"},{"floor":15,"key":"REST"}],"circlet_count":0,"master_deck":["Strike_P","Strike_P","Strike_P","Defend_P","Defend_P","Defend_P","Defend_P","Eruption+1","Vigilance","CarveReality","FollowUp","SashWhip","ClearTheMind"],"relics":["Fusion Hammer","Golden Idol","Mummified Hand","Pear","HornCleat"],"acts_visited":["Exordium"],"potions_floor_usage":[16],"damage_taken":[{"damage":3,"enemies":"Jaw Worm","floor":1,"turns":4},{"damage":0,"enemies":"Small Slimes","floor":5,"turns":2},{"damage":0,"enemies":"Cultist","floor":6,"turns":3},{"damage":2,"enemies":"Looter","floor":8,"turns":3},{"damage":26,"enemies":"Lagavulin","floor":10,"turns":3},{"damage":0,"enemies":"Blue Slaver","floor":14,"turns":3},{"damage":74,"enemies":"Slime Boss","floor":16,"turns":10}],"seed_played":"652916061424218006","potions_obtained":[{"floor":5,"key":"GamblersBrew"},{"floor":10,"key":"Fruit Juice"},{"floor":13,"key":"StancePotion"}],"is_trial":false,"path_per_floor":["M","?","T","?","M","M","R","M","T","E","?","$","?","M","R","B"],"character_chosen":"WATCHER","items_purchased":[],"campfire_rested":2,"item_purchase_floors":[],"current_hp_per_floor":[69,67,67,67,67,67,67,65,75,49,42,42,42,42,65,0,0],"gold":215,"neow_bonus":"BOSS_RELIC","is_daily":false,"chose_seed":false,"campfire_upgraded":0,"win_rate":0.0,"timestamp":1608144049,"path_taken":["M","?","?","?","?","M","R","M","T","E","?","$","?","?","R","BOSS"],"items_purchased_type":[],"build_version":"2020-12-13","purchased_purges":0,"victory":false,"max_hp_per_floor":[72,67,67,67,67,67,67,67,77,77,77,77,77,77,77,82,82],"card_choices":[{"not_picked":["Evaluate","Protect","BowlingBash"],"picked":"SKIP","floor":1},{"not_picked":["FlyingSleeves","FlurryOfBlows","Consecrate"],"picked":"SKIP","floor":5},{"not_picked":["EmptyFist","BowlingBash"],"picked":"CarveReality","floor":6},{"not_picked":["Halt","ThirdEye"],"picked":"FollowUp","floor":8},{"not_picked":["Evaluate","Protect"],"picked":"SashWhip","floor":10},{"not_picked":["CrushJoints","Consecrate"],"picked":"ClearTheMind","floor":14}],"player_experience":314983,"relics_obtained":[{"floor":3,"key":"Mummified Hand"},{"floor":9,"key":"Pear"},{"floor":10,"key":"HornCleat"}],"event_choices":[{"damage_healed":0,"gold_gain":0,"player_choice":"Lose Max HP","damage_taken":0,"relics_obtained":["Golden Idol"],"max_hp_gain":0,"max_hp_loss":5,"event_name":"Golden Idol","floor":2,"gold_loss":0},{"damage_healed":0,"gold_gain":0,"player_choice":"Forge","damage_taken":0,"max_hp_gain":0,"max_hp_loss":0,"event_name":"Accursed Blacksmith","floor":4,"gold_loss":0,"cards_upgraded":["Eruption"]},{"cards_removed":["Strike_P"],"damage_healed":0,"gold_gain":0,"player_choice":"Card Removal","damage_taken":7,"max_hp_gain":0,"max_hp_loss":0,"event_name":"Golden Wing","floor":11,"gold_loss":0},{"damage_healed":0,"gold_gain":0,"player_choice":"Bought 1 Potion","damage_taken":0,"max_hp_gain":0,"max_hp_loss":0,"event_name":"The Woman in Blue","floor":13,"gold_loss":0}],"is_beta":false,"boss_relics":[],"items_purged_floors":[],"is_endless":false,"potions_floor_spawned":[5,10],"killed_by":"Slime Boss","ascension_level":0}}