{"host":"4pmzrw6j7p9u06vv","time":1608139822,"event":{"mods":["BaseMod","BetterRewards","Downfall","MarisaÅiñ∂âJÅ@ñÇóùçπÅj","Minty Spire (QoL Compilation)","Replay The Spire","StSLib","The Disciple","The Jungle"],"gold_per_floor":[113,113,188,207,34,60,73,73,97,142,161,161,161,5,5,115,115,138,138,138,138,161,161,197,42,42,73,73,99,123,123,123,232,232,252,284,284,284,321,321,352,420,420,420,463,499,37,37,37,49],"floor_reached":51,"playtime":2571,"items_purged":["Defend_B"],"score":600,"play_id":"eb639c88-9aa4-4113-9125-35873156a6de","local_time":"20201216143022","is_ascension_mode":false,"campfire_choices":[{"floor":8,"key":"REST"},{"data":"Mirror Shield","floor":15,"key":"SMITH"},{"data":"Limit Break","floor":23,"key":"SMITH"},{"data":"expansioncontent:QuickStudy","floor":28,"key":"SMITH"},{"floor":32,"key":"REST"},{"data":"Bash","floor":40,"key":"SMITH"},{"floor":49,"key":"REST"}],"circlet_count":0,"master_deck":["Strike_B","Strike_B","Defend_B","Defend_B","Defend_B","Zap","expansioncontent:QuickStudy+1","Gash","Limit Break+1","Gash+1","Gash+1","Lockon+1","Mirror Shield"],"relics":["Iron Core","Replay:Antivirus Software","Replay:Bandana","Replay:Mystery Machine","Ring of Fury","Inserter","MutagenicStrength","Molten Egg 2","Omamori","Torii","Replay:Bronze Core","Du-Vu Doll","Pet Ghost","Mirror","Blood Vial"],"acts_visited":["Exordium","TheCity","TheBeyond"],"potions_floor_usage":[10,24,30,33,41,50,50,50],"damage_taken":[{"damage":0,"enemies":"Small Slimes","floor":1,"turns":2},{"damage":6,"enemies":"Jaw Worm","floor":4,"turns":3},{"damage":34,"enemies":"3 Sentries","floor":6,"turns":8},{"damage":1,"enemies":"2 Louse","floor":7,"turns":3},{"damage":4,"enemies":"Gremlin Nob","floor":10,"turns":3},{"damage":16,"enemies":"Exordium Wildlife","floor":11,"turns":5},{"damage":2,"enemies":"Fading Forest","floor":16,"turns":11},{"damage":0,"enemies":"Spheric Guardian","floor":18,"turns":3},{"damage":1,"enemies":"Chosen","floor":22,"turns":5},{"damage":26,"enemies":"Gremlin Leader","floor":24,"turns":5},{"damage":12,"enemies":"3 Cultists","floor":27,"turns":3},{"damage":20,"enemies":"Shelled Parasite and Fungi","floor":29,"turns":4},{"damage":3,"enemies":"Snake Plant","floor":30,"turns":2},{"damage":53,"enemies":"Automaton","floor":33,"turns":7},{"damage":0,"enemies":"3 Shapes","floor":35,"turns":5},{"damage":18,"enemies":"Orb Walker","floor":36,"turns":3},{"damage":23,"enemies":"Maw","floor":39,"turns":5},{"damage":17,"enemies":"Sphere and 2 Shapes","floor":41,"turns":5},{"damage":0,"enemies":"Mind Bloom Boss Battle","floor":42,"turns":3},{"damage":0,"enemies":"3 Darklings","floor":45,"turns":1},{"damage":1,"enemies":"Spire Growth","floor":46,"turns":3},{"damage":35,"enemies":"Replay:Hell Engine","floor":50,"turns":7}],"seed_played":"5890984122856884263","potions_obtained":[{"floor":6,"key":"EssenceOfSteel"},{"floor":10,"key":"FairyPotion"},{"floor":11,"key":"ColorlessPotion"},{"floor":24,"key":"Dexterity Potion"},{"floor":29,"key":"hexamod:EctoCoolerPotion"},{"floor":33,"key":"Fire Potion"},{"floor":35,"key":"DuplicationPotion"},{"floor":36,"key":"Strength Potion"},{"floor":46,"key":"Swift Potion"}],"is_trial":false,"path_per_floor":["M","?","?","M","$","E","M","R","T","E","M","?","?","$","R","B",null,"M","?","$","?","M","R","E","$","T","M","R","M","M","$","R","B",null,"M","M","?","?","M","R","M","?","T","?","M","M","$","?","R","B",null],"character_chosen":"DEFECT","items_purchased":["expansioncontent:QuickStudy","Mirror Shield","Omamori","Mirror Shield","Mirror","Blood Vial"],"campfire_rested":3,"item_purchase_floors":[5,14,25,47,47,47],"current_hp_per_floor":[80,80,69,63,63,29,28,52,52,48,40,40,40,40,40,48,80,80,80,80,80,79,79,53,53,53,41,41,21,18,18,42,24,80,80,62,80,90,67,67,50,50,50,50,50,57,57,57,84,51],"gold":49,"neow_bonus":"RANDOM_EVENT","is_daily":false,"chose_seed":false,"campfire_upgraded":4,"win_rate":0.0,"timestamp":1608139822,"path_taken":["M","?","?","M","?","E","M","R","T","E","M","?","?","?","R","BOSS","M","?","$","?","?","R","E","?","T","M","R","M","M","$","R","BOSS","M","M","?","?","?","R","M","?","T","?","?","?","$","?","R","BOSS"],"items_purchased_type":["Card","Card","Relic","Card","Relic","Relic"],"build_version":"2020-12-13","purchased_purges":1,"victory":true,"max_hp_per_floor":[80,80,80,80,80,80,80,80,80,80,80,80,80,80,80,80,80,80,80,80,80,80,80,80,80,80,80,80,80,80,80,80,80,80,80,80,80,90,90,90,90,90,90,90,90,90,90,90,90,90],"card_choices":[{"not_picked":["Go for the Eyes","Redo","Consume"],"picked":"SKIP","floor":1},{"not_picked":["Hologram","FTL","Warcry"],"picked":"SKIP","floor":4},{"not_picked":["Clash","WeaponsOverheat","Streamline"],"picked":"SKIP","floor":6},{"not_picked":["Glacier","Headbutt"],"picked":"Gash","floor":7},{"not_picked":["Conserve Battery","Dual Wield","Turbo"],"picked":"SKIP","floor":10},{"not_picked":["Defragment","FIFO Queue","Coolheaded"],"picked":"SKIP","floor":11},{"not_picked":["Echo Form","Fission"],"picked":"Limit Break","floor":16},{"not_picked":["Blizzard","Cold Snap","Stack+1"],"picked":"SKIP","floor":18},{"not_picked":["Panic Button","Storm","Genetic Algorithm"],"picked":"SKIP","floor":22},{"not_picked":["BasicCrystalCard","Leap"],"picked":"Gash+1","floor":24},{"not_picked":["Sunder+1","Stack+1","Panic Button+1"],"picked":"SKIP","floor":27},{"not_picked":["Panic Button","Genetic Algorithm","Fusion"],"picked":"SKIP","floor":29},{"not_picked":["Conserve Battery","Panic Button","Melter+1"],"picked":"SKIP","floor":30},{"not_picked":["Coolheaded+1","Steam","Streamline+1"],"picked":"SKIP","floor":35},{"not_picked":["Ball Lightning+1","Coolheaded+1","White Noise"],"picked":"SKIP","floor":36},{"not_picked":["Crystallizer","Panic Button"],"picked":"Gash+1","floor":39},{"not_picked":["ReplaySolidLightProjector","Turbo","ReplaySort+1"],"picked":"SKIP","floor":41},{"not_picked":["Defragment+1","Storm"],"picked":"Lockon+1","floor":45},{"not_picked":["Panic Button+1","Cold Snap+1","Conserve Battery"],"picked":"SKIP","floor":46}],"player_experience":32779,"relics_obtained":[{"floor":6,"key":"Replay:Antivirus Software"},{"floor":9,"key":"Replay:Bandana"},{"floor":10,"key":"Replay:Mystery Machine"},{"floor":13,"key":"Ring of Fury"},{"floor":24,"key":"Molten Egg 2"},{"floor":26,"key":"Torii"},{"floor":42,"key":"Du-Vu Doll"},{"floor":43,"key":"Pet Ghost"}],"event_choices":[{"damage_healed":0,"gold_gain":0,"player_choice":"Donut","damage_taken":0,"max_hp_gain":5,"max_hp_loss":0,"event_name":"Big Fish","floor":0,"gold_loss":0},{"damage_healed":0,"gold_gain":75,"player_choice":"Gather Gold","damage_taken":11,"max_hp_gain":0,"max_hp_loss":0,"event_name":"World of Goop","floor":3,"gold_loss":0},{"damage_healed":0,"gold_gain":0,"player_choice":"Ignored","damage_taken":0,"max_hp_gain":0,"max_hp_loss":0,"event_name":"Cursed Tome","floor":19,"gold_loss":0},{"damage_healed":0,"gold_gain":0,"player_choice":"Inject Mutagens","damage_taken":0,"relics_obtained":["MutagenicStrength"],"max_hp_gain":0,"max_hp_loss":0,"event_name":"Drug Dealer","floor":21,"gold_loss":0},{"damage_healed":20,"gold_gain":0,"player_choice":"Writhe","damage_taken":0,"max_hp_gain":0,"max_hp_loss":0,"event_name":"Winding Halls","floor":37,"gold_loss":0,"cards_obtained":["Writhe"]},{"cards_removed":["Mirror Shield"],"damage_healed":0,"gold_gain":0,"player_choice":"Offered Rare","damage_taken":0,"max_hp_gain":10,"max_hp_loss":0,"event_name":"Bonfire Elementals","floor":38,"gold_loss":0},{"damage_healed":0,"gold_gain":0,"player_choice":"Fight","damage_taken":0,"max_hp_gain":0,"max_hp_loss":0,"event_name":"MindBloom","floor":42,"gold_loss":0},{"cards_removed":["Strike_B"],"damage_healed":0,"gold_gain":0,"player_choice":"Purged","damage_taken":0,"max_hp_gain":0,"max_hp_loss":0,"event_name":"Purifier","floor":44,"gold_loss":0},{"cards_removed":["Bash"],"damage_healed":0,"gold_gain":0,"player_choice":"Removed Attack","damage_taken":0,"max_hp_gain":0,"max_hp_loss":0,"event_name":"Falling","floor":48,"gold_loss":0}],"is_beta":false,"boss_relics":[{"not_picked":["ChewingGum","Ectoplasm"],"picked":"Inserter"},{"not_picked":["Painkiller Herb","Honey Jar"],"picked":"Replay:Bronze Core"}],"items_purged_floors":[14],"is_endless":false,"potions_floor_spawned":[6,10,11,24,29,33,35,36,46],"ascension_level":0}}