{"host":"egyxg9lnjq7g2hmw","time":1608104530,"event":{"mods":["AchievementEnabler","BaseMod","Block Reminder","Colored Map","Colored Powertips","Highlight Path","Minty Spire (QoL Compilation)","Rare Cards Sparkle","StSLib"],"gold_per_floor":[119,136,155,155,229,264,264,280,280,305,319,319,345,356,356,429,429,449,374,391,10,10,10,45,60,360,410,410,410,426,458,458,532,532,550,570,570,595,248,248,281,281,281,49,65,91,126,135,135,135,135,135,44,81,81,81],"floor_reached":55,"playtime":3614,"items_purged":["Strike_G","Strike_G","Strike_G"],"score":1449,"play_id":"f3b48ace-1a27-44f2-8a01-e9da1fa5a62b","local_time":"20201215234210","is_ascension_mode":true,"campfire_choices":[{"data":"Glass Knife","floor":7.0,"key":"SMITH"},{"data":"Glass Knife","floor":12.0,"key":"SMITH"},{"data":"Footwork","floor":15.0,"key":"SMITH"},{"data":"A Thousand Cuts","floor":23.0,"key":"SMITH"},{"data":"Leg Sweep","floor":28.0,"key":"SMITH"},{"data":"Strike_G","floor":32.0,"key":"PURGE"},{"data":"Storm of Steel","floor":40.0,"key":"SMITH"},{"floor":42.0,"key":"RECALL"},{"floor":49.0,"key":"REST"},{"data":"Acrobatics","floor":52.0,"key":"SMITH"}],"circlet_count":0,"master_deck":["AscendersBane","Defend_G","Defend_G","Defend_G","Defend_G","Defend_G","Survivor","Neutralize","Glass Knife+1","Footwork+1","Cloak And Dagger","Flying Knee","Glass Knife+1","Sucker Punch","Blade Dance","Backflip","A Thousand Cuts+1","Leg Sweep+1","Backstab","Crippling Poison","Acrobatics+1","Glass Knife+1","Storm of Steel+1","Choke+1","Infinite Blades","PanicButton","Glass Knife+1","Swift Strike+1","Blur+1"],"relics":["Ring of the Snake","Tiny Chest","Meat on the Bone","Calipers","Shuriken","InkBottle","Peace Pipe","Sozu","Kunai","Molten Egg 2","Old Coin","Boot","MutagenicStrength","Mercury Hourglass","Busted Crown","Thread and Needle","Pen Nib","Darkstone Periapt","MealTicket","CeramicFish","Blood Vial"],"acts_visited":["Exordium","TheCity","TheBeyond","TheEnding"],"potions_floor_usage":[55],"damage_taken":[{"damage":0.0,"enemies":"Cultist","floor":1.0,"turns":3.0},{"damage":0.0,"enemies":"Small Slimes","floor":2.0,"turns":4.0},{"damage":4.0,"enemies":"Jaw Worm","floor":3.0,"turns":4.0},{"damage":17.0,"enemies":"Gremlin Nob","floor":6.0,"turns":5.0},{"damage":0.0,"enemies":"Blue Slaver","floor":8.0,"turns":1.0},{"damage":5.0,"enemies":"3 Sentries","floor":10.0,"turns":7.0},{"damage":4.0,"enemies":"Exordium Thugs","floor":11.0,"turns":4.0},{"damage":11.0,"enemies":"Lagavulin","floor":13.0,"turns":6.0},{"damage":0.0,"enemies":"2 Fungi Beasts","floor":14.0,"turns":3.0},{"damage":13.0,"enemies":"The Guardian","floor":16.0,"turns":9.0},{"damage":6.0,"enemies":"3 Byrds","floor":18.0,"turns":5.0},{"damage":13.0,"enemies":"2 Thieves","floor":20.0,"turns":4.0},{"damage":16.0,"enemies":"Gremlin Leader","floor":24.0,"turns":5.0},{"damage":2.0,"enemies":"Centurion and Healer","floor":25.0,"turns":5.0},{"damage":0.0,"enemies":"Snake Plant","floor":30.0,"turns":4.0},{"damage":10.0,"enemies":"Book of Stabbing","floor":31.0,"turns":5.0},{"damage":23.0,"enemies":"Automaton","floor":33.0,"turns":8.0},{"damage":13.0,"enemies":"3 Darklings","floor":35.0,"turns":2.0},{"damage":12.0,"enemies":"Orb Walker","floor":36.0,"turns":2.0},{"damage":0.0,"enemies":"Mind Bloom Boss Battle","floor":38.0,"turns":4.0},{"damage":17.0,"enemies":"Nemesis","floor":41.0,"turns":4.0},{"damage":0.0,"enemies":"3 Darklings","floor":45.0,"turns":2.0},{"damage":17.0,"enemies":"Reptomancer","floor":47.0,"turns":6.0},{"damage":35.0,"enemies":"Donu and Deca","floor":50.0,"turns":8.0},{"damage":0.0,"enemies":"Shield and Spear","floor":54.0,"turns":4.0},{"damage":112,"enemies":"The Heart","floor":55,"turns":8}],"seed_played":"6486655386295851839","potions_obtained":[{"floor":1.0,"key":"Swift Potion"},{"floor":3.0,"key":"Weak Potion"},{"floor":14.0,"key":"SpeedPotion"}],"is_trial":false,"path_per_floor":["M","M","M","?","T","E","R","M","T","E","M","R","E","M","R","B",null,"M","?","M","$","?","R","E","M","T","T","R","?","M","E","R","B",null,"M","M","?","?","$","R","E","R","T","$","M","T","E","?","R","B",null,"R","$","E","B"],"character_chosen":"THE_SILENT","items_purchased":["Kunai","Crippling Poison","Pen Nib","Infinite Blades","PanicButton","Swift Strike+1"],"campfire_rested":1,"item_purchase_floors":[21,21,39,39,44,53],"current_hp_per_floor":[59,59,55,29,29,24,24,36,36,43,39,39,40,40,40,39,59,53,53,40,40,40,40,36,34,34,34,34,34,34,36,36,25,56,43,43,43,43,43,43,38,38,38,38,38,38,33,33,52,29,57,57,66,66,0,0],"gold":81,"neow_bonus":"ONE_RANDOM_RARE_CARD","is_daily":false,"chose_seed":false,"campfire_upgraded":7,"win_rate":0.0,"timestamp":1608104530,"path_taken":["M","M","?","?","?","E","R","M","T","E","M","R","E","M","R","BOSS","M","?","M","$","?","R","E","M","T","?","R","?","M","E","R","BOSS","M","M","?","?","$","R","E","R","T","$","M","?","E","?","R","BOSS","R","$","E","BOSS"],"items_purchased_type":["Relic","Card","Relic","Card","Card","Card"],"build_version":"2020-12-13","purchased_purges":3,"victory":false,"max_hp_per_floor":[66,66,66,66,66,66,66,66,66,66,66,66,66,66,66,66,66,66,66,66,66,66,66,66,66,66,66,66,66,66,66,66,66,66,66,66,66,66,66,66,66,66,66,66,66,66,66,66,66,66,66,66,66,66,66,66],"card_choices":[{"not_picked":["Infinite Blades","Deadly Poison"],"picked":"Footwork","floor":1.0},{"not_picked":["Backflip","Deadly Poison"],"picked":"Cloak And Dagger","floor":2.0},{"not_picked":["Underhanded Strike","Prepared"],"picked":"Flying Knee","floor":3.0},{"not_picked":["Accuracy","Poisoned Stab"],"picked":"Glass Knife","floor":6.0},{"not_picked":["Outmaneuver","Flying Knee","Deflect"],"picked":"SKIP","floor":8.0},{"not_picked":["Dagger Spray","Endless Agony"],"picked":"Sucker Punch","floor":10.0},{"not_picked":["Predator","Venomology"],"picked":"Blade Dance","floor":11.0},{"not_picked":["Noxious Fumes","Distraction"],"picked":"Backflip","floor":13.0},{"not_picked":["Skewer","Poisoned Stab","Deadly Poison"],"picked":"SKIP","floor":14.0},{"not_picked":["Wraith Form v2","Unload"],"picked":"A Thousand Cuts","floor":16.0},{"not_picked":["Flechettes","Dodge and Roll"],"picked":"Leg Sweep","floor":18.0},{"not_picked":["Blade Dance+1","Dash"],"picked":"Backstab","floor":20.0},{"not_picked":["Dagger Spray+1","Noxious Fumes"],"picked":"Acrobatics","floor":24.0},{"not_picked":["Slice+1","Quick Slash+1","Deflect"],"picked":"SKIP","floor":25.0},{"not_picked":["Bane+1","Underhanded Strike+1","Outmaneuver+1"],"picked":"SKIP","floor":30.0},{"not_picked":["Unload+1","Escape Plan"],"picked":"Glass Knife+1","floor":31.0},{"not_picked":["Corpse Explosion","Phantasmal Killer"],"picked":"Storm of Steel","floor":33.0},{"not_picked":[],"picked":"Choke+1","floor":35.0},{"not_picked":["Expertise+1"],"picked":"SKIP","floor":36.0},{"not_picked":["Infinite Blades"],"picked":"SKIP","floor":41.0},{"not_picked":["Backflip"],"picked":"SKIP","floor":45.0},{"not_picked":["Bane+1"],"picked":"SKIP","floor":47.0},{"not_picked":["Blur+1"],"picked":"SKIP","floor":54.0},{"not_picked":[],"picked":"Blur+1","floor":54.0}],"player_experience":480500,"relics_obtained":[{"floor":5.0,"key":"Meat on the Bone"},{"floor":6.0,"key":"Calipers"},{"floor":9.0,"key":"Shuriken"},{"floor":10.0,"key":"InkBottle"},{"floor":13.0,"key":"Peace Pipe"},{"floor":24.0,"key":"Molten Egg 2"},{"floor":26.0,"key":"Old Coin"},{"floor":27.0,"key":"Boot"},{"floor":31.0,"key":"Mercury Hourglass"},{"floor":38.0,"key":"Thread and Needle"},{"floor":41.0,"key":"Darkstone Periapt"},{"floor":46.0,"key":"MealTicket"},{"floor":47.0,"key":"CeramicFish"},{"floor":54.0,"key":"Blood Vial"}],"event_choices":[{"damage_healed":0.0,"max_hp_gain":0.0,"max_hp_loss":0.0,"gold_gain":0.0,"event_name":"Scrap Ooze","player_choice":"Success","floor":4.0,"gold_loss":0.0,"damage_taken":26.0,"relics_obtained":["Tiny Chest"]},{"cards_removed":["Strike_G"],"damage_healed":0.0,"max_hp_gain":0.0,"max_hp_loss":0.0,"gold_gain":0.0,"event_name":"Beggar","player_choice":"Gave Gold","floor":19.0,"gold_loss":75.0,"damage_taken":0.0},{"damage_healed":0.0,"max_hp_gain":0.0,"max_hp_loss":0.0,"gold_gain":0.0,"event_name":"Vampires","player_choice":"Ignored","floor":22.0,"gold_loss":0.0,"damage_taken":0.0},{"damage_healed":0.0,"max_hp_gain":0.0,"max_hp_loss":0.0,"gold_gain":0.0,"event_name":"Drug Dealer","player_choice":"Inject Mutagens","floor":29.0,"gold_loss":0.0,"damage_taken":0.0,"relics_obtained":["MutagenicStrength"]},{"damage_healed":0.0,"max_hp_gain":0.0,"max_hp_loss":0.0,"gold_gain":0.0,"event_name":"Tomb of Lord Red Mask","player_choice":"Ignored","floor":37.0,"gold_loss":0.0,"damage_taken":0.0},{"damage_healed":0.0,"max_hp_gain":0.0,"max_hp_loss":0.0,"gold_gain":0.0,"event_name":"MindBloom","player_choice":"Fight","floor":38.0,"gold_loss":0.0,"damage_taken":0.0},{"damage_healed":0.0,"max_hp_gain":0.0,"max_hp_loss":0.0,"gold_gain":0.0,"event_name":"Duplicator","player_choice":"Copied","floor":48.0,"gold_loss":0.0,"damage_taken":0.0,"cards_obtained":["Glass Knife"]}],"is_beta":false,"boss_relics":[{"not_picked":["Tiny House","Fusion Hammer"],"picked":"Sozu"},{"not_picked":["Pandora\u0027s Box","Philosopher\u0027s Stone"],"picked":"Busted Crown"}],"items_purged_floors":[21,39,44],"is_endless":false,"potions_floor_spawned":[1,3,14,20,24,31,33,35,38,45],"killed_by":"The Heart","ascension_level":17}}