{"host":"2h34w377mcmn31br","time":1608092808,"event":{"mods":["Act Like it!","AlwaysNeverKeys","BaseMod","Better Third Choice","BetterRewards","Colored Map","Minty Spire (QoL Compilation)","StSLib"],"gold_per_floor":[114,124,8149,8164,8164,8189,8189,7273,7273,7273,7300,7313,7343,7353,7353,7449,7449,7459,7478,6674,6634,6634,6634,6663,6663,6715,6750,6764,6068,6103,6115,6115,6216,6216,6229,5696,5696,5696,5696,5728,5728,5763,5763,5798,5810,5840,5857,5355,5355,5355,5355,5355,4694,4723,4723],"floor_reached":56,"playtime":2487,"items_purged":["Defend_P","Defend_P","Defend_P","Defend_P+1","Panacea","Strike_P","Strike_P","Vigilance+1","FlurryOfBlows+1","Eruption+1"],"score":2605,"play_id":"d5e91653-2168-4331-bef6-0318acfed3cf","local_time":"20201215202648","is_ascension_mode":true,"campfire_choices":[{"data":"Mayhem","floor":7,"key":"SMITH"},{"data":"Devotion","floor":10,"key":"SMITH"},{"data":"Wish","floor":15,"key":"SMITH"},{"floor":23,"key":"DIG"},{"floor":25,"key":"DIG"},{"floor":32,"key":"DIG"},{"floor":41,"key":"DIG"},{"floor":49,"key":"DIG"},{"floor":52,"key":"DIG"}],"circlet_count":0,"master_deck":["Strike_P+1","Strike_P+1","Panache","SignatureMove+1","Tantrum+1","Wish+1","Mayhem+1","Devotion+1","Mayhem+1","DevaForm+1","TalkToTheHand+1"],"relics":["PureWater","Chemical X","Blood Vial","Boot","FossilizedHelix","Lee\u0027s Waffle","Incense Burner","Mango","CaptainsWheel","Ginger","White Beast Statue","Orrery","ClockworkSouvenir","War Paint","Nunchaku","Gambling Chip","Pear","Lantern","Melange","Du-Vu Doll","Cauldron","Unceasing Top","Art of War","Pocketwatch","Shuriken","Toolbox","Damaru","GoldenEye","Juzu Bracelet","Molten Egg 2","DollysMirror","Calipers","Mummified Hand","Medical Kit","Bird Faced Urn","StoneCalendar","Toxic Egg 2","Thread and Needle","HandDrill","Meat on the Bone","Shovel","Orichalcum","Philosopher\u0027s Stone","Frozen Eye","TungstenRod","Whetstone","CeramicFish","MealTicket","Dream Catcher","Vajra","Potion Belt","Lizard Tail","Akabeko","Smiling Mask","InkBottle","SlaversCollar","PreservedInsect","Anchor","Strange Spoon","Torii","Oddly Smooth Stone","Strawberry","Ancient Tea Set","Bottled Flame","Singing Bowl","Darkstone Periapt","Happy Flower","Bag of Preparation","TheAbacus","Letter Opener","Ornamental Fan","TeardropLocket","Toy Ornithopter","Membership Card","StrikeDummy"],"acts_visited":["Exordium","TheCity","TheBeyond","TheEnding"],"potions_floor_usage":[27,30,33,44,50,50,50,55,55,55,55,55],"damage_taken":[{"damage":0,"enemies":"Jaw Worm","floor":1,"turns":2},{"damage":0,"enemies":"Cultist","floor":2,"turns":3},{"damage":1,"enemies":"2 Louse","floor":4,"turns":2},{"damage":0,"enemies":"3 Sentries","floor":6,"turns":3},{"damage":0,"enemies":"Gremlin Nob","floor":11,"turns":3},{"damage":0,"enemies":"Blue Slaver","floor":12,"turns":1},{"damage":0,"enemies":"Lagavulin","floor":13,"turns":2},{"damage":0,"enemies":"Lots of Slimes","floor":14,"turns":2},{"damage":0,"enemies":"Slime Boss","floor":16,"turns":2},{"damage":0,"enemies":"Chosen","floor":18,"turns":2},{"damage":0,"enemies":"Shell Parasite","floor":19,"turns":1},{"damage":0,"enemies":"Gremlin Leader","floor":24,"turns":2},{"damage":0,"enemies":"Book of Stabbing","floor":27,"turns":1},{"damage":0,"enemies":"Centurion and Healer","floor":28,"turns":2},{"damage":0,"enemies":"Slavers","floor":30,"turns":1},{"damage":0,"enemies":"Snake Plant","floor":31,"turns":2},{"damage":0,"enemies":"Champ","floor":33,"turns":2},{"damage":0,"enemies":"3 Shapes","floor":35,"turns":1},{"damage":0,"enemies":"Reptomancer","floor":40,"turns":2},{"damage":0,"enemies":"Giant Head","floor":42,"turns":1},{"damage":0,"enemies":"Reptomancer","floor":44,"turns":2},{"damage":0,"enemies":"Orb Walker","floor":45,"turns":1},{"damage":0,"enemies":"Nemesis","floor":46,"turns":1},{"damage":3,"enemies":"4 Shapes","floor":47,"turns":2},{"damage":36,"enemies":"Donu and Deca","floor":50,"turns":3},{"damage":0,"enemies":"Shield and Spear","floor":54,"turns":2},{"damage":0,"enemies":"The Heart","floor":55,"turns":3}],"seed_played":"4596877961516236978","potions_obtained":[{"floor":0,"key":"DistilledChaos"},{"floor":0,"key":"Strength Potion"},{"floor":27,"key":"DistilledChaos"},{"floor":28,"key":"DuplicationPotion"},{"floor":30,"key":"BottledMiracle"},{"floor":31,"key":"LiquidMemories"},{"floor":45,"key":"PowerPotion"},{"floor":46,"key":"PowerPotion"},{"floor":54,"key":"Strength Potion"}],"is_trial":false,"path_per_floor":["M","M","$","M","?","E","R","$","T","R","E","M","E","M","R","B",null,"M","M","$","?","?","R","E","R","T","E","M","$","E","M","R","B",null,"M","$","?","T","?","E","R","E","T","E","M","E","M","$","R","B",null,"R","$","E","B",null],"character_chosen":"WATCHER","items_purchased":["Chemical X","Panache","Blood Vial","Boot","Lee\u0027s Waffle","AttackPotion","Incense Burner","SignatureMove","DistilledChaos","Ginger","White Beast Statue","FlurryOfBlows","LessonLearned","Orrery","Strength Potion","ClockworkSouvenir","War Paint","Nunchaku","Wish","Pear","Lantern","Melange","Cauldron","Unceasing Top","Art of War","Shuriken","Toolbox","Damaru","Mayhem","Devotion","Juzu Bracelet","Molten Egg 2","DollysMirror","Panacea","Mummified Hand","Medical Kit","Bird Faced Urn","Toxic Egg 2","Thread and Needle","HandDrill","Frozen Eye","TungstenRod","Whetstone","Lizard Tail","Akabeko","PreservedInsect","Anchor","Strange Spoon","LiquidBronze","Happy Flower","Bag of Preparation","TheAbacus","TeardropLocket","Toy Ornithopter","Membership Card","EntropicBrew","Energy Potion"],"campfire_rested":0,"item_purchase_floors":[0,0,0,0,0,0,0,0,0,0,0,0,0,0,0,0,0,0,0,0,0,0,0,0,0,0,0,0,0,0,0,0,0,3,3,3,3,8,8,8,20,20,20,29,29,36,36,36,36,48,48,48,53,53,53,53,53],"current_hp_per_floor":[103,103,103,102,102,103,103,103,103,103,103,103,103,103,103,103,103,103,103,103,103,103,103,103,103,103,103,103,103,103,103,103,103,103,103,103,103,103,103,103,110,110,110,112,114,116,115,118,118,82,109,109,118,120,120],"gold":4723,"neow_bonus":"","is_daily":false,"chose_seed":false,"campfire_upgraded":3,"win_rate":0.0,"timestamp":1608092808,"path_taken":["M","M","$","M","?","E","R","$","T","R","E","M","E","M","R","BOSS","M","M","$","?","?","R","E","R","T","E","M","$","E","M","R","BOSS","M","$","?","?","?","E","R","E","T","E","M","E","M","$","R","BOSS","R","$","E","BOSS"],"items_purchased_type":["Relic","Card","Relic","Relic","Relic","Potion","Relic","Card","Potion","Relic","Relic","Card","Card","Relic","Potion","Relic","Relic","Relic","Card","Relic","Relic","Relic","Relic","Relic","Relic","Relic","Relic","Relic","Card","Card","Relic","Relic","Relic","Card","Relic","Relic","Relic","Relic","Relic","Relic","Relic","Relic","Relic","Relic","Relic","Relic","Relic","Relic","Potion","Relic","Relic","Relic","Relic","Relic","Relic","Potion","Potion"],"build_version":"2020-12-13","purchased_purges":10,"victory":true,"max_hp_per_floor":[103,103,103,103,103,103,103,103,103,103,103,103,103,103,103,103,103,103,103,103,103,103,103,103,103,103,103,103,103,103,103,103,103,103,103,103,103,103,103,103,110,110,110,112,114,116,118,118,118,118,118,118,118,120,120],"card_choices":[{"not_picked":["ClearTheMind","Fasting2"],"picked":"Tantrum","floor":0},{"not_picked":["ClearTheMind","CrushJoints+1","EmptyFist+1"],"picked":"SKIP","floor":1},{"not_picked":["WindmillStrike+1","Consecrate+1","CrushJoints+1"],"picked":"SKIP","floor":2},{"not_picked":["Prostrate","SashWhip+1","ClearTheMind"],"picked":"SKIP","floor":4},{"not_picked":["SignatureMove+1","ClearTheMind","Tantrum+1"],"picked":"SKIP","floor":6},{"not_picked":["Study","PathToVictory+1","FlyingSleeves+1"],"picked":"SKIP","floor":11},{"not_picked":["ConjureBlade+1","Fasting2","Protect+1"],"picked":"SKIP","floor":12},{"not_picked":["LikeWater","PathToVictory+1","Swivel+1"],"picked":"SKIP","floor":13},{"not_picked":["PathToVictory+1","ThirdEye+1","Indignation+1"],"picked":"SKIP","floor":14},{"not_picked":["ConjureBlade+1","DeusExMachina+1"],"picked":"DevaForm","floor":16},{"not_picked":["SashWhip+1","Consecrate+1","Crescendo+1"],"picked":"SKIP","floor":18},{"not_picked":["FlurryOfBlows+1","CarveReality+1","ThirdEye+1"],"picked":"SKIP","floor":19},{"not_picked":["BowlingBash+1","EmptyBody+1","FollowUp+1"],"picked":"SKIP","floor":24},{"not_picked":["DeusExMachina+1","WheelKick+1","SashWhip+1"],"picked":"SKIP","floor":27},{"not_picked":["Halt+1","Meditate+1","Nirvana+1"],"picked":"SKIP","floor":28},{"not_picked":["Indignation+1","BattleHymn+1"],"picked":"TalkToTheHand+1","floor":30},{"not_picked":["TalkToTheHand+1","Tantrum+1","Wireheading"],"picked":"SKIP","floor":31},{"not_picked":["CutThroughFate+1","Prostrate+1","WreathOfFlame+1"],"picked":"SKIP","floor":35},{"not_picked":["BowlingBash+1","LikeWater","FollowUp+1"],"picked":"SKIP","floor":40},{"not_picked":["Pray+1","CutThroughFate+1","Crescendo+1"],"picked":"SKIP","floor":42},{"not_picked":["PathToVictory+1","SashWhip+1","Collect+1"],"picked":"Singing Bowl","floor":44},{"not_picked":["Crescendo+1","Prostrate+1","BowlingBash+1"],"picked":"Singing Bowl","floor":45},{"not_picked":["EmptyFist+1","EmptyMind+1","CutThroughFate+1"],"picked":"Singing Bowl","floor":46},{"not_picked":["FlurryOfBlows+1","JustLucky+1","SpiritShield+1"],"picked":"Singing Bowl","floor":47},{"not_picked":["Tantrum+1","SignatureMove+1","PathToVictory+1"],"picked":"Singing Bowl","floor":54}],"player_experience":184367,"relics_obtained":[{"floor":6,"key":"StoneCalendar"},{"floor":9,"key":"Meat on the Bone"},{"floor":11,"key":"Shovel"},{"floor":13,"key":"Orichalcum"},{"floor":23,"key":"CeramicFish"},{"floor":24,"key":"MealTicket"},{"floor":25,"key":"Dream Catcher"},{"floor":26,"key":"Vajra"},{"floor":27,"key":"Potion Belt"},{"floor":30,"key":"Smiling Mask"},{"floor":32,"key":"InkBottle"},{"floor":38,"key":"Torii"},{"floor":40,"key":"Oddly Smooth Stone"},{"floor":41,"key":"Strawberry"},{"floor":42,"key":"Ancient Tea Set"},{"floor":43,"key":"Bottled Flame"},{"floor":44,"key":"Singing Bowl"},{"floor":46,"key":"Darkstone Periapt"},{"floor":49,"key":"Letter Opener"},{"floor":52,"key":"Ornamental Fan"},{"floor":54,"key":"StrikeDummy"}],"event_choices":[{"damage_healed":0,"gold_gain":0,"player_choice":"Ignored","damage_taken":0,"max_hp_gain":0,"max_hp_loss":0,"event_name":"Golden Idol","floor":5,"gold_loss":0},{"damage_healed":0,"gold_gain":0,"player_choice":"Upgrade","damage_taken":0,"max_hp_gain":0,"max_hp_loss":0,"event_name":"Designer","floor":21,"gold_loss":40,"cards_upgraded":["DevaForm"]},{"cards_removed":["LessonLearned"],"damage_healed":0,"gold_gain":0,"player_choice":"Purged","damage_taken":0,"max_hp_gain":0,"max_hp_loss":0,"event_name":"Purifier","floor":22,"gold_loss":0},{"damage_healed":0,"gold_gain":0,"player_choice":"0 cards matched","damage_taken":0,"max_hp_gain":0,"max_hp_loss":0,"event_name":"Match and Keep!","floor":37,"gold_loss":0,"cards_obtained":[]},{"damage_healed":0,"gold_gain":0,"player_choice":"Memory 1","damage_taken":0,"max_hp_gain":0,"max_hp_loss":0,"event_name":"SensoryStone","floor":39,"gold_loss":0}],"is_beta":false,"boss_relics":[{"not_picked":["Runic Dome","Astrolabe"],"picked":"Philosopher\u0027s Stone"},{"not_picked":["VioletLotus","SacredBark"],"picked":"SlaversCollar"}],"items_purged_floors":[0,0,0,0,3,8,20,29,48,53],"is_endless":false,"potions_floor_spawned":[1,2,4,6,11,12,13,14,16,18,19,24,27,28,30,31,33,35,40,42,44,45,46,47,54],"ascension_level":5}}