{"host":"m9i7qe3hvz6jihjh","time":1608139499,"event":{"mods":["BaseMod","Colored Powertips","Infinite Spire","Minty Spire (QoL Compilation)","Quick Restart","StSLib","The Animator","Waifu the Spire"],"gold_per_floor":[113,165,165,165,240,240,250,250,250,250,260,260,274,288,288,385,385,397,397,412,423,437,437,437],"floor_reached":23,"playtime":581,"items_purged":[],"score":183,"play_id":"f6edea81-db58-4173-89da-0a36c5277b55","local_time":"20201216182459","is_ascension_mode":false,"campfire_choices":[{"data":"Vigilance","floor":6,"key":"SMITH"},{"data":"BattleHymn","floor":8,"key":"SMITH"},{"floor":10,"key":"REST"},{"data":"DevaForm","floor":15,"key":"SMITH"}],"circlet_count":0,"master_deck":["Strike_P","Strike_P","Strike_P","Strike_P+1","Defend_P","Defend_P","Defend_P","Defend_P","Eruption+1","Vigilance+1","SashWhip+1","BattleHymn+1","PathToVictory+1","Evaluate+1","DevaForm+1","Judgement+1","TalkToTheHand+1","FlurryOfBlows","Consecrate","ThirdEye+1"],"relics":["HolyWater","Strawberry","Toxic Egg 2"],"acts_visited":["Exordium","TheCity"],"potions_floor_usage":[16,16],"damage_taken":[{"damage":2,"enemies":"Cultist","floor":1,"turns":3},{"damage":0,"enemies":"2 Louse","floor":7,"turns":2},{"damage":0,"enemies":"Small Slimes","floor":11,"turns":2},{"damage":4,"enemies":"Exordium Wildlife","floor":13,"turns":3},{"damage":0,"enemies":"2 Fungi Beasts","floor":14,"turns":3},{"damage":54,"enemies":"The Guardian","floor":16,"turns":6},{"damage":10,"enemies":"3 Byrds","floor":18,"turns":5},{"damage":0,"enemies":"Chosen","floor":20,"turns":4},{"damage":30,"enemies":"Sentry and Sphere","floor":21,"turns":6},{"damage":39,"enemies":"Shelled Parasite and Fungi","floor":22,"turns":4},{"damage":7,"enemies":"Book of Stabbing","floor":23,"turns":1}],"seed_played":"-7801925298378963999","potions_obtained":[{"floor":11,"key":"LiquidBronze"},{"floor":14,"key":"BottledMiracle"},{"floor":20,"key":"SteroidPotion"},{"floor":22,"key":"Ancient Potion"}],"is_trial":false,"path_per_floor":["M","T","?","?","?","R","M","R","T","R","M","?","M","M","R","B",null,"M","T","M","M","M","E"],"character_chosen":"WATCHER","items_purchased":[],"campfire_rested":1,"item_purchase_floors":[],"current_hp_per_floor":[70,77,77,82,71,71,71,71,71,84,84,84,80,80,80,26,84,74,74,74,44,5,0,0],"gold":437,"neow_bonus":"UPGRADE_CARD","is_daily":false,"chose_seed":false,"campfire_upgraded":3,"win_rate":0.0,"timestamp":1608139499,"path_taken":["M","?","?","?","?","R","M","R","T","R","?","?","M","M","R","BOSS","M","?","?","?","M","E"],"items_purchased_type":[],"build_version":"2020-12-13","purchased_purges":0,"victory":false,"max_hp_per_floor":[72,79,79,84,84,84,84,84,84,84,84,84,84,84,84,84,84,84,84,84,84,84,84,84],"card_choices":[{"not_picked":["Fasting2","Perseverance"],"picked":"SashWhip","floor":1},{"not_picked":["CrushJoints","Sanctity"],"picked":"BattleHymn","floor":7},{"not_picked":["BattleHymn","FearNoEvil"],"picked":"PathToVictory+1","floor":11},{"not_picked":["Swivel+1","Halt+1"],"picked":"Evaluate+1","floor":13},{"not_picked":["BowlingBash","CrushJoints"],"picked":"DevaForm","floor":14},{"not_picked":["Brilliance","MasterReality"],"picked":"Judgement+1","floor":16},{"not_picked":["EmptyMind+1","WaveOfTheHand+1"],"picked":"TalkToTheHand+1","floor":18},{"not_picked":["Halt+1","Protect+1"],"picked":"FlurryOfBlows","floor":20},{"not_picked":["Meditate+1","Protect+1"],"picked":"Consecrate","floor":21},{"not_picked":["Collect+1","FlyingSleeves"],"picked":"ThirdEye+1","floor":22}],"player_experience":863261,"relics_obtained":[{"floor":2,"key":"Strawberry"},{"floor":9,"key":"Toxic Egg 2"}],"event_choices":[{"damage_healed":0,"gold_gain":0,"player_choice":"Grow","damage_taken":0,"max_hp_gain":0,"max_hp_loss":0,"event_name":"Living Wall","floor":3,"gold_loss":0,"cards_upgraded":["SashWhip"]},{"damage_healed":0,"gold_gain":0,"player_choice":"Donut","damage_taken":0,"max_hp_gain":5,"max_hp_loss":0,"event_name":"Big Fish","floor":4,"gold_loss":0},{"damage_healed":0,"gold_gain":75,"player_choice":"Gather Gold","damage_taken":11,"max_hp_gain":0,"max_hp_loss":0,"event_name":"World of Goop","floor":5,"gold_loss":0},{"damage_healed":0,"gold_gain":0,"player_choice":"Upgraded","damage_taken":0,"max_hp_gain":0,"max_hp_loss":0,"event_name":"Upgrade Shrine","floor":12,"gold_loss":0,"cards_upgraded":["Strike_P"]}],"is_beta":false,"boss_relics":[{"not_picked":["SacredBark","Empty Cage"],"picked":"HolyWater"}],"items_purged_floors":[],"is_endless":false,"potions_floor_spawned":[11,14,20,22],"killed_by":"Book of Stabbing","ascension_level":0}}