{"host":"z9grmtg2w0nmz8n1","time":1608080586,"event":{"mods":["Aspiration","Bard","BaseMod","Beaked The Cultist","Better Altar","Better Match","Better Third Choice","BetterRewards","CCEM","Colored Map","Conspire","GifTheSpireLib","Googly Eyes","Highlight Path","Hubris","Infinite Spire","Jedi Mod","Jorbs\u0027s Wanderer Trilogy","Minty Spire (QoL Compilation)","Permanent Neow","Replay The Spire","Spicy Shops","StSLib","Stuff the Spire","The Bug Knight"],"gold_per_floor":[114,132,132,132,32,67,67,67,67],"floor_reached":8,"playtime":337,"items_purged":["Regret","Strike_G"],"score":57,"play_id":"a49460d3-e692-41e4-b78c-7ed38545a771","local_time":"20201215230306","is_ascension_mode":true,"campfire_choices":[{"floor":7,"key":"REST"}],"circlet_count":0,"master_deck":["Strike_G","Strike_G","Strike_G","Strike_G","Defend_G","Defend_G","Defend_G","Defend_G","Defend_G","Survivor","Neutralize","Fluid Movement","conspire:DoublingDagger","Flying Knee"],"relics":["Ring of the Snake","Smiling Mask","Boot","jedi:angrymask"],"acts_visited":["Exordium"],"potions_floor_usage":[],"damage_taken":[{"damage":0,"enemies":"Small Slimes","floor":1,"turns":6},{"damage":0,"enemies":"2 Louse","floor":2,"turns":3},{"damage":56,"enemies":"Lagavulin","floor":6,"turns":8},{"damage":35,"enemies":"Gremlin Nob","floor":8,"turns":3}],"seed_played":"-6437548638463238804","potions_obtained":[{"floor":2,"key":"Elixir"},{"floor":6,"key":"DuplicationPotion"}],"is_trial":false,"path_per_floor":["M","M","?","?","$","E","R","E"],"character_chosen":"THE_SILENT","items_purchased":["Fluid Movement"],"campfire_rested":1,"item_purchase_floors":[0],"current_hp_per_floor":[70,70,63,63,63,7,28,0,0],"gold":67,"neow_bonus":"","is_daily":false,"chose_seed":false,"campfire_upgraded":0,"win_rate":0.0,"timestamp":1608080586,"path_taken":["M","M","?","?","$","E","R","E"],"items_purchased_type":["Card"],"build_version":"2020-12-13","purchased_purges":2,"victory":false,"max_hp_per_floor":[70,70,70,70,70,70,70,70,70],"card_choices":[{"not_picked":["StuffTheSpire:DoubleShiv","Blade Dance"],"picked":"conspire:DoublingDagger","floor":1},{"not_picked":["Bane","Underhanded Strike"],"picked":"Flying Knee","floor":2},{"not_picked":["Crippling Poison","StuffTheSpire:BumpUp","jedi:pocketpoison"],"picked":"SKIP","floor":6}],"player_experience":562557,"relics_obtained":[{"floor":6,"key":"jedi:angrymask"}],"event_choices":[{"damage_healed":0,"gold_gain":0,"player_choice":"Relic ","damage_taken":7,"max_hp_gain":0,"max_hp_loss":0,"event_name":"betterThird:BetterScrap","floor":3,"gold_loss":0,"cards_obtained":["Recycle"]},{"damage_healed":0,"gold_gain":0,"player_choice":"Box","damage_taken":0,"relics_obtained":["Boot"],"max_hp_gain":0,"max_hp_loss":0,"event_name":"Big Fish","floor":4,"gold_loss":0,"cards_obtained":["Regret"]}],"is_beta":false,"boss_relics":[],"items_purged_floors":[5,5],"is_endless":false,"potions_floor_spawned":[2,6],"killed_by":"Gremlin Nob","ascension_level":1}}