{"host":"yuhibl5o0ay6idau","time":1608092917,"event":{"mods":["Aspiration","BaseMod","Better Altar","Better Match","Better Note","Better Sensory Stone","Better Skull","Better Third Choice","Colored Map","Colored Powertips","Conspire","Highlight Path","Minty Spire (QoL Compilation)","Quick Restart","Replay The Spire","SOS???????","StSLib","SuperFastMode","Youmu??????","Yuri Mod","Yuyuko"],"gold_per_floor":[119,119,134,134,134,168,168,13,38,38,58,93,106,133,133,229,229,243,293,218,218,204,204,239,252,252,105,105,119,139,155,155,251,251,267,267,279,145,160,189,206,236,314,314,364,141,169,183,183,183],"floor_reached":51,"playtime":7361,"items_purged":["Delirium","Elegance","conspire:Purge"],"score":1050,"play_id":"818097f9-fd01-4dfd-84d7-d95beecbfe16","local_time":"20201215202837","is_ascension_mode":false,"campfire_choices":[{"data":"Faramita\u0027s Temptation","floor":7,"key":"SMITH"},{"data":"Sakura Ward","floor":10,"key":"SMITH"},{"data":"Ghost Spot","floor":28,"key":"SMITH"},{"data":"Impatience","floor":32,"key":"SMITH"},{"floor":44,"key":"REST"},{"floor":49,"key":"REST"}],"circlet_count":0,"master_deck":["Fantasy Butterflies","Fantasy Butterflies","Fantasy Butterflies+1","Dreamy Sakura+1","Deathly Ground+1","Sakura Ward+1","Impatience+1","Bloom+1","Unknown Petal","Ghost Spot+1","Suicide+1","Cerasus Subhirtella+1","Steamed Phantom","Cerasus Subhirtella+1","Ghost Spot","Become Phantom+1","Become Phantom","Become Phantom","Sweet of Phantom+1","Phantom Gift","Sweet of Phantom+1","Sweet of Phantom","All Wander+1"],"relics":["Coronal","Yuyuko\u0027s fan","War Paint","Ring of Peace","Mercury Hourglass","Lee\u0027s Waffle","Replay:Baseball","aspiration:ArtOfWarUpgrade","Gremlin Food","conspire:RunicOctahedron","Whetstone","Divine Protection","Frozen Eye","Ring of Chaos","Eternal Feather","Replay:Wax Seal","Gremlin Horn","Replay:Kaleidoscope","BargainBundle","Golden Egg"],"acts_visited":["Exordium","TheCity","TheBeyond"],"potions_floor_usage":[13,50,50],"damage_taken":[{"damage":12,"enemies":"2 Louse","floor":1,"turns":2},{"damage":12,"enemies":"Small Slimes","floor":3,"turns":3},{"damage":35,"enemies":"3 Sentries","floor":6,"turns":6},{"damage":4,"enemies":"Cultist","floor":11,"turns":4},{"damage":58,"enemies":"Gremlin Nob","floor":12,"turns":6},{"damage":11,"enemies":"Exordium Thugs","floor":13,"turns":6},{"damage":8,"enemies":"Replay:BlueRogue","floor":14,"turns":8},{"damage":7,"enemies":"Slime Boss","floor":16,"turns":7},{"damage":0,"enemies":"conspire:FuzzyDice","floor":18,"turns":3},{"damage":16,"enemies":"2 Thieves","floor":22,"turns":4},{"damage":6,"enemies":"Gremlin Leader","floor":24,"turns":3},{"damage":6,"enemies":"conspire:HollyBat","floor":25,"turns":5},{"damage":2,"enemies":"Snake Plant","floor":29,"turns":2},{"damage":0,"enemies":"Centurion and Healer","floor":30,"turns":2},{"damage":2,"enemies":"Chosen and Byrds","floor":31,"turns":2},{"damage":0,"enemies":"Automaton","floor":33,"turns":2},{"damage":0,"enemies":"3 Darklings","floor":35,"turns":1},{"damage":0,"enemies":"Orb Walker","floor":37,"turns":1},{"damage":0,"enemies":"Spire Growth","floor":39,"turns":3},{"damage":4,"enemies":"R_Hoarder","floor":40,"turns":4},{"damage":2,"enemies":"Jaw Worm Horde","floor":41,"turns":2},{"damage":0,"enemies":"Giant Head","floor":42,"turns":4},{"damage":0,"enemies":"Mind Bloom Boss Battle","floor":45,"turns":1},{"damage":0,"enemies":"Reptomancer","floor":47,"turns":2},{"damage":0,"enemies":"Maw","floor":48,"turns":2},{"damage":5,"enemies":"Time Eater","floor":50,"turns":5}],"seed_played":"-4763370470747790543","potions_obtained":[{"floor":1,"key":"Venom Potion"},{"floor":6,"key":"Firefly"},{"floor":14,"key":"Ancient Potion"},{"floor":22,"key":"Reflective Coating"},{"floor":31,"key":"PowerPotion"},{"floor":39,"key":"SkillPotion"}],"is_trial":false,"path_per_floor":["M","?","M","T","?","E","R","$","T","R","M","E","M","E","R","B",null,"M","?","$","?","M","R","E","M","T","$","R","M","M","M","R","B",null,"M","?","M","$","M","E","M","E","T","R","?","$","E","M","R_BF","B",null],"character_chosen":"YUYOKO","items_purchased":["Lee\u0027s Waffle","Frozen Eye","Become Phantom","BargainBundle"],"campfire_rested":2,"item_purchase_floors":[8,27,38,46],"current_hp_per_floor":[40,40,40,40,40,26,26,51,51,51,47,1,45,43,43,44,51,51,51,51,51,47,47,48,46,46,46,46,49,51,49,49,51,51,51,51,51,51,51,47,49,51,51,51,51,51,51,51,51,46],"gold":183,"neow_bonus":"TEN_PERCENT_HP_BONUS","is_daily":false,"chose_seed":false,"campfire_upgraded":4,"win_rate":0.0,"timestamp":1608092917,"path_taken":["M","?","?","?","?","E","R","?","T","R","M","E","M","E","R","BOSS","M","?","$","?","M","R","E","?","T","$","R","M","M","M","R","BOSS","M","?","M","$","M","E","M","E","T","R","?","$","E","M","R_BF","BOSS"],"items_purchased_type":["Relic","Relic","Card","Relic"],"build_version":"2020-12-13","purchased_purges":3,"victory":true,"max_hp_per_floor":[44,44,44,44,44,44,44,51,51,51,51,51,51,51,51,51,51,51,51,51,51,51,51,51,51,51,51,51,51,51,51,51,51,51,51,51,51,51,51,51,51,51,51,51,51,51,51,51,51,51],"card_choices":[{"not_picked":["Full Moon","Monster Cherry Tree"],"picked":"Sakura Ward","floor":1},{"not_picked":["Violence","Forethought"],"picked":"Impatience","floor":2},{"not_picked":["The Forgotten Winter","Unborn Light"],"picked":"Bloom","floor":3},{"not_picked":["The Forgotten Winter","Dark Wind"],"picked":"Unknown Petal","floor":6},{"not_picked":["Showy Withering","Unstable Ward"],"picked":"Stifle","floor":11},{"not_picked":["Dancing Butterflies","Full Moon"],"picked":"Elegance","floor":12},{"not_picked":["Unborn Light","All Wander","Elegance"],"picked":"SKIP","floor":13},{"not_picked":["Dark Wind","Childlike"],"picked":"Ghost Spot","floor":14},{"not_picked":["Revive The Butterflies","Past Graveyard"],"picked":"Dying Dream","floor":16},{"not_picked":["Unborn Light","Dying Butterflies","Redemption of Death"],"picked":"SKIP","floor":18},{"not_picked":["Monster Cherry Tree","Unreal"],"picked":"Suicide","floor":22},{"not_picked":["Dark Wind","Dancing Soul+1"],"picked":"Cerasus Subhirtella+1","floor":24},{"not_picked":["Open The Fan+1","Linger over Flower+1"],"picked":"Steamed Phantom","floor":25},{"not_picked":["Death Dancing+1","Mini Ghostdom+1","Unborn Light"],"picked":"SKIP","floor":29},{"not_picked":["Redemption of Death+1","Full Inky Sakura"],"picked":"Cerasus Subhirtella","floor":30},{"not_picked":["Unreal","Serene Spring","Dancing Butterflies"],"picked":"SKIP","floor":31},{"not_picked":["Past Graveyard","Explore Ghostdom"],"picked":"Ghost Spot","floor":33},{"not_picked":["Dark Wind","Butterflies in Dream"],"picked":"Become Phantom+1","floor":35},{"not_picked":["Reverse The Screen","Butterflies in Dream","Open The Fan+1"],"picked":"SKIP","floor":37},{"not_picked":["Open The Fan","Unstable Ward"],"picked":"Sweet of Phantom+1","floor":39},{"not_picked":["Butterflies Rainbow","Song of Papilio+1","The Nether+1"],"picked":"SKIP","floor":40},{"not_picked":["End of Faramita+1","Death Dancing+1"],"picked":"Phantom Gift","floor":41},{"not_picked":["Scenery of Papilio","The Forgotten Winter+1"],"picked":"Sweet of Phantom+1","floor":42},{"not_picked":["Showy Withering","Childlike+1"],"picked":"Sweet of Phantom","floor":45},{"not_picked":["Lunch","Dark Wind+1"],"picked":"All Wander+1","floor":47},{"not_picked":["Linger over Flower","Elegance","Reverse The Screen"],"picked":"SKIP","floor":48}],"player_experience":366804,"relics_obtained":[{"floor":4,"key":"War Paint"},{"floor":5,"key":"Ring of Peace"},{"floor":6,"key":"Mercury Hourglass"},{"floor":9,"key":"Replay:Baseball"},{"floor":12,"key":"Art of War"},{"floor":14,"key":"Gremlin Food"},{"floor":24,"key":"Whetstone"},{"floor":26,"key":"Divine Protection"},{"floor":40,"key":"Eternal Feather"},{"floor":42,"key":"Replay:Wax Seal"},{"floor":43,"key":"Gremlin Horn"},{"floor":45,"key":"Replay:Kaleidoscope"},{"floor":47,"key":"Golden Egg"}],"event_choices":[{"damage_healed":0,"gold_gain":1,"player_choice":"1","damage_taken":0,"max_hp_gain":0,"max_hp_loss":0,"event_name":"betterStone:BetterStone","floor":2,"gold_loss":0},{"damage_healed":0,"gold_gain":100,"player_choice":"Bet on Murderer","damage_taken":0,"max_hp_gain":0,"max_hp_loss":0,"event_name":"The Joust","floor":19,"gold_loss":50},{"cards_removed":["Impatience"],"damage_healed":0,"gold_gain":0,"player_choice":"Take \u0026 Give","damage_taken":0,"max_hp_gain":0,"max_hp_loss":0,"event_name":"betterNote:BetterNote","floor":21,"gold_loss":0,"cards_obtained":["conspire:Purge"]},{"damage_healed":0,"gold_gain":0,"player_choice":"Leave","damage_taken":0,"max_hp_gain":0,"max_hp_loss":0,"event_name":"conspire:Investor","floor":36,"gold_loss":0},{"damage_healed":0,"gold_gain":0,"player_choice":"Fight","damage_taken":0,"max_hp_gain":0,"max_hp_loss":0,"event_name":"MindBloom","floor":45,"gold_loss":0}],"is_beta":false,"boss_relics":[{"not_picked":["Runic Dome","Philosopher\u0027s Stone"],"picked":"conspire:RunicOctahedron"},{"not_picked":["Runic Pyramid","Pandora\u0027s Box"],"picked":"Ring of Chaos"}],"items_purged_floors":[20,38,46],"is_endless":false,"potions_floor_spawned":[1,6,14,22,29,31,35,39,42,45],"ascension_level":0}}