{"host":"126yiuos2nq86se7","time":1608108987,"event":{"mods":["AchievementEnabler","Act Like it!","BaseMod","Colored Map","Colored Powertips","Friendly Minions","Highlight Path","Jorbs\u0027s Wanderer Trilogy","Minty Spire (QoL Compilation)","StSLib","SuperFastMode","The Animator","The Hierophant","The Servant 0.9.4"],"gold_per_floor":[14,14,14,14,29,29,45,79,106,122,147,172,61,74,74,205,205,180,95,114,137,137,137,158,158,158,83,3,43,43,58,58,188,188,202,227,242,58,77,77,101,101,101,101,101,121,121,121,121,121],"floor_reached":51,"playtime":2103,"items_purged":["Strike_G","Infinite Blades"],"score":746,"play_id":"cf4cba9e-d605-431a-9f57-d71c0e52154a","local_time":"20201216195627","is_ascension_mode":false,"campfire_choices":[{"floor":6,"key":"REST"},{"floor":15,"key":"REST"},{"data":"Noxious Fumes","floor":23,"key":"SMITH"},{"data":"Terror","floor":32,"key":"SMITH"},{"floor":40,"key":"REST"},{"floor":42,"key":"REST"},{"floor":45,"key":"REST"},{"floor":49,"key":"REST"}],"circlet_count":0,"master_deck":["Defend_G","Defend_G","Defend_G","Defend_G","Defend_G","Survivor","Neutralize","Heel Hook","Leg Sweep","Noxious Fumes+1","Escape Plan","PiercingWail","Terror+1","Noxious Fumes","Burst","Sucker Punch","Malaise","PiercingWail","Footwork","Venomology","Escape Plan+1","Sucker Punch+1","Impatience","Heel Hook+1","Madness","Madness","Deep Breath"],"relics":["Ring of the Snake","Golden Idol","Akabeko","Snake Skull","Oddly Smooth Stone","Cursed Key","Bag of Marbles","Peace Pipe","SlaversCollar"],"acts_visited":["Exordium","TheCity","TheBeyond"],"potions_floor_usage":[8,8,16,29,29,41,46,50,50,50],"damage_taken":[{"damage":0,"enemies":"Small Slimes","floor":1,"turns":5},{"damage":0,"enemies":"Jaw Worm","floor":5,"turns":4},{"damage":0,"enemies":"2 Louse","floor":7,"turns":3},{"damage":23,"enemies":"Lagavulin","floor":8,"turns":6},{"damage":0,"enemies":"Large Slime","floor":10,"turns":7},{"damage":0,"enemies":"2 Fungi Beasts","floor":11,"turns":4},{"damage":0,"enemies":"Looter","floor":12,"turns":4},{"damage":0,"enemies":"3 Louse","floor":14,"turns":6},{"damage":0,"enemies":"The Guardian","floor":16,"turns":9},{"damage":4,"enemies":"2 Thieves","floor":18,"turns":5},{"damage":1,"enemies":"Spheric Guardian","floor":20,"turns":5},{"damage":0,"enemies":"Shelled Parasite and Fungi","floor":21,"turns":6},{"damage":2,"enemies":"Sentry and Sphere","floor":24,"turns":6},{"damage":0,"enemies":"Book of Stabbing","floor":29,"turns":8},{"damage":2,"enemies":"Colosseum Slavers","floor":30,"turns":7},{"damage":0,"enemies":"Snake Plant","floor":31,"turns":5},{"damage":22,"enemies":"Automaton","floor":33,"turns":12},{"damage":3,"enemies":"3 Darklings","floor":35,"turns":8},{"damage":17,"enemies":"Orb Walker","floor":36,"turns":6},{"damage":29,"enemies":"3 Darklings","floor":37,"turns":5},{"damage":8,"enemies":"Transient","floor":39,"turns":5},{"damage":0,"enemies":"Spire Growth","floor":41,"turns":7},{"damage":0,"enemies":"3 Darklings","floor":46,"turns":6},{"damage":11,"enemies":"Awakened One","floor":50,"turns":22}],"seed_played":"1547879931079224160","potions_obtained":[{"floor":5,"key":"SkillPotion"},{"floor":7,"key":"AttackPotion"},{"floor":12,"key":"BlessingOfTheForge"},{"floor":16,"key":"LiquidMemories"},{"floor":21,"key":"CunningPotion"},{"floor":31,"key":"FairyPotion"},{"floor":41,"key":"DistilledChaos"},{"floor":46,"key":"Strength Potion"}],"is_trial":false,"path_per_floor":["M","$","?","?","M","R","M","E","T","M","M","M","$","M","R","B",null,"M","?","M","M","?","R","M","?","T","?","$","E","?","M","R","B",null,"M","M","M","$","M","R","M","R","T","?","R","M","?","?","R","B",null],"character_chosen":"THE_SILENT","items_purchased":["Infinite Blades","Footwork","Impatience"],"campfire_rested":6,"item_purchase_floors":[13,28,38],"current_hp_per_floor":[70,70,53,46,46,67,67,44,44,44,44,44,44,44,65,65,70,66,66,65,65,65,65,63,63,63,63,63,63,61,61,61,39,70,67,50,21,21,13,34,34,55,55,46,67,67,67,67,70,59],"gold":121,"neow_bonus":"REMOVE_TWO","is_daily":false,"chose_seed":false,"campfire_upgraded":2,"win_rate":0.0,"timestamp":1608108987,"path_taken":["M","$","?","?","M","R","M","E","T","M","M","M","?","M","R","BOSS","M","?","M","M","?","R","M","?","T","?","?","E","?","M","R","BOSS","M","M","M","$","M","R","M","R","T","?","R","M","?","?","R","BOSS"],"items_purchased_type":["Card","Card","Card"],"build_version":"2020-12-13","purchased_purges":2,"victory":true,"max_hp_per_floor":[70,70,70,70,70,70,70,70,70,70,70,70,70,70,70,70,70,70,70,70,70,70,70,70,70,70,70,70,70,70,70,70,70,70,70,70,70,70,70,70,70,70,70,70,70,70,70,70,70,70],"card_choices":[{"not_picked":["Prepared","Tactician"],"picked":"Heel Hook","floor":1},{"not_picked":["Dagger Throw","Dash","Eviscerate"],"picked":"SKIP","floor":5},{"not_picked":["Backflip","Deadly Poison"],"picked":"Leg Sweep","floor":7},{"not_picked":["Deadly Poison","Corpse Explosion"],"picked":"Noxious Fumes","floor":8},{"not_picked":["Deflect","Catalyst"],"picked":"Escape Plan","floor":10},{"not_picked":["Outmaneuver","Skewer"],"picked":"PiercingWail","floor":11},{"not_picked":["Underhanded Strike","Cloak And Dagger"],"picked":"Terror","floor":12},{"not_picked":["Outmaneuver","Dash"],"picked":"Noxious Fumes","floor":14},{"not_picked":["Wraith Form v2","Doppelganger"],"picked":"Burst","floor":16},{"not_picked":["Cloak And Dagger+1","Endless Agony+1"],"picked":"Sucker Punch","floor":18},{"not_picked":["Flechettes","Bane","Slice"],"picked":"SKIP","floor":20},{"not_picked":["Concentrate+1","Sucker Punch"],"picked":"Footwork","floor":21},{"not_picked":["Bouncing Flask","Blade Dance"],"picked":"PiercingWail","floor":24},{"not_picked":["Prepared","All Out Attack+1","Cloak And Dagger+1"],"picked":"SKIP","floor":29},{"not_picked":["Poisoned Stab","Quick Slash","Bouncing Flask"],"picked":"SKIP","floor":31},{"not_picked":["Burst","Wraith Form v2"],"picked":"Venomology","floor":33},{"not_picked":["Concentrate+1","Slice"],"picked":"Escape Plan+1","floor":35},{"not_picked":["Poisoned Stab+1","Blade Dance+1","Accuracy"],"picked":"SKIP","floor":36},{"not_picked":["Caltrops+1","Reflex+1"],"picked":"Sucker Punch+1","floor":37},{"not_picked":["Cloak And Dagger+1","Slice+1","Flying Knee+1"],"picked":"SKIP","floor":39},{"not_picked":["Blur+1","Acrobatics+1"],"picked":"Heel Hook+1","floor":41},{"not_picked":["Reflex","Acrobatics+1","Skewer"],"picked":"SKIP","floor":46},{"not_picked":["Flash of Steel","Panacea"],"picked":"Deep Breath","floor":48}],"player_experience":1605735,"relics_obtained":[{"floor":8,"key":"Snake Skull"},{"floor":9,"key":"Oddly Smooth Stone"},{"floor":29,"key":"Peace Pipe"}],"event_choices":[{"damage_healed":0,"gold_gain":0,"player_choice":"Take Damage","damage_taken":17,"relics_obtained":["Golden Idol"],"max_hp_gain":0,"max_hp_loss":0,"event_name":"Golden Idol","floor":3,"gold_loss":0},{"damage_healed":0,"gold_gain":0,"player_choice":"Success","damage_taken":7,"relics_obtained":["Akabeko"],"max_hp_gain":0,"max_hp_loss":0,"event_name":"Scrap Ooze","floor":4,"gold_loss":0},{"damage_healed":0,"gold_gain":0,"player_choice":"Obtained Relic","damage_taken":0,"relics_obtained":["Bag of Marbles"],"max_hp_gain":0,"max_hp_loss":0,"event_name":"Addict","floor":19,"gold_loss":85},{"damage_healed":0,"gold_gain":0,"player_choice":"Read","damage_taken":0,"max_hp_gain":0,"max_hp_loss":0,"event_name":"The Library","floor":22,"gold_loss":0,"cards_obtained":["Malaise"]},{"cards_removed":["Strike_G"],"damage_healed":0,"gold_gain":0,"player_choice":"Elegance","damage_taken":0,"max_hp_gain":0,"max_hp_loss":0,"event_name":"Back to Basics","floor":25,"gold_loss":0},{"cards_removed":["Strike_G"],"damage_healed":0,"gold_gain":0,"player_choice":"Gave Gold","damage_taken":0,"max_hp_gain":0,"max_hp_loss":0,"event_name":"Beggar","floor":27,"gold_loss":75},{"damage_healed":0,"gold_gain":0,"player_choice":"Fight","damage_taken":0,"max_hp_gain":0,"max_hp_loss":0,"event_name":"Colosseum","floor":30,"gold_loss":0},{"damage_healed":0,"gold_gain":0,"player_choice":"Fled From Nobs","damage_taken":0,"max_hp_gain":0,"max_hp_loss":0,"event_name":"Colosseum","floor":30,"gold_loss":0},{"damage_healed":0,"gold_gain":0,"player_choice":"Embrace Madness","damage_taken":9,"max_hp_gain":0,"max_hp_loss":0,"event_name":"Winding Halls","floor":44,"gold_loss":0,"cards_obtained":["Madness","Madness"]},{"cards_removed":["Footwork"],"damage_healed":0,"gold_gain":0,"player_choice":"Removed Power","damage_taken":0,"max_hp_gain":0,"max_hp_loss":0,"event_name":"Falling","floor":47,"gold_loss":0},{"damage_healed":0,"gold_gain":0,"player_choice":"Memory 1","damage_taken":0,"max_hp_gain":0,"max_hp_loss":0,"event_name":"SensoryStone","floor":48,"gold_loss":0}],"is_beta":false,"boss_relics":[{"not_picked":["Coffee Dripper","Tiny House"],"picked":"Cursed Key"},{"not_picked":["SacredBark","HoveringKite"],"picked":"SlaversCollar"}],"items_purged_floors":[13,38],"is_endless":false,"potions_floor_spawned":[5,7,12,16,21,30,31,41,46],"ascension_level":0}}