{"host":"fne7yx97fnz7kq05","time":1608082370,"event":{"mods":["BaseMod","Colored Map","Colored Powertips","Highlight Path","Minty Spire (QoL Compilation)","Relic Stats"],"gold_per_floor":[119,219,231,249,54,80,98,98,98,124,141,160,193,219,219,316,316,333,347,359,205,218,218,218,218,244,277,313,353,377,407,419,535,547,575,601,613,643,655,667,708,720,758,204,232,232,243,273,273,273,273,273,5,39,39],"floor_reached":56,"playtime":4110,"items_purged":["Strike_R","Perfected Strike","Strike_R+1"],"score":1531,"play_id":"88e92b15-1e52-4d72-bfd3-955876839b60","local_time":"20201215193250","is_ascension_mode":true,"campfire_choices":[{"data":"Armaments","floor":8,"key":"SMITH"},{"data":"Carnage","floor":15,"key":"SMITH"},{"data":"Cleave","floor":23,"key":"SMITH"},{"data":"True Grit","floor":32,"key":"SMITH"},{"floor":40,"key":"RECALL"},{"data":"Demon Form","floor":42,"key":"SMITH"},{"data":"Discovery","floor":49,"key":"SMITH"},{"data":"Body Slam","floor":52,"key":"SMITH"}],"circlet_count":0,"master_deck":["Strike_R+1","Strike_R+1","Defend_R+1","Defend_R+1","Defend_R+1","Defend_R+1","Bash","Carnage+1","Cleave+1","Armaments+1","True Grit+1","Battle Trance","True Grit","Impervious","Ghostly","Ghostly","Ghostly","Ghostly","Ghostly","Shrug It Off","Demon Form+1","Body Slam+1","Dark Shackles","Discovery+1","Blind","Shrug It Off+1","Impervious","Headbutt","Headbutt+1","Shockwave+1"],"relics":["Philosopher\u0027s Stone","Orichalcum","Vajra","Sundial","Bottled Flame","Boot","Odd Mushroom","SacredBark","Happy Flower","MawBank","Bronze Scales","Blood Vial","Runic Pyramid","Thread and Needle","Anchor","Paper Frog","DollysMirror","Nunchaku","Letter Opener","Bag of Marbles","Mango"],"acts_visited":["Exordium","TheCity","TheBeyond","TheEnding"],"potions_floor_usage":[10,13,19,27,33,47,50],"damage_taken":[{"damage":0,"enemies":"2 Louse","floor":1,"turns":3},{"damage":0,"enemies":"Cultist","floor":3,"turns":2},{"damage":2,"enemies":"Jaw Worm","floor":4,"turns":2},{"damage":9,"enemies":"Lagavulin","floor":6,"turns":5},{"damage":0,"enemies":"Exordium Wildlife","floor":7,"turns":2},{"damage":5,"enemies":"3 Sentries","floor":10,"turns":5},{"damage":0,"enemies":"Large Slime","floor":11,"turns":4},{"damage":2,"enemies":"Blue Slaver","floor":12,"turns":2},{"damage":0,"enemies":"Gremlin Nob","floor":13,"turns":2},{"damage":1,"enemies":"The Mushroom Lair","floor":14,"turns":5},{"damage":27,"enemies":"The Guardian","floor":16,"turns":9},{"damage":21,"enemies":"2 Thieves","floor":18,"turns":3},{"damage":6,"enemies":"3 Byrds","floor":19,"turns":5},{"damage":10,"enemies":"Sentry and Sphere","floor":20,"turns":8},{"damage":11,"enemies":"Snecko","floor":22,"turns":4},{"damage":0,"enemies":"Gremlin Leader","floor":27,"turns":6},{"damage":0,"enemies":"Book of Stabbing","floor":29,"turns":5},{"damage":0,"enemies":"Cultist and Chosen","floor":30,"turns":6},{"damage":0,"enemies":"3 Cultists","floor":31,"turns":4},{"damage":16,"enemies":"Automaton","floor":33,"turns":9},{"damage":0,"enemies":"Orb Walker","floor":35,"turns":5},{"damage":0,"enemies":"3 Darklings","floor":36,"turns":6},{"damage":0,"enemies":"Writhing Mass","floor":38,"turns":7},{"damage":0,"enemies":"Reptomancer","floor":41,"turns":8},{"damage":0,"enemies":"Giant Head","floor":45,"turns":7},{"damage":0,"enemies":"Spire Growth","floor":47,"turns":4},{"damage":0,"enemies":"Nemesis","floor":48,"turns":5},{"damage":2,"enemies":"Awakened One","floor":50,"turns":9},{"damage":0,"enemies":"Shield and Spear","floor":54,"turns":9},{"damage":45,"enemies":"The Heart","floor":55,"turns":11}],"seed_played":"-6190973736727847165","potions_obtained":[{"floor":3,"key":"SteroidPotion"},{"floor":6,"key":"Explosive Potion"},{"floor":11,"key":"PowerPotion"},{"floor":16,"key":"ColorlessPotion"},{"floor":22,"key":"LiquidBronze"},{"floor":31,"key":"Block Potion"},{"floor":35,"key":"Energy Potion"}],"is_trial":false,"path_per_floor":["M","?","M","M","$","E","M","R","T","E","M","M","E","?","R","B",null,"M","M","M","$","M","R","?","?","T","E","T","E","M","M","R","B",null,"M","M","?","M","?","R","E","R","T","$","E","?","M","E","R","B",null,"R","$","E","B",null],"character_chosen":"IRONCLAD","items_purchased":["Orichalcum","Fire Potion","EssenceOfSteel","Paper Frog","DollysMirror","DuplicationPotion","Bag of Marbles"],"campfire_rested":0,"item_purchase_floors":[5,5,21,44,44,44,53],"current_hp_per_floor":[80,80,80,78,78,69,69,69,69,64,64,62,62,61,61,34,80,59,53,43,43,32,32,32,32,32,32,32,32,34,36,36,22,40,40,40,40,40,30,30,32,32,32,32,34,34,36,38,38,38,40,40,40,54,9],"gold":39,"neow_bonus":"BOSS_RELIC","is_daily":false,"chose_seed":false,"campfire_upgraded":7,"win_rate":0.0,"timestamp":1608082370,"path_taken":["M","?","M","M","$","E","M","R","T","E","?","M","E","?","R","BOSS","M","M","M","$","M","R","?","?","T","E","?","E","?","M","R","BOSS","M","?","?","?","?","R","E","R","T","?","E","?","M","E","R","BOSS","R","$","E","BOSS"],"items_purchased_type":["Relic","Potion","Potion","Relic","Relic","Potion","Relic"],"build_version":"2020-12-13","purchased_purges":3,"victory":true,"max_hp_per_floor":[80,80,80,80,80,80,80,80,80,80,80,80,80,80,80,80,80,80,80,80,80,80,80,80,40,40,40,40,40,40,40,40,40,40,40,40,40,40,40,40,40,40,40,40,40,40,40,40,40,40,40,40,40,54,54],"relic_stats":{"Blood Vial":16,"Nunchaku":[4],"Happy Flower":[33],"counters":[30,162],"Sundial":[16],"Bronze Scales":[448],"Letter Opener":[107],"Orichalcum":[318],"Boot":[27],"MawBank":204,"obtain_stats":[{"Happy Flower":26,"SacredBark":17,"Vajra":6,"Thread and Needle":37,"Mango":54,"Letter Opener":48,"Orichalcum":5,"Odd Mushroom":14,"Boot":13,"MawBank":27,"Burning Blood":0,"Blood Vial":29,"Bottled Flame":10,"Anchor":41,"Nunchaku":45,"Sundial":9,"DollysMirror":44,"Bronze Scales":28,"Philosopher\u0027s Stone":0,"Bag of Marbles":53,"Runic Pyramid":34,"Paper Frog":44},{"Happy Flower":15,"SacredBark":11,"Vajra":4,"Thread and Needle":22,"Mango":29,"Letter Opener":27,"Orichalcum":3,"Odd Mushroom":10,"Boot":9,"MawBank":16,"Burning Blood":0,"Blood Vial":17,"Bottled Flame":6,"Anchor":24,"Nunchaku":25,"Sundial":5,"DollysMirror":24,"Bronze Scales":16,"Philosopher\u0027s Stone":0,"Bag of Marbles":28,"Runic Pyramid":20,"Paper Frog":24},{"Happy Flower":61,"SacredBark":41,"Vajra":12,"Thread and Needle":102,"Mango":151,"Letter Opener":133,"Orichalcum":7,"Odd Mushroom":32,"Boot":27,"MawBank":67,"Burning Blood":0,"Blood Vial":72,"Bottled Flame":19,"Anchor":117,"Nunchaku":124,"Sundial":14,"DollysMirror":117,"Bronze Scales":67,"Philosopher\u0027s Stone":0,"Bag of Marbles":142,"Runic Pyramid":91,"Paper Frog":117}]},"card_choices":[{"not_picked":["Rupture","Fire Breathing"],"picked":"Perfected Strike","floor":1},{"not_picked":["Hemokinesis","Body Slam"],"picked":"Carnage","floor":3},{"not_picked":["Heavy Blade","Ghostly Armor","Hemokinesis"],"picked":"SKIP","floor":4},{"not_picked":["Flex","Feel No Pain"],"picked":"Cleave","floor":6},{"not_picked":["Inflame","Body Slam"],"picked":"Armaments","floor":7},{"not_picked":["Pummel","Power Through"],"picked":"True Grit","floor":10},{"not_picked":["Sword Boomerang","Rampage"],"picked":"Battle Trance","floor":11},{"not_picked":["Clash","Armaments","Power Through"],"picked":"SKIP","floor":12},{"not_picked":["Demon Form","Hemokinesis"],"picked":"True Grit","floor":13},{"not_picked":["Juggernaut","Limit Break"],"picked":"Impervious","floor":16},{"not_picked":["Heavy Blade","Sever Soul+1","Bloodletting"],"picked":"SKIP","floor":18},{"not_picked":["True Grit","Clash+1","Warcry+1"],"picked":"SKIP","floor":19},{"not_picked":["Sword Boomerang+1","Clash+1","Headbutt"],"picked":"SKIP","floor":20},{"not_picked":["Battle Trance","Cleave","Thunderclap"],"picked":"SKIP","floor":22},{"not_picked":["Flex","Hemokinesis+1","Body Slam"],"picked":"SKIP","floor":27},{"not_picked":["Fiend Fire","Pummel"],"picked":"Shrug It Off","floor":29},{"not_picked":["Heavy Blade","Headbutt","Thunderclap"],"picked":"SKIP","floor":30},{"not_picked":["Iron Wave","Body Slam","Anger"],"picked":"SKIP","floor":31},{"not_picked":["Limit Break","Offering"],"picked":"Demon Form","floor":33},{"not_picked":["Anger+1","Inflame+1","Pommel Strike"],"picked":"SKIP","floor":35},{"not_picked":["Hemokinesis+1","Rupture"],"picked":"Body Slam","floor":36},{"not_picked":["Iron Wave+1","Armaments","Thunderclap+1"],"picked":"SKIP","floor":38},{"not_picked":["Impatience","Deep Breath"],"picked":"Dark Shackles","floor":39},{"not_picked":["Finesse","Mind Blast"],"picked":"Discovery","floor":39},{"not_picked":["Thinking Ahead","Master of Strategy"],"picked":"Blind","floor":39},{"not_picked":["Pommel Strike","Offering"],"picked":"Shrug It Off+1","floor":41},{"not_picked":["Bludgeon","Burning Pact","Dropkick"],"picked":"SKIP","floor":45},{"not_picked":["Headbutt","Shrug It Off","Thunderclap"],"picked":"SKIP","floor":47},{"not_picked":["Shrug It Off","Thunderclap"],"picked":"Headbutt","floor":47},{"not_picked":["Heavy Blade+1","Combust+1"],"picked":"Headbutt+1","floor":48},{"not_picked":["Cleave+1","Headbutt"],"picked":"Shockwave+1","floor":54}],"player_experience":13548,"relics_obtained":[{"floor":6,"key":"Vajra"},{"floor":9,"key":"Sundial"},{"floor":10,"key":"Bottled Flame"},{"floor":13,"key":"Boot"},{"floor":14,"key":"Odd Mushroom"},{"floor":26,"key":"Happy Flower"},{"floor":27,"key":"MawBank"},{"floor":28,"key":"Bronze Scales"},{"floor":29,"key":"Blood Vial"},{"floor":41,"key":"Anchor"},{"floor":45,"key":"Nunchaku"},{"floor":48,"key":"Letter Opener"},{"floor":54,"key":"Mango"}],"event_choices":[{"damage_healed":0,"gold_gain":100,"player_choice":"Pray","damage_taken":0,"max_hp_gain":0,"max_hp_loss":0,"event_name":"Golden Shrine","floor":2,"gold_loss":0},{"damage_healed":0,"gold_gain":0,"player_choice":"Fought Mushrooms","damage_taken":0,"max_hp_gain":0,"max_hp_loss":0,"event_name":"Mushrooms","floor":14,"gold_loss":0},{"damage_healed":0,"gold_gain":0,"player_choice":"Simplicity","damage_taken":0,"max_hp_gain":0,"max_hp_loss":0,"event_name":"Back to Basics","floor":24,"gold_loss":0,"cards_upgraded":["Strike_R","Strike_R","Strike_R","Strike_R","Defend_R","Defend_R","Defend_R","Defend_R"]},{"damage_healed":0,"gold_gain":0,"player_choice":"Became a Ghost","damage_taken":0,"max_hp_gain":0,"max_hp_loss":40,"event_name":"Ghosts","floor":25,"gold_loss":0,"cards_obtained":["Ghostly","Ghostly","Ghostly","Ghostly","Ghostly"]},{"damage_healed":0,"gold_gain":0,"player_choice":"Gave Potion","damage_taken":0,"relics_obtained":["Thread and Needle"],"max_hp_gain":0,"max_hp_loss":0,"event_name":"WeMeetAgain","floor":37,"gold_loss":0},{"damage_healed":0,"gold_gain":0,"player_choice":"Memory 3","damage_taken":10,"max_hp_gain":0,"max_hp_loss":0,"event_name":"SensoryStone","floor":39,"gold_loss":0},{"cards_removed":["Strike_R"],"damage_healed":0,"gold_gain":0,"player_choice":"Removed Attack","damage_taken":0,"max_hp_gain":0,"max_hp_loss":0,"event_name":"Falling","floor":46,"gold_loss":0}],"is_beta":false,"boss_relics":[{"not_picked":["Empty Cage","Fusion Hammer"],"picked":"SacredBark"},{"not_picked":["SlaversCollar","Calling Bell"],"picked":"Runic Pyramid"}],"items_purged_floors":[21,44,53],"is_endless":false,"potions_floor_spawned":[3,6,7,11,16,18,22,31,35,45],"ascension_level":1}}