{"host":"y89x8uui45kcjy42","time":1608113662,"event":{"mods":["2.2 Compatiblity","BaseMod","CapriCore","Colored Map","Colored Powertips","Custom Start","Friendly Minions","Highlight Path","Keyboard Shortcuts","Minty Spire (QoL Compilation)","Relic Stats","Slay the Relics Exporter","StSLib","SuperFastMode","The Gatherer","Waifu the Spire"],"gold_per_floor":[10,24,299,312,323,323,353,353,353,313,9,9,9,9],"floor_reached":12,"playtime":398,"items_purged":["Regret"],"score":82,"play_id":"d3672e31-b68e-4cc3-959e-5da96b181008","local_time":"20201216191422","is_ascension_mode":true,"metric_token":1053,"campfire_choices":[{"data":"Gatherer:QuickSynthesis","floor":6,"key":"SMITH"},{"data":"Gatherer:Centralize","floor":8,"key":"SMITH"}],"circlet_count":0,"master_deck":["Gatherer:Strike_Gatherer","Gatherer:Strike_Gatherer","Gatherer:Strike_Gatherer","Gatherer:Strike_Gatherer","Gatherer:Defend_Gatherer","Gatherer:Defend_Gatherer","Gatherer:Defend_Gatherer","Gatherer:Defend_Gatherer","Gatherer:Centralize+1","Gatherer:FlowerWhip","Gatherer:QuickSynthesis+1","Gatherer:BalancedGrowth","Gatherer:BlackTea","Sadistic Nature"],"relics":["Gatherer:AlchemyBag","CeramicFish","Akabeko"],"acts_visited":["Exordium"],"potions_floor_usage":[7],"damage_taken":[{"damage":5,"enemies":"Small Slimes","floor":1,"turns":5},{"damage":0,"enemies":"Cultist","floor":2,"turns":3},{"damage":6,"enemies":"Jaw Worm","floor":4,"turns":3},{"damage":9,"enemies":"Red Slaver","floor":5,"turns":5},{"damage":60,"enemies":"Lagavulin","floor":7,"turns":11},{"damage":10,"enemies":"Gremlin Nob","floor":12,"turns":2}],"seed_played":"-4176284229066519383","potions_obtained":[{"floor":2,"key":"Regen Potion"},{"floor":4,"key":"SmokeBomb"},{"floor":7,"key":"LiquidBronze"}],"is_trial":false,"path_per_floor":["M","M","?","M","M","R","E","R","T","?","$","E"],"character_chosen":"THE_GATHERER","items_purchased":["Gatherer:BlackTea","Sadistic Nature"],"campfire_rested":0,"item_purchase_floors":[11,11],"current_hp_per_floor":[67,67,67,61,52,52,7,7,7,7,7,0,0,0],"gold":9,"neow_bonus":"REMOVE_TWO","is_daily":false,"chose_seed":false,"campfire_upgraded":2,"win_rate":0.0,"timestamp":1608113662,"path_taken":["M","M","?","?","M","R","E","R","T","?","$","E"],"items_purchased_type":["Card","Card"],"build_version":"2020-12-13","purchased_purges":1,"victory":false,"max_hp_per_floor":[72,72,72,72,72,72,72,72,72,72,72,72,72,72],"relic_stats":{"counters":[6,29],"CeramicFish":18,"obtain_stats":[{"CeramicFish":7,"Gatherer:AlchemyBag":0,"Akabeko":9},{"CeramicFish":5,"Gatherer:AlchemyBag":0,"Akabeko":5},{"CeramicFish":27,"Gatherer:AlchemyBag":0,"Akabeko":27}]},"card_choices":[{"not_picked":["Gatherer:WoolGloves","Gatherer:TreeGrowth"],"picked":"Gatherer:QuickSynthesis","floor":1},{"not_picked":["Gatherer:WoolGloves","Gatherer:AcidicSpray"],"picked":"Gatherer:BalancedGrowth","floor":2},{"not_picked":["Gatherer:WoolGloves","Gatherer:ScentOfRosmari","Gatherer:AromaProtection"],"picked":"SKIP","floor":4},{"not_picked":["Gatherer:ScherryThrow","Gatherer:CursedBlade","Gatherer:CarefulStrike"],"picked":"SKIP","floor":5},{"not_picked":["Gatherer:ScentOfRosmari","Gatherer:Transmute","Gatherer:EchoOfNature"],"picked":"SKIP","floor":7}],"player_experience":501034,"relics_obtained":[{"floor":7,"key":"CeramicFish"},{"floor":9,"key":"Akabeko"}],"event_choices":[{"damage_healed":0,"gold_gain":275,"player_choice":"Desecrate","damage_taken":0,"max_hp_gain":0,"max_hp_loss":0,"event_name":"Golden Shrine","floor":3,"gold_loss":0,"cards_obtained":["Regret"]},{"damage_healed":0,"gold_gain":0,"player_choice":"Left Gold","damage_taken":0,"max_hp_gain":0,"max_hp_loss":0,"event_name":"World of Goop","floor":10,"gold_loss":40}],"is_beta":false,"boss_relics":[],"items_purged_floors":[11],"is_endless":false,"potions_floor_spawned":[2,4,7],"killed_by":"Gremlin Nob","ascension_level":1}}