{"host":"nox","time":1608115193,"event":{"mods":["BaseMod","Colored Powertips","Minty Spire (QoL Compilation)","Quick Restart","Replay The Spire","StSLib"],"gold_per_floor":[112,112,128,143,161,194,212,212,212],"floor_reached":8,"playtime":249,"items_purged":[],"score":72,"play_id":"4bbe56ba-bc3e-4d08-ae54-99bfdc266d69","local_time":"20201216173953","is_ascension_mode":true,"campfire_choices":[],"circlet_count":0,"master_deck":["Strike_G","Strike_G","Strike_G","Strike_G","Strike_G","Defend_G","Defend_G","Defend_G","Defend_G","Defend_G","Survivor","Neutralize","Catalyst"],"relics":["Ring of the Snake","NeowsBlessing","Dream Catcher"],"acts_visited":["Exordium"],"potions_floor_usage":[6,8,8],"damage_taken":[{"damage":0,"enemies":"2 Louse","floor":1,"turns":1},{"damage":0,"enemies":"Cultist","floor":3,"turns":1},{"damage":0,"enemies":"Jaw Worm","floor":4,"turns":1},{"damage":4,"enemies":"Exordium Wildlife","floor":5,"turns":3},{"damage":45,"enemies":"Lagavulin","floor":6,"turns":8},{"damage":5,"enemies":"Looter","floor":7,"turns":5},{"damage":19,"enemies":"3 Sentries","floor":8,"turns":5}],"seed_played":"4773362239738517143","potions_obtained":[{"floor":1,"key":"Poison Potion"},{"floor":2,"key":"Elixir"},{"floor":2,"key":"Adrenaline Potion"},{"floor":2,"key":"Death Potion"},{"floor":4,"key":"Strength Potion"}],"is_trial":false,"path_per_floor":["M","?","M","M","M","E","M","E"],"character_chosen":"THE_SILENT","items_purchased":[],"campfire_rested":0,"item_purchase_floors":[],"current_hp_per_floor":[70,70,70,70,66,21,16,0,0],"gold":212,"neow_bonus":"THREE_ENEMY_KILL","is_daily":false,"chose_seed":false,"campfire_upgraded":0,"win_rate":0.0,"timestamp":1608115193,"path_taken":["M","?","M","?","M","E","M","E"],"items_purchased_type":[],"build_version":"2020-11-17","purchased_purges":0,"victory":false,"max_hp_per_floor":[70,70,70,70,70,70,70,70,70],"card_choices":[{"not_picked":["Bouncing Flask","Dagger Throw","Prepared"],"picked":"SKIP","floor":1},{"not_picked":["Quick Slash","Dagger Throw","Poison Darts"],"picked":"SKIP","floor":3},{"not_picked":["Sucker Punch","Poisoned Stab"],"picked":"Catalyst","floor":4},{"not_picked":["Slice","Quick Slash","Fluid Movement"],"picked":"SKIP","floor":5},{"not_picked":["Cloak And Dagger","Caltrops","ReplayTheSpireMod:Scrap Shanks"],"picked":"SKIP","floor":6},{"not_picked":["Deflect","Choke","Prepared"],"picked":"SKIP","floor":7}],"player_experience":130784,"relics_obtained":[{"floor":6,"key":"Dream Catcher"}],"event_choices":[{"damage_healed":0,"gold_gain":0,"player_choice":"Got Potions","damage_taken":0,"max_hp_gain":0,"max_hp_loss":0,"event_name":"Lab","floor":2,"gold_loss":0}],"is_beta":true,"boss_relics":[],"items_purged_floors":[],"is_endless":false,"potions_floor_spawned":[1,4],"killed_by":"3 Sentries","ascension_level":4}}