{"host":"9ndbo4kgsfoemf7y","time":1608112554,"event":{"mods":["AchievementEnabler","BaseMod","Colored Map","DeckTracker","Keyboard Shortcuts","Minty Spire (QoL Compilation)","Permanent Neow","Quick Restart","Relic Stats","StSLib","SuperFastMode"],"gold_per_floor":[113,38,38,50,61,95,95,95,95],"floor_reached":8,"playtime":306,"items_purged":["Strike_G"],"score":101,"play_id":"e14c29c8-e194-4c09-97ce-65fdc5d18fef","local_time":"20201216185554","is_ascension_mode":true,"campfire_choices":[{"data":"Calculated Gamble","floor":7,"key":"SMITH"}],"circlet_count":0,"master_deck":["AscendersBane","Strike_G","Strike_G+1","Strike_G+1","Strike_G+1","Defend_G","Defend_G","Defend_G","Defend_G+1","Defend_G","Survivor","Neutralize","Clumsy","Backstab","Calculated Gamble+1","Backflip"],"relics":["Ring of the Snake","Lizard Tail","Whetstone"],"acts_visited":["Exordium"],"potions_floor_usage":[6,6],"damage_taken":[{"damage":7.0,"enemies":"2 Louse","floor":1.0,"turns":3.0},{"damage":3.0,"enemies":"Jaw Worm","floor":4.0,"turns":4.0},{"damage":1.0,"enemies":"Cultist","floor":5.0,"turns":4.0},{"damage":12,"enemies":"Gremlin Nob","floor":6,"turns":4},{"damage":54,"enemies":"3 Sentries","floor":8,"turns":12}],"seed_played":"6873574136349485695","potions_obtained":[{"floor":4.0,"key":"SteroidPotion"},{"floor":5.0,"key":"LiquidMemories"}],"is_trial":false,"path_per_floor":["M","$","?","M","M","E","R","E"],"character_chosen":"THE_SILENT","items_purchased":[],"campfire_rested":0,"item_purchase_floors":[],"current_hp_per_floor":[52,52,32,29,28,16,16,0,0],"gold":95,"neow_bonus":"ONE_RARE_RELIC","is_daily":false,"chose_seed":false,"campfire_upgraded":1,"win_rate":0.0,"timestamp":1608112554,"path_taken":["M","$","?","M","M","E","R","E"],"items_purchased_type":[],"build_version":"2020-12-13","purchased_purges":1,"victory":false,"max_hp_per_floor":[66,66,66,66,66,66,66,66,66],"relic_stats":{"Lizard Tail":33,"counters":[5,27],"Whetstone":["Strike_G","Strike_G"],"obtain_stats":[{"Lizard Tail":0,"Whetstone":6,"Ring of the Snake":0},{"Lizard Tail":0,"Whetstone":4,"Ring of the Snake":0},{"Lizard Tail":0,"Whetstone":15,"Ring of the Snake":0}],"Ring of the Snake":[10]},"card_choices":[{"not_picked":["PiercingWail","Leg Sweep"],"picked":"Backstab","floor":1.0},{"not_picked":["Dodge and Roll","Slice","Dagger Throw"],"picked":"SKIP","floor":4.0},{"not_picked":["Finisher","Dodge and Roll"],"picked":"Calculated Gamble","floor":5.0},{"not_picked":["Dagger Throw","Noxious Fumes"],"picked":"Backflip","floor":6}],"player_experience":681415,"relics_obtained":[{"floor":6,"key":"Whetstone"}],"event_choices":[{"damage_healed":0.0,"max_hp_gain":0.0,"max_hp_loss":0.0,"gold_gain":0.0,"event_name":"Shining Light","player_choice":"Entered Light","floor":3.0,"gold_loss":0.0,"damage_taken":20.0,"cards_upgraded":["Strike_G","Defend_G"]}],"is_beta":false,"boss_relics":[],"items_purged_floors":[2],"is_endless":false,"potions_floor_spawned":[4,5],"killed_by":"3 Sentries","ascension_level":16}}