{"host":"ymw71f7rc9ndansy","time":1608095263,"event":{"mods":["Aspiration","BaseMod","DeckTracker","Hubris","Library of Ruina","Library of Ruina Extra","Lobotomy","LobotomyExtend","Minty Spire (QoL Compilation)","MostiFishMod","Remove Card Discount Mod","Replay The Spire","StSLib","TestMod","【遗物卡牌】REMEMod"],"gold_per_floor":[118,137,153,139,149,214,256,315,395,795,805,575,607,607,607,713,713,713],"floor_reached":17,"playtime":504,"items_purged":["Pain","LightAttack","LightAttack","LightAttack","LightDefense","ChargeAndCover","FocusedStrikes","Dodge","testmod-TradeIn","LightDefense"],"score":411,"play_id":"dce76439-f383-40fc-a82e-c94009267795","local_time":"20201216130743","is_ascension_mode":true,"campfire_choices":[{"data":"Reload","floor":15,"key":"SMITH"}],"circlet_count":0,"master_deck":["AscendersBane","LightDefense","LightDefense+1","UnforgettableMelody","WillOfThePrescript","Punishment","Reload+1","GutHarvesting","TrashDisposal+1","BoundaryOfDeath"],"relics":["PageOfLibrarian","DaveBox","REME_ComplimentaryCards","CombinedTypeHook","Question Card","Matryoshka","testmod-Antiphasic","ReplayTheSpireMod:Ninjato","Regal Pillow","Blue Candle","ImportantClient","MetatronsCube"],"acts_visited":["Exordium","TheCity"],"potions_floor_usage":[6,13],"damage_taken":[{"damage":8,"enemies":"Cultist","floor":1,"turns":3},{"damage":2,"enemies":"2 Louse","floor":2,"turns":2},{"damage":8,"enemies":"Jaw Worm","floor":3,"turns":2},{"damage":0,"enemies":"Blue Slaver","floor":5,"turns":2},{"damage":6,"enemies":"Replay:BlueRogue","floor":6,"turns":3},{"damage":0,"enemies":"2 Fungi Beasts","floor":7,"turns":2},{"damage":0,"enemies":"Lagavulin","floor":8,"turns":3},{"damage":6,"enemies":"Looter","floor":11,"turns":2},{"damage":0,"enemies":"Replay:BlueRogue","floor":13,"turns":3},{"damage":10,"enemies":"Slime Boss","floor":16,"turns":4}],"seed_played":"7038644646893416520","potions_obtained":[{"floor":3,"key":"AttackPotion"},{"floor":5,"key":"SpeedPotion"},{"floor":6,"key":"Weak Potion"}],"is_trial":false,"path_per_floor":["M","M","M","$","M","E","M","E","T","?","M","$","E","?","R","B",null],"character_chosen":"Librarian","items_purchased":["testmod-SpacePotion","Regal Pillow"],"campfire_rested":0,"item_purchase_floors":[12,12],"current_hp_per_floor":[46,44,36,36,36,30,32,36,36,36,34,34,44,28,28,32,70,70],"gold":713,"neow_bonus":"THREE_RARE_CARDS","is_daily":false,"chose_seed":false,"campfire_upgraded":1,"win_rate":0.0,"timestamp":1608095263,"path_taken":["M","M","M","$","M","E","M","E","T","?","M","$","E","?","R","BOSS"],"items_purchased_type":["Potion","Relic"],"build_version":"2020-12-13","purchased_purges":10,"victory":false,"max_hp_per_floor":[82,82,82,82,82,82,82,82,82,82,82,82,82,82,82,82,82,82],"card_choices":[{"not_picked":["RipSpace","Suppress"],"picked":"UnforgettableMelody","floor":0},{"not_picked":["UnavoidableGaze","Pound","InhaleSmoke","RulesOfTheBackstreets","UpbeatPerformance","EndlessBattle","QuickAttack","ShrineToMusic"],"picked":"WillOfThePrescript","floor":1},{"not_picked":["Thrust","ButterflySlash","StartinOutLightly","FierceCharge","HiddenBlade","Parry","ClassAndRespect","EnergyCycle","Rewind"],"picked":"Punishment","floor":2},{"not_picked":["InhaleSmoke","ElectricShock","Thrust","SharpNails","PuppetBlockade","FrontalAssault","ForTheFamily","FlyingSword","StayCalm"],"picked":"Reload","floor":3},{"not_picked":["SmokingPipe","Quickness","Unlock1","QuickAttack","FleetEdge","UnavoidableGaze","SteelKnuckles","Reload","Overpower"],"picked":"GutHarvesting","floor":5},{"not_picked":["SpearedSweep","SmokingPipe","WrathOfTorment","SunsetBlade","FrontalAssault","Reload","Wallop_lor","Thrust","HandleRequest"],"picked":"TrashDisposal","floor":6},{"not_picked":["Leap_lor","QuickAttack","UpbeatPerformance","TendonChords","YoureTooSlow","Track","SharpSwipe","SunsetBlade","Quickness","ClassAndRespect"],"picked":"SKIP","floor":7},{"not_picked":["TendonChords","PreemptiveStrike","GuidanceOfTheGears","AssaultOrder","UnavoidableGaze","GuardingStance","WrathOfTorment","RipSpace","DriedUp","SunsetBlade"],"picked":"SKIP","floor":8},{"not_picked":["AsThePrescriptOrders","MultiHit","YoureTooSlow","WillOfThePrescript","DarkCloud","GuardingStance","SpearedSweep","SkitterAway","HighKick","Quickness"],"picked":"SKIP","floor":11},{"not_picked":["Reload","HeavyPeaks","BiteOff","RipSpace","Guardian_lor","NightInTheBackstreets","Tailoring","FleetFootsteps","Execute_lor","Juggling"],"picked":"SKIP","floor":13},{"not_picked":["Suppress","SilentNight","EnergyBeam"],"picked":"BoundaryOfDeath","floor":16}],"player_experience":1007761,"relics_obtained":[{"floor":1,"key":"Question Card"},{"floor":6,"key":"Matryoshka"},{"floor":9,"key":"testmod-Antiphasic"},{"floor":9,"key":"ReplayTheSpireMod:Ninjato"},{"floor":13,"key":"Blue Candle"},{"floor":16,"key":"ImportantClient"}],"event_choices":[{"damage_healed":0,"gold_gain":400,"player_choice":"Sell","damage_taken":0,"max_hp_gain":0,"max_hp_loss":0,"event_name":"恩洛斯的盘子","floor":10,"relics_lost":["testmod-TestBox"],"gold_loss":0},{"damage_healed":0,"gold_gain":0,"player_choice":"Entered Light","damage_taken":16,"max_hp_gain":0,"max_hp_loss":0,"event_name":"Shining Light","floor":14,"gold_loss":0,"cards_upgraded":["TrashDisposal","LightDefense"]}],"is_beta":false,"boss_relics":[{"not_picked":["hubris:Stopwatch","testmod-PortableAltar"],"picked":"MetatronsCube"}],"items_purged_floors":[4,4,4,4,4,4,4,12,12,12],"is_endless":false,"potions_floor_spawned":[3,5,6,7,8,16],"ascension_level":14}}