{"host":"rhvnggv2pwqsaug0","time":1608110365,"event":{"mods":["BaseMod","Minty Spire (QoL Compilation)","Replay The Spire","StSLib"],"gold_per_floor":[119,137,150,225,225,225,244,119,172,91,91,91],"floor_reached":11,"playtime":339,"items_purged":["Strike_G"],"score":68,"play_id":"40a0e774-9b9a-42b1-9849-843668dab85b","local_time":"20201216171925","is_ascension_mode":true,"campfire_choices":[{"data":"Storm of Steel","floor":6,"key":"SMITH"}],"circlet_count":0,"master_deck":["Strike_G","Strike_G","Strike_G","Defend_G","Defend_G","Defend_G","Defend_G","Defend_G","Survivor","Neutralize","Storm of Steel+1","Infinite Blades","ReplayTheSpireMod:Shiv Toss","Infinite Blades"],"relics":["Ring of the Snake","Replay:Wax Seal","Blue Doll"],"acts_visited":["Exordium"],"potions_floor_usage":[11,11,11],"damage_taken":[{"damage":0,"enemies":"Small Slimes","floor":1,"turns":3},{"damage":1,"enemies":"Cultist","floor":2,"turns":3},{"damage":0,"enemies":"Jaw Worm","floor":3,"turns":4},{"damage":13,"enemies":"Red Slaver","floor":7,"turns":3},{"damage":10,"enemies":"Looter","floor":10,"turns":4},{"damage":31,"enemies":"3 Sentries","floor":11,"turns":6}],"seed_played":"2775111763894569996","potions_obtained":[{"floor":1,"key":"BlessingOfTheForge"},{"floor":3,"key":"Milkshake"},{"floor":10,"key":"SkillPotion"}],"is_trial":false,"path_per_floor":["M","M","M","?","?","R","M","$","T","M","E"],"character_chosen":"THE_SILENT","items_purchased":["Replay:Wax Seal","Infinite Blades"],"campfire_rested":0,"item_purchase_floors":[8,8],"current_hp_per_floor":[63,62,62,51,51,51,38,38,38,28,0,0],"gold":91,"neow_bonus":"THREE_RARE_CARDS","is_daily":false,"chose_seed":false,"campfire_upgraded":1,"win_rate":0.0,"timestamp":1608110365,"path_taken":["M","M","M","?","?","R","M","$","T","?","E"],"items_purchased_type":["Relic","Card"],"build_version":"2020-12-13","purchased_purges":1,"victory":false,"max_hp_per_floor":[63,63,63,63,63,63,63,63,63,63,63,63],"card_choices":[{"not_picked":["Wraith Form v2","Glass Knife"],"picked":"Storm of Steel","floor":0},{"not_picked":["Escape Plan","Outmaneuver"],"picked":"Infinite Blades","floor":1},{"not_picked":["Tactician","Bane","Deflect"],"picked":"SKIP","floor":2},{"not_picked":["Dagger Throw","Acrobatics","Slice"],"picked":"SKIP","floor":3},{"not_picked":["Quick Slash","ReplayTheSpireMod:The Works"],"picked":"ReplayTheSpireMod:Shiv Toss","floor":7},{"not_picked":["PiercingWail","Dagger Spray","Slice"],"picked":"SKIP","floor":10}],"player_experience":203963,"relics_obtained":[{"floor":9,"key":"Blue Doll"}],"event_choices":[{"damage_healed":0,"gold_gain":75,"player_choice":"Gather Gold","damage_taken":11,"max_hp_gain":0,"max_hp_loss":0,"event_name":"World of Goop","floor":4,"gold_loss":0},{"cards_removed":["Strike_G"],"damage_healed":0,"gold_gain":0,"player_choice":"Purged","damage_taken":0,"max_hp_gain":0,"max_hp_loss":0,"event_name":"Purifier","floor":5,"gold_loss":0}],"is_beta":false,"boss_relics":[],"items_purged_floors":[8],"is_endless":false,"potions_floor_spawned":[1,3,10],"killed_by":"3 Sentries","ascension_level":1}}