{"host":"fuszjwm6fqgjjp4d","time":1608160847,"event":{"mods":["BaseMod","Bestiary","Colored Map","DeckTracker","Downfall","Minty Spire (QoL Compilation)","Permanent Neow","Relic Sorter","Relic Stats","StSLib"],"gold_per_floor":[99,129,54,65,75,91,91,91,106,134,146,161,146,146,156,252,252,252,267,293,54,54,54],"floor_reached":22,"playtime":1749,"items_purged":["hexamod:SixthSeal"],"score":289,"play_id":"283d0236-cac8-419e-a6c5-dde64cb8f70d","local_time":"20201216172047","is_ascension_mode":true,"campfire_choices":[{"floor":1.0,"key":"RECALL"},{"data":"hexamod:PhantomFireball","floor":3.0,"key":"SMITH"},{"data":"hexamod:ThermalTransfer","floor":8.0,"key":"SMITH"},{"data":"hexamod:ShieldOfDarkness","floor":18.0,"key":"SMITH"}],"circlet_count":0,"master_deck":["hexamod:Strike+1","hexamod:Strike+1","hexamod:Strike+1","hexamod:Strike","hexamod:Defend+1","hexamod:Defend","hexamod:Defend","hexamod:Defend","hexamod:Sear","hexamod:Float+1","hexamod:PhantomFireball+1","hexamod:ThermalTransfer+1","hexamod:Firestarter","hexamod:ShieldOfDarkness+1","hexamod:FifthSeal","hexamod:SixthSeal","hexamod:GhostflameInferno+1","hexamod:SixthSeal","hexamod:FirstSeal","hexamod:SecondSeal"],"relics":["hexamod:SpiritBrand","Matryoshka","downfall:HeartBlessingRed","Happy Flower","Guardian:PocketSentry","Pocketwatch","hexamod:IceCube","Art of War","Strawberry"],"acts_visited":["Exordium","TheCity"],"potions_floor_usage":[],"damage_taken":[{"damage":33.0,"enemies":"3 Sentries","floor":2.0,"turns":11.0},{"damage":0.0,"enemies":"Cultist","floor":4.0,"turns":3.0},{"damage":0.0,"enemies":"2 Louse","floor":5.0,"turns":1.0},{"damage":1.0,"enemies":"Jaw Worm","floor":6.0,"turns":3.0},{"damage":2.0,"enemies":"Blue Slaver","floor":9.0,"turns":3.0},{"damage":0.0,"enemies":"Lagavulin","floor":10.0,"turns":5.0},{"damage":0.0,"enemies":"Exordium Thugs","floor":11.0,"turns":3.0},{"damage":0.0,"enemies":"Large Slime","floor":12.0,"turns":3.0},{"damage":0.0,"enemies":"downfall:FleeingMerchant","floor":13.0,"turns":4.0},{"damage":0.0,"enemies":"Blue Slaver","floor":15.0,"turns":2.0},{"damage":23.0,"enemies":"downfall:Watcher","floor":16.0,"turns":13.0},{"damage":2.0,"enemies":"Chosen","floor":19.0,"turns":4.0},{"damage":35.0,"enemies":"Gremlin Leader","floor":20.0,"turns":8.0},{"damage":0.0,"enemies":"downfall:FleeingMerchant","floor":21.0,"turns":4.0},{"damage":42,"enemies":"Slavers","floor":22,"turns":5}],"seed_played":"1472678639967259727","potions_obtained":[{"floor":2.0,"key":"Fire Potion"},{"floor":5.0,"key":"Guardian:BlockOnCardUsePotion"},{"floor":10.0,"key":"Fire Potion"},{"floor":11.0,"key":"Swift Potion"},{"floor":16.0,"key":"hexamod:DoubleChargePotion"}],"is_trial":false,"path_per_floor":["R","E","R","M","M","M","T","R","M","E","M","M","$","?","M","B",null,"R","M","E","$","E"],"character_chosen":"THE_SPIRIT","items_purchased":["Strawberry"],"campfire_rested":0,"item_purchase_floors":[21],"current_hp_per_floor":[70,37,37,37,37,36,36,36,34,34,34,34,34,34,34,11,70,70,68,33,40,0,0],"gold":54,"neow_bonus":"UPGRADE_CARD","is_daily":false,"chose_seed":false,"campfire_upgraded":3,"win_rate":0.0,"timestamp":1608160847,"path_taken":["R","E","R","M","M","M","T","R","M","E","M","?","$","?","M","BOSS","R","?","E","$","E"],"items_purchased_type":["Relic"],"build_version":"2020-12-13","purchased_purges":1,"victory":false,"max_hp_per_floor":[70,70,70,70,70,70,70,70,70,70,70,70,70,70,70,70,70,70,70,70,77,77,77],"relic_stats":{"Happy Flower":[18],"counters":[15,70],"Art of War":[3],"obtain_stats":[{"Matryoshka":2,"downfall:HeartBlessingRed":3,"Happy Flower":7,"Strawberry":21,"Guardian:PocketSentry":7,"Art of War":20,"hexamod:SpiritBrand":0,"hexamod:IceCube":17,"Pocketwatch":10},{"Matryoshka":1,"downfall:HeartBlessingRed":1,"Happy Flower":4,"Strawberry":14,"Guardian:PocketSentry":4,"Art of War":13,"hexamod:SpiritBrand":0,"hexamod:IceCube":11,"Pocketwatch":6},{"Matryoshka":11,"downfall:HeartBlessingRed":11,"Happy Flower":18,"Strawberry":65,"Guardian:PocketSentry":18,"Art of War":61,"hexamod:SpiritBrand":0,"hexamod:IceCube":49,"Pocketwatch":25}],"Pocketwatch":[66]},"card_choices":[{"not_picked":["hexamod:ThirdSeal","hexamod:SpectralAdrenaline"],"picked":"hexamod:PhantomFireball","floor":2.0},{"not_picked":["hexamod:RetreatToShadows","hexamod:GhostOfSpirePresent"],"picked":"hexamod:ThermalTransfer","floor":4.0},{"not_picked":["hexamod:SuperheatedStrike","hexamod:SwordOfDarkness"],"picked":"hexamod:Firestarter","floor":5.0},{"not_picked":["hexamod:SkipABeat","hexamod:ShieldOfDarkness","hexamod:PhantomCloak"],"picked":"SKIP","floor":6.0},{"not_picked":["hexamod:BurningTouch","hexamod:SkipABeat"],"picked":"hexamod:ShieldOfDarkness","floor":9.0},{"not_picked":["hexamod:HeatMetal","hexamod:Hexaguard","hexamod:PowerFromBeyond"],"picked":"SKIP","floor":10.0},{"not_picked":["hexamod:NecessarySacrifice","hexamod:NightmareStrike","hexamod:SpectersWail"],"picked":"SKIP","floor":11.0},{"not_picked":["hexamod:SpectersWail","hexamod:RainOfEmbers"],"picked":"hexamod:FifthSeal","floor":12.0},{"not_picked":["hexamod:ThirdSeal","hexamod:SecondSeal"],"picked":"hexamod:SixthSeal","floor":13.0},{"not_picked":["hexamod:Firestarter","hexamod:NightmareStrike","hexamod:ChargedBarrage"],"picked":"SKIP","floor":13.0},{"not_picked":["hexamod:SpectersWail","hexamod:Hexaguard"],"picked":"hexamod:GhostflameInferno","floor":15.0},{"not_picked":["hexamod:GiftsFromTheDead","hexamod:GhostflameInferno"],"picked":"hexamod:SixthSeal","floor":16.0},{"not_picked":["hexamod:ThirdSeal","hexamod:SecondSeal"],"picked":"hexamod:SixthSeal","floor":19.0},{"not_picked":["hexamod:GhostflameBarrier","hexamod:CatchUp+1","hexamod:GhostOfSpirePast"],"picked":"SKIP","floor":19.0},{"not_picked":["hexamod:FourthSeal","hexamod:SixthSeal"],"picked":"hexamod:FirstSeal","floor":20.0},{"not_picked":["hexamod:Haunt","hexamod:SpectralSpark","hexamod:AdvancingGuard"],"picked":"SKIP","floor":20.0},{"not_picked":["hexamod:SixthSeal","hexamod:FourthSeal"],"picked":"hexamod:SecondSeal","floor":21.0},{"not_picked":["hexamod:Again+1","hexamod:NightmareGuise+1","hexamod:ThermalTransfer"],"picked":"SKIP","floor":21.0}],"player_experience":1457285,"relics_obtained":[{"floor":2.0,"key":"Matryoshka"},{"floor":7.0,"key":"Happy Flower"},{"floor":7.0,"key":"Guardian:PocketSentry"},{"floor":10.0,"key":"Pocketwatch"},{"floor":20.0,"key":"Art of War"}],"event_choices":[],"is_beta":false,"boss_relics":[{"not_picked":["Runic Pyramid","Velvet Choker"],"picked":"hexamod:IceCube"}],"items_purged_floors":[21],"is_endless":false,"potions_floor_spawned":[2,5,10,11,16],"killed_by":"Slavers","ascension_level":4}}