{"host":"i41n6wh529970c2c","time":1608147442,"event":{"mods":["Act Like it!","BaseMod","BetterRewards","Friendly Minions","Gold Saver","Hermit","Minty Spire (QoL Compilation)","Replay The Spire","Shop Mod","StSLib"],"gold_per_floor":[113,113,127,154,174,209,209,244,244,259,286,302,331,349,349,451,451,463,463,475,491,35,65,65,65,120,120,135,161,161,171,171,271,271,289,299,299,312,33,67,113,142,167,217,217,234,234,253,253,253],"floor_reached":51,"playtime":3980,"items_purged":["Strike_B","Shame"],"score":1307,"play_id":"dea37a59-05f9-4cb0-a8e2-ff7d93b11466","local_time":"20201216143722","is_ascension_mode":true,"campfire_choices":[{"data":"Beam Cell","floor":7.0,"key":"SMITH"},{"data":"Hallucinations","floor":15.0,"key":"PURGE"},{"data":"Go for the Eyes","floor":27.0,"key":"SMITH"},{"data":"Seek","floor":32.0,"key":"SMITH"},{"floor":45,"key":"REST"},{"floor":47,"key":"REST"},{"data":"1","floor":49,"key":"LIFT"}],"circlet_count":0,"master_deck":["Strike_B","Strike_B","Strike_B+1","Defend_B+1","Defend_B","Defend_B","Defend_B","Zap","Dualcast","Leap","Beam Cell+1","Pot Of Greed","Pot Of Greed","Go for the Eyes+1","Core Surge","Leap","Rebound","Streamline","Conserve Battery","Machine Learning","Gash+1","Undo+1","Beam Cell","Go for the Eyes+1","Pot Of Greed","Seek+1","Gash+1","Hologram","Reboot","AbeCurse","Gash","Reprogram","All For One","Hologram","Gash+1","Reprogram+1"],"relics":["Cracked Core","WingedGreaves","Mummified Hand","Ring of Peace","ReplayTheSpireMod:Ring of Exchange","Replay:Accelerometer","Mercury Hourglass","Happy Flower","Sozu","Garlic","PreservedInsect","Unceasing Top","Replay:WaspNest","Prayer Wheel","Bag of Marbles","Ancient Tea Set","Abe\u0027s Treasure","MerchantsRug","Strawberry","Turnip","Bottled Lightning","Bag of Preparation","Girya"],"acts_visited":["Exordium","TheCity","TheBeyond"],"potions_floor_usage":[],"damage_taken":[{"damage":2.0,"enemies":"Jaw Worm","floor":1.0,"turns":5.0},{"damage":0.0,"enemies":"Cultist","floor":3.0,"turns":4.0},{"damage":0.0,"enemies":"2 Louse","floor":5.0,"turns":2.0},{"damage":0.0,"enemies":"Lagavulin","floor":6.0,"turns":6.0},{"damage":0.0,"enemies":"Gremlin Nob","floor":8.0,"turns":4.0},{"damage":0.0,"enemies":"Blue Slaver","floor":10.0,"turns":3.0},{"damage":12.0,"enemies":"3 Sentries","floor":11.0,"turns":7.0},{"damage":0.0,"enemies":"Gremlin Gang","floor":12.0,"turns":4.0},{"damage":0.0,"enemies":"Gremlin Nob","floor":13.0,"turns":4.0},{"damage":0.0,"enemies":"2 Fungi Beasts","floor":14.0,"turns":2.0},{"damage":18.0,"enemies":"Fading Forest","floor":16.0,"turns":11.0},{"damage":6.0,"enemies":"Shell Parasite","floor":18.0,"turns":5.0},{"damage":0.0,"enemies":"2 Thieves","floor":20.0,"turns":4.0},{"damage":0.0,"enemies":"Chosen and Byrds","floor":21.0,"turns":4.0},{"damage":8.0,"enemies":"Gremlin Leader","floor":23.0,"turns":5.0},{"damage":5.0,"enemies":"Centurion and Healer","floor":28.0,"turns":5.0},{"damage":0.0,"enemies":"Book of Stabbing","floor":29.0,"turns":4.0},{"damage":0.0,"enemies":"Snecko","floor":31.0,"turns":4.0},{"damage":34.0,"enemies":"Pondfish","floor":33.0,"turns":9.0},{"damage":0.0,"enemies":"3 Shapes","floor":35.0,"turns":4.0},{"damage":0.0,"enemies":"Orb Walker","floor":36.0,"turns":3.0},{"damage":29,"enemies":"Jaw Worm Horde","floor":38,"turns":4},{"damage":25,"enemies":"Giant Head","floor":40,"turns":7},{"damage":0,"enemies":"2 Orb Walkers","floor":41,"turns":4},{"damage":21,"enemies":"R_Hoarder","floor":42,"turns":5},{"damage":0,"enemies":"Mind Bloom Boss Battle","floor":44,"turns":6},{"damage":0,"enemies":"Maw","floor":46,"turns":5},{"damage":0,"enemies":"4 Shapes","floor":48,"turns":5},{"damage":68,"enemies":"Time Eater","floor":50,"turns":10}],"seed_played":"204269195307076121","potions_obtained":[{"floor":3.0,"key":"Strength Potion"},{"floor":5.0,"key":"BlessingOfTheForge"},{"floor":10.0,"key":"FairyPotion"},{"floor":13.0,"key":"ColorlessPotion"},{"floor":14.0,"key":"Energy Potion"}],"is_trial":false,"path_per_floor":["M","?","M","T","M","E","R","E","T","M","E","M","E","M","R","B",null,"M","?","M","M","$","E","?","?","T","R","M","E","?","M","R","B",null,"M","M","?","M","$","E","?","E","T","?","R","M","R","M","R","B",null],"character_chosen":"DEFECT","items_purchased":["Mummified Hand","PreservedInsect","Unceasing Top","All For One","MerchantsRug"],"campfire_rested":2,"item_purchase_floors":[0,22,22,39,39],"current_hp_per_floor":[38,38,38,38,38,38,38,38,38,38,26,26,26,26,26,8,75,69,69,69,69,69,61,61,61,61,61,56,56,56,56,56,22,75,75,75,75,46,46,28,28,7,7,7,31,31,55,55,55,24],"gold":253,"neow_bonus":"","is_daily":false,"chose_seed":false,"campfire_upgraded":3,"win_rate":0.0,"timestamp":1608147442,"path_taken":["M","?","M","?","M","E","R","E","T","M","E","?","E","M","R","BOSS","M","?","M","?","$","E","?","?","T","R","?","E","?","?","R","BOSS","M","M","?","M","$","E","?","E","T","?","R","M","R","M","R","BOSS"],"items_purchased_type":["Relic","Relic","Relic","Card","Relic"],"build_version":"2020-12-13","purchased_purges":2,"victory":true,"max_hp_per_floor":[75,75,75,75,75,75,75,75,75,75,75,75,75,75,75,75,75,75,75,75,75,75,75,75,75,75,75,75,75,75,75,75,75,75,75,75,75,75,75,82,82,82,82,82,82,82,82,82,82,82],"card_choices":[{"not_picked":["Steam","Ball Lightning"],"picked":"Beam Cell","floor":1.0},{"not_picked":["Coolheaded","Stack","FTL"],"picked":"SKIP","floor":3.0},{"not_picked":["Sweeping Beam","Beam Cell"],"picked":"Go for the Eyes","floor":5.0},{"not_picked":["Barrage","Turbo","Coolheaded"],"picked":"SKIP","floor":6.0},{"not_picked":["Rebound","Conserve Battery"],"picked":"Core Surge","floor":8.0},{"not_picked":["Consume","Defragment"],"picked":"Leap","floor":10.0},{"not_picked":["Redo","Static Discharge"],"picked":"Rebound","floor":11.0},{"not_picked":["Coolheaded","Ball Lightning","Leap"],"picked":"SKIP","floor":12.0},{"not_picked":["Rainbow","Loop"],"picked":"Streamline","floor":13.0},{"not_picked":["Barrage","Chill"],"picked":"Conserve Battery","floor":14.0},{"not_picked":["ReplayRNGCard","Multi-Cast"],"picked":"Machine Learning","floor":16.0},{"not_picked":["Panic Button","ReplayTheSpireMod:Calculation Training","Doom and Gloom"],"picked":"SKIP","floor":18.0},{"not_picked":["Turbo+1","Go for the Eyes+1"],"picked":"Gash+1","floor":20.0},{"not_picked":["Cold Snap","Force Field","ReplaySort"],"picked":"SKIP","floor":21.0},{"not_picked":["Time Bomb","Compile Driver"],"picked":"Undo+1","floor":23.0},{"not_picked":["Leap","Steam"],"picked":"Beam Cell","floor":28.0},{"not_picked":["Glacier","Compile Driver"],"picked":"Go for the Eyes+1","floor":28.0},{"not_picked":["Beam Cell","Sweeping Beam+1"],"picked":"Seek","floor":29.0},{"not_picked":["BasicCrystalCard+1","FTL"],"picked":"Hologram","floor":31.0},{"not_picked":["ReplaySort","Chill","Coolheaded"],"picked":"SKIP","floor":31.0},{"not_picked":["Seek","Rainbow"],"picked":"Reboot","floor":33.0},{"not_picked":["Self Repair","Hologram"],"picked":"Gash","floor":35.0},{"not_picked":["White Noise","Darkness","Go for the Eyes+1"],"picked":"SKIP","floor":35.0},{"not_picked":["Cold Snap","Turbo+1"],"picked":"Reprogram","floor":36.0},{"not_picked":["Coolheaded+1","ReplayTheSpireMod:GoodbyeWorld","Conserve Battery+1"],"picked":"SKIP","floor":36.0},{"not_picked":["Rebound+1","ReplayTheSpireMod:Calculation Training+1","Hello World+1"],"picked":"SKIP","floor":38},{"not_picked":["FIFO Queue+1","Ball Lightning+1","Redo"],"picked":"SKIP","floor":38},{"not_picked":["Barrage","Panic Button+1"],"picked":"Hologram","floor":40},{"not_picked":["Stack","ReplayTheSpireMod:Reroute Power","Time Bomb"],"picked":"SKIP","floor":42},{"not_picked":["Storm+1","Barrage+1"],"picked":"Gash+1","floor":46},{"not_picked":["ReplayTheSpireMod:Calculation Training+1","Mirror Shield","Chill"],"picked":"SKIP","floor":46},{"not_picked":["Rip and Tear","Hologram"],"picked":"Reprogram+1","floor":48},{"not_picked":["BootSequence","Coolheaded","Consume"],"picked":"SKIP","floor":48}],"player_experience":793471,"relics_obtained":[{"floor":2.0,"key":"Ring of Peace"},{"floor":2.0,"key":"ReplayTheSpireMod:Ring of Exchange"},{"floor":4.0,"key":"Grinning Jar"},{"floor":6.0,"key":"Simple Rune"},{"floor":8.0,"key":"Replay:Accelerometer"},{"floor":9.0,"key":"Mercury Hourglass"},{"floor":11.0,"key":"Dream Catcher"},{"floor":13.0,"key":"Happy Flower"},{"floor":23.0,"key":"Replay:WaspNest"},{"floor":26.0,"key":"Bag of Marbles"},{"floor":29.0,"key":"Ancient Tea Set"},{"floor":40,"key":"Strawberry"},{"floor":41,"key":"Turnip"},{"floor":42,"key":"Bottled Lightning"},{"floor":43,"key":"Bag of Preparation"},{"floor":44,"key":"Girya"}],"event_choices":[{"damage_healed":0.0,"max_hp_gain":0.0,"max_hp_loss":0.0,"gold_gain":0.0,"event_name":"Addict","player_choice":"Stole Relic","floor":24.0,"gold_loss":0.0,"damage_taken":0.0,"relics_obtained":["Prayer Wheel"],"cards_obtained":["Shame"]},{"damage_healed":0.0,"max_hp_gain":0.0,"max_hp_loss":0.0,"gold_gain":0.0,"event_name":"Duplicator","player_choice":"Copied","floor":30.0,"gold_loss":0.0,"damage_taken":0.0,"cards_obtained":["Gash"]},{"damage_healed":0.0,"max_hp_gain":0.0,"max_hp_loss":0.0,"gold_gain":0.0,"event_name":"Tomb of Lord Red Mask","player_choice":"Ignored","floor":37.0,"gold_loss":0.0,"damage_taken":0.0},{"damage_healed":0,"gold_gain":0,"player_choice":"Fight","damage_taken":0,"max_hp_gain":0,"max_hp_loss":0,"event_name":"Mysterious Sphere","floor":41,"gold_loss":0},{"damage_healed":0,"gold_gain":0,"player_choice":"Fight","damage_taken":0,"max_hp_gain":0,"max_hp_loss":0,"event_name":"MindBloom","floor":44,"gold_loss":0}],"is_beta":false,"boss_relics":[{"not_picked":["Velvet Choker","Honey Jar"],"picked":"Sozu"},{"not_picked":["Strange Spoon","Runic Capacitor"],"picked":"Abe\u0027s Treasure"}],"items_purged_floors":[0,39],"is_endless":false,"potions_floor_spawned":[3,5,10,13,14,20,33,35,36,38,48],"ascension_level":4}}