{"host":"6bsan6hkua32tfq7","time":1608118250,"event":{"mods":["BaseMod","Better Third Choice","Colored Map","Highlight Path","Minty Spire (QoL Compilation)","StSLib"],"gold_per_floor":[111,121,121,133,133,133,149,19,67,67,67,78,96,128,128,128,128],"floor_reached":16,"playtime":342,"items_purged":["Strike_B"],"score":229,"play_id":"f4c426c5-35f8-4e47-8474-ce0352b9c3a2","local_time":"20201216123050","is_ascension_mode":true,"campfire_choices":[{"data":"Genetic Algorithm","floor":6,"key":"SMITH"},{"data":"Redo","floor":10,"key":"SMITH"},{"data":"Genetic Algorithm","floor":15,"key":"SMITH"}],"circlet_count":0,"master_deck":["AscendersBane","Strike_B","Strike_B","Strike_B","Defend_B","Defend_B","Defend_B","Defend_B","Zap","Dualcast","Gash","Genetic Algorithm+1","WheelKick","Darkness","Redo+1","Coolheaded","Sweeping Beam","Genetic Algorithm+1","Coolheaded"],"relics":["Cracked Core","NeowsBlessing","Nunchaku","Boot","Mango"],"acts_visited":["Exordium"],"potions_floor_usage":[14,16],"damage_taken":[{"damage":0,"enemies":"2 Louse","floor":1,"turns":1},{"damage":0,"enemies":"Jaw Worm","floor":2,"turns":1},{"damage":0,"enemies":"Cultist","floor":4,"turns":1},{"damage":11,"enemies":"Exordium Wildlife","floor":7,"turns":4},{"damage":8,"enemies":"3 Louse","floor":12,"turns":3},{"damage":1,"enemies":"Looter","floor":13,"turns":3},{"damage":38,"enemies":"3 Sentries","floor":14,"turns":7},{"damage":21,"enemies":"Hexaghost","floor":16,"turns":9}],"seed_played":"-1405992807892271935","potions_obtained":[{"floor":1,"key":"SkillPotion"},{"floor":7,"key":"PotionOfCapacity"},{"floor":12,"key":"Strength Potion"}],"is_trial":false,"path_per_floor":["M","M","?","M","?","R","M","$","T","R","?","M","M","E","R","B"],"character_chosen":"DEFECT","items_purchased":["Coolheaded"],"campfire_rested":0,"item_purchase_floors":[8],"current_hp_per_floor":[64,64,56,56,61,61,50,50,50,50,50,42,41,17,17,0,0],"gold":128,"neow_bonus":"THREE_ENEMY_KILL","is_daily":false,"chose_seed":false,"campfire_upgraded":3,"win_rate":0.0,"timestamp":1608118250,"path_taken":["M","M","?","M","?","R","M","$","T","R","?","?","M","E","R","BOSS"],"items_purchased_type":["Card"],"build_version":"2020-12-13","purchased_purges":1,"victory":false,"max_hp_per_floor":[71,71,71,71,76,76,76,76,76,76,76,76,76,90,90,90,90],"card_choices":[{"not_picked":["Reinforced Body","Rebound"],"picked":"Gash","floor":1},{"not_picked":["Hologram","Coolheaded"],"picked":"Genetic Algorithm","floor":2},{"not_picked":["Rebound","Ball Lightning"],"picked":"Darkness","floor":4},{"not_picked":["Sweeping Beam","Seek"],"picked":"Redo","floor":7},{"not_picked":["Rebound","Reprogram"],"picked":"Sweeping Beam","floor":12},{"not_picked":["Core Surge","Conserve Battery"],"picked":"Genetic Algorithm","floor":13},{"not_picked":["Ball Lightning","Chill"],"picked":"Coolheaded","floor":14}],"player_experience":5186454,"relics_obtained":[{"floor":9,"key":"Boot"},{"floor":14,"key":"Mango"}],"event_choices":[{"damage_healed":0,"gold_gain":0,"player_choice":"Donut","damage_taken":0,"max_hp_gain":5,"max_hp_loss":0,"event_name":"Big Fish","floor":5,"gold_loss":0},{"damage_healed":0,"gold_gain":0,"player_choice":"Ignored","damage_taken":67,"max_hp_gain":0,"max_hp_loss":0,"event_name":"betterThird:BetterSerpent","floor":11,"gold_loss":0}],"is_beta":false,"boss_relics":[],"items_purged_floors":[8],"is_endless":false,"potions_floor_spawned":[1,7,12],"killed_by":"Hexaghost","ascension_level":20}}