{"host":"pdsyh71gl8fwuuoe","time":1608119079,"event":{"mods":["AchievementEnabler","Act Like it!","BaseMod","Colored Powertips","Custom Start","Downfall","Highlight Path","Minty Spire (QoL Compilation)","Quick Restart","Relic Stats","StSLib"],"gold_per_floor":[99,124,135,151,151,176,176,211,136,164,35,20,38,38,52,156,156,156,171,196,207,222,222,222,14,114,39,49,65,65,65,75,177,177,102,129,129,279,289,308,379,85,137,137,153,153,176,195,213,213,213,213,213],"floor_reached":52,"playtime":4127,"items_purged":["champ:Strike","champ:Strike","champ:Defend"],"score":805,"play_id":"4d5d91b5-cd15-4412-a163-f74d71c057a4","local_time":"20201216064439","is_ascension_mode":false,"campfire_choices":[{"data":"champ:Execute","floor":1.0,"key":"SMITH"},{"data":"champ:AdrenalArmor","floor":5.0,"key":"SMITH"},{"data":"champ:Duel","floor":9.0,"key":"SMITH"},{"floor":18.0,"key":"RECALL"},{"floor":27.0,"key":"REST"},{"floor":35.0,"key":"REST"},{"floor":44,"key":"REST"}],"circlet_count":0,"master_deck":["champ:Strike","champ:Defend","champ:Defend","champ:Defend","champ:Execute+1","champ:Taunt","champ:Duel+1","champ:AdrenalArmor+1","champ:RapidStrikes","champ:GladiatorStyle","champ:ShieldWall","champ:Backstep","champ:VampiricStrike+1","champ:Circumvent","champ:IgnorePain","champ:ArenaPreparation","champ:EndlessRage","champ:EndlessRage","RitualDagger+1","champ:BringItOn","champ:FocusedBerserking","champ:DefensiveStyle","champ:AdrenalArmor","champ:DefensiveStyle","champ:EndlessRage+1","champ:Encircle+1","champ:StrikeOfGenius","champ:RisingSlash","champ:FlashCut","RitualDagger+1","expansioncontent:PolyBeam"],"relics":["champ:ChampionCrownUpgraded","White Beast Statue","The Courier","Bottled Lightning","Thread and Needle","downfall:HeartBlessingGreen","Fusion Hammer","Anchor","Gambling Chip","downfall:GremlinWheel","downfall:HeartBlessingRed","Empty Cage","downfall:HeartBlessingBlue","Red Mask","downfall:RedIOUUpgrade","Mummified Hand","DollysMirror","Ginger","Whetstone"],"acts_visited":["Exordium","TheCity","TheBeyond","TheEnding"],"potions_floor_usage":[],"damage_taken":[{"damage":45.0,"enemies":"Lagavulin","floor":2.0,"turns":7.0},{"damage":3.0,"enemies":"Cultist","floor":3.0,"turns":3.0},{"damage":4.0,"enemies":"2 Louse","floor":4.0,"turns":2.0},{"damage":28.0,"enemies":"Gremlin Nob","floor":6.0,"turns":3.0},{"damage":20.0,"enemies":"Lagavulin","floor":8.0,"turns":4.0},{"damage":34.0,"enemies":"Gremlin Nob","floor":10.0,"turns":3.0},{"damage":39.0,"enemies":"downfall:FleeingMerchant","floor":11.0,"turns":4.0},{"damage":29.0,"enemies":"downfall:FleeingMerchant","floor":12.0,"turns":4.0},{"damage":13.0,"enemies":"Small Slimes","floor":13.0,"turns":2.0},{"damage":45.0,"enemies":"Gremlin Gang","floor":15.0,"turns":4.0},{"damage":48.0,"enemies":"downfall:Ironclad","floor":16.0,"turns":7.0},{"damage":30.0,"enemies":"Spheric Guardian","floor":19.0,"turns":3.0},{"damage":53.0,"enemies":"Slavers","floor":20.0,"turns":4.0},{"damage":31.0,"enemies":"Shell Parasite","floor":21.0,"turns":3.0},{"damage":21.0,"enemies":"Snecko","floor":22.0,"turns":3.0},{"damage":42.0,"enemies":"downfall:FleeingMerchant","floor":25.0,"turns":4.0},{"damage":24.0,"enemies":"downfall:FleeingMerchant","floor":26.0,"turns":3.0},{"damage":73.0,"enemies":"Cultist and Chosen","floor":28.0,"turns":8.0},{"damage":66.0,"enemies":"Centurion and Healer","floor":29.0,"turns":8.0},{"damage":51.0,"enemies":"3 Cultists","floor":32.0,"turns":4.0},{"damage":97.0,"enemies":"downfall:Defect","floor":33.0,"turns":9.0},{"damage":162.0,"enemies":"Giant Head","floor":36.0,"turns":10.0},{"damage":28.0,"enemies":"3 Shapes","floor":39.0,"turns":3.0},{"damage":28.0,"enemies":"Orb Walker","floor":40.0,"turns":6.0},{"damage":20,"enemies":"2 Orb Walkers","floor":43,"turns":2},{"damage":31,"enemies":"Jaw Worm Horde","floor":45,"turns":6},{"damage":18,"enemies":"4 Shapes","floor":48,"turns":5},{"damage":55,"enemies":"Maw","floor":49,"turns":6},{"damage":99,"enemies":"downfall:Watcher","floor":50,"turns":8},{"damage":214,"enemies":"downfall:CharBossMerchant","floor":52,"turns":8}],"seed_played":"8631441943946244679","potions_obtained":[{"floor":3.0,"key":"Dexterity Potion"},{"floor":4.0,"key":"Fruit Juice"},{"floor":6.0,"key":"Dexterity Potion"},{"floor":8.0,"key":"Guardian:BlockOnCardUsePotion"},{"floor":11.0,"key":"Regen Potion"},{"floor":12.0,"key":"EssenceOfSteel"},{"floor":13.0,"key":"Fruit Juice"},{"floor":19.0,"key":"Fruit Juice"},{"floor":20.0,"key":"Regen Potion"},{"floor":21.0,"key":"LiquidBronze"},{"floor":22.0,"key":"DuplicationPotion"},{"floor":25.0,"key":"Strength Potion"},{"floor":26.0,"key":"champ:CounterPotion"},{"floor":33.0,"key":"DuplicationPotion"}],"is_trial":false,"path_per_floor":["R","E","M","M","R","E","T","E","R","E","$","$","M","?","M","B",null,"R","M","E","M","M","?","T","$","?","R","M","M","$","?","M","B",null,"R","E","?","?","M","M","T","$","?","R","M","?","T","M","M","B",null,"E"],"character_chosen":"THE_CHAMP","items_purchased":["champ:VampiricStrike","Gambling Chip","champ:FocusedBerserking","champ:DefensiveStyle","champ:AdrenalArmor","champ:DefensiveStyle","champ:FightOn","champ:FlashCut","DollysMirror"],"campfire_rested":3,"item_purchase_floors":[11,25,25,25,25,25,42,42,42],"current_hp_per_floor":[90,68,68,68,68,68,68,66,66,63,63,90,90,90,90,90,90,90,95,100,105,105,105,105,105,105,105,105,105,105,105,105,105,105,115,115,115,115,115,115,115,115,120,120,125,115,115,125,125,125,125,0,0],"gold":213,"neow_bonus":"BOSS_RELIC","is_daily":false,"chose_seed":false,"campfire_upgraded":3,"win_rate":0.0,"timestamp":1608119079,"path_taken":["R","E","M","M","R","E","T","E","R","E","?","$","M","?","M","BOSS","R","M","E","M","M","?","T","$","?","R","M","?","?","?","M","BOSS","R","E","?","?","M","?","T","$","?","R","M","?","?","M","M","BOSS","E"],"items_purchased_type":["Card","Relic","Card","Card","Card","Card","Card","Card","Relic"],"build_version":"2020-12-13","purchased_purges":3,"victory":false,"max_hp_per_floor":[90,90,90,90,90,90,90,90,90,90,90,90,90,90,90,90,90,90,95,100,105,105,105,105,105,105,105,105,105,105,105,105,105,105,115,115,115,115,115,115,115,115,120,120,125,125,125,125,125,125,125,125,125],"relic_stats":{"counters":[30,146],"Mummified Hand":[33],"Gambling Chip":[17],"Ginger":[9],"Whetstone":["champ:Encircle","champ:VampiricStrike"],"obtain_stats":[{"downfall:RedIOUUpgrade":37,"downfall:HeartBlessingRed":27,"champ:ChampionCrown":0,"Thread and Needle":8,"downfall:HeartBlessingGreen":9,"champ:ChampionCrownUpgraded":0,"The Courier":6,"Ginger":43,"Whetstone":47,"Empty Cage":34,"White Beast Statue":2,"Dream Catcher":10,"Anchor":20,"downfall:BrokenWingStatue":14,"downfall:GremlinWheel":26,"downfall:HeartBlessingBlue":35,"champ:DefensiveTrainingManual":36,"Mummified Hand":41,"DollysMirror":42,"Gambling Chip":25,"Fusion Hammer":17,"downfall:RedIOU":31,"Red Mask":37,"Bottled Lightning":7},{"downfall:RedIOUUpgrade":22,"downfall:HeartBlessingRed":17,"champ:ChampionCrown":0,"Thread and Needle":5,"downfall:HeartBlessingGreen":5,"champ:ChampionCrownUpgraded":0,"The Courier":4,"Ginger":25,"Whetstone":26,"Empty Cage":21,"White Beast Statue":1,"Dream Catcher":6,"Anchor":13,"downfall:BrokenWingStatue":9,"downfall:GremlinWheel":17,"downfall:HeartBlessingBlue":21,"champ:DefensiveTrainingManual":22,"Mummified Hand":24,"DollysMirror":24,"Gambling Chip":16,"Fusion Hammer":11,"downfall:RedIOU":19,"Red Mask":22,"Bottled Lightning":4},{"downfall:RedIOUUpgrade":102,"downfall:HeartBlessingRed":63,"champ:ChampionCrown":0,"Thread and Needle":19,"downfall:HeartBlessingGreen":19,"champ:ChampionCrownUpgraded":0,"The Courier":15,"Ginger":113,"Whetstone":119,"Empty Cage":92,"White Beast Statue":7,"Dream Catcher":22,"Anchor":50,"downfall:BrokenWingStatue":32,"downfall:GremlinWheel":63,"downfall:HeartBlessingBlue":92,"champ:DefensiveTrainingManual":102,"Mummified Hand":111,"DollysMirror":111,"Gambling Chip":60,"Fusion Hammer":43,"downfall:RedIOU":79,"Red Mask":102,"Bottled Lightning":15}]},"card_choices":[{"not_picked":["champ:Lariat","champ:BladeFlurry"],"picked":"champ:Duel","floor":2.0},{"not_picked":["champ:Shatter","champ:Riposte"],"picked":"champ:AdrenalArmor","floor":3.0},{"not_picked":["champ:FlashCut","champ:CrookedStrike"],"picked":"champ:RecklessLeap","floor":4.0},{"not_picked":["champ:ViciousMockery","champ:ShieldSlam"],"picked":"champ:RapidStrikes","floor":6.0},{"not_picked":["champ:FocusedDefense","champ:AdrenalArmor"],"picked":"champ:GladiatorStyle","floor":8.0},{"not_picked":["champ:IronFortress","champ:BerserkersShout"],"picked":"champ:ShieldWall","floor":10.0},{"not_picked":["champ:FocusedGladiator","champ:AdrenalArmor"],"picked":"champ:Backstep","floor":11.0},{"not_picked":["champ:DefensiveShout","champ:PerfectedStrike","champ:BerserkersShout"],"picked":"SKIP","floor":12.0},{"not_picked":["champ:DefensiveShout","champ:BladeFlurry"],"picked":"champ:Circumvent","floor":13.0},{"not_picked":["champ:GladiatorStyle","champ:BladeFlurry","champ:Backstep"],"picked":"SKIP","floor":15.0},{"not_picked":["champ:HeavySlash","champ:DancingMaster"],"picked":"champ:IgnorePain","floor":16.0},{"not_picked":["champ:AdrenalArmor","champ:FaceSlap"],"picked":"champ:StanceDance","floor":19.0},{"not_picked":["champ:FlashCut","champ:PerfectedStrike"],"picked":"champ:ArenaPreparation","floor":20.0},{"not_picked":["champ:Riposte","champ:EnragedBash"],"picked":"champ:EndlessRage","floor":21.0},{"not_picked":["champ:GutPunch","champ:HeartStrike"],"picked":"champ:EndlessRage","floor":22.0},{"not_picked":["champ:CrookedStrike","champ:TornadoPunch"],"picked":"champ:BringItOn","floor":25.0},{"not_picked":["champ:Haymaker","champ:FlashCut"],"picked":"champ:EndlessRage+1","floor":27.0},{"not_picked":["champ:AdrenalArmor","champ:PerfectedStrike+1","champ:ViciousMockery"],"picked":"SKIP","floor":28.0},{"not_picked":["champ:BladeFlurry","champ:AdrenalArmor"],"picked":"champ:Encircle","floor":29.0},{"not_picked":["champ:DefensiveShout+1","champ:Shatter+1"],"picked":"champ:StrikeOfGenius","floor":32.0},{"not_picked":["champ:BerserkerStyle","champ:BringItOn","champ:CrookedStrike"],"picked":"SKIP","floor":36.0},{"not_picked":["champ:Haymaker","champ:StanceDance"],"picked":"champ:FightOn","floor":39.0},{"not_picked":["champ:RapidStrikes+1","champ:Haymaker+1"],"picked":"champ:RisingSlash","floor":40.0},{"not_picked":["champ:BerserkersShout+1","champ:BladeFlurry","champ:EnGarde"],"picked":"SKIP","floor":45},{"not_picked":["expansioncontent:PrepareCrush","expansioncontent:ChargeUp"],"picked":"expansioncontent:PolyBeam","floor":46},{"not_picked":["champ:Backstep","champ:CrookedStrike+1","champ:FocusedDefense"],"picked":"SKIP","floor":48},{"not_picked":["champ:FanOfKnives+1","champ:HeartStrike","champ:StanceDance"],"picked":"SKIP","floor":49}],"player_experience":640809,"relics_obtained":[{"floor":2.0,"key":"White Beast Statue"},{"floor":6.0,"key":"The Courier"},{"floor":7.0,"key":"Bottled Lightning"},{"floor":8.0,"key":"Thread and Needle"},{"floor":10.0,"key":"Dream Catcher"},{"floor":20.0,"key":"Anchor"},{"floor":26.0,"key":"downfall:GremlinWheel"},{"floor":36.0,"key":"champ:DefensiveTrainingManual"},{"floor":41.0,"key":"Mummified Hand"},{"floor":43,"key":"Ginger"},{"floor":47,"key":"Whetstone"}],"event_choices":[{"damage_healed":0,"gold_gain":0,"player_choice":"Fight","damage_taken":0,"max_hp_gain":0,"max_hp_loss":0,"event_name":"Mysterious Sphere","floor":43,"gold_loss":0}],"is_beta":false,"boss_relics":[{"not_picked":["Pandora\u0027s Box","Runic Pyramid"],"picked":"Fusion Hammer"},{"not_picked":["Black Star","Busted Crown"],"picked":"Empty Cage"}],"items_purged_floors":[11,25,42],"is_endless":false,"potions_floor_spawned":[3,4,6,8,10,11,12,13,15,16,19,20,21,22,25,26,28,29,32,33,36,39,40,43,45,48,49],"killed_by":"downfall:CharBossMerchant","ascension_level":0}}