{"host":"igi9xpgoc000gxf5","time":1608143738,"event":{"mods":["BaseMod","Colored Powertips","Downfall","Googly Eyes","Minty Spire (QoL Compilation)","StSLib"],"gold_per_floor":[99,199,234,49,224,244,244,169,244,244,2,12,112,127,144,241,241,241,258,183,183,183,195,218,218,218,229,229,20,120,139,152,257,257,257,44,56,56,56,70,123,148,175,216,28,54,54,78,101,101],"floor_reached":51,"playtime":3408,"items_purged":[],"score":852,"play_id":"b753f1aa-fbf6-4409-a995-fcd3e530dc4f","local_time":"20201216193538","is_ascension_mode":false,"campfire_choices":[{"data":"champ:Taunt","floor":1.0,"key":"SMITH"},{"floor":8.0,"key":"REST"},{"floor":10.0,"key":"REST"},{"floor":18,"key":"RECALL"},{"data":"champ:ArenaPreparation","floor":20,"key":"SMITH"},{"floor":25,"key":"REST"},{"data":"Apotheosis","floor":35,"key":"SMITH"},{"data":"champ:AdrenalArmor","floor":38,"key":"SMITH"}],"circlet_count":0,"master_deck":["champ:Strike+1","champ:Strike+1","champ:Defend+1","champ:Defend+1","champ:Defend+1","champ:Defend+1","champ:Taunt+1","champ:TornadoPunch","champ:FlashCut","champ:FanOfKnives","champ:CrookedStrike","Doubt","champ:TornadoPunch+1","Mayhem+1","champ:Circumvent","champ:DefensiveShout","champ:IgnorePain","champ:ArenaPreparation+1","champ:Devastate","champ:FanOfKnives","champ:PerfectForm+1","champ:FaceSlap","champ:DefensiveShout+1","champ:Duel","champ:FanOfKnives","Apotheosis+1","champ:FlashCut","champ:DeathBlow","champ:AdrenalArmor+1","champ:CheapShot","champ:FanOfKnives+1","champ:Haymaker","Magnetism+1","champ:CalledShot+1","champ:DefensiveShout+1","champ:BladeFlurry","champ:GutPunch+1","champ:IronFortress+1","champ:HoldFirm","champ:StanceDance","champ:StanceDance","champ:Backstep+1","champ:Encircle"],"relics":["champ:ChampionCrown","Champion Belt","champ:FightingForDummies","Bronze Scales","downfall:HeartBlessingBlue","Frozen Egg 2","SacredBark","downfall:HeartBlessingRed","Pen Nib","champ:BerserkersGuideToSlaughter","Philosopher\u0027s Stone","Matryoshka","CeramicFish","PreservedInsect","Vajra","Strawberry"],"acts_visited":["Exordium","TheCity","TheBeyond"],"potions_floor_usage":[23,33,36,49,50],"damage_taken":[{"damage":62.0,"enemies":"downfall:Heads","floor":2.0,"turns":6.0},{"damage":31.0,"enemies":"3 Sentries","floor":3.0,"turns":7.0},{"damage":14.0,"enemies":"downfall:FleeingMerchant","floor":4.0,"turns":4.0},{"damage":8.0,"enemies":"Small Slimes","floor":6.0,"turns":3.0},{"damage":0.0,"enemies":"downfall:FleeingMerchant","floor":11.0,"turns":4.0},{"damage":8.0,"enemies":"Jaw Worm","floor":12.0,"turns":3.0},{"damage":27.0,"enemies":"downfall:Heads","floor":13.0,"turns":5.0},{"damage":3.0,"enemies":"2 Louse","floor":14.0,"turns":3.0},{"damage":10.0,"enemies":"Large Slime","floor":15.0,"turns":5.0},{"damage":50.0,"enemies":"downfall:Ironclad","floor":16.0,"turns":8.0},{"damage":18,"enemies":"Shell Parasite","floor":19,"turns":3},{"damage":20,"enemies":"Snecko","floor":23,"turns":3},{"damage":17,"enemies":"3 Cultists","floor":27,"turns":4},{"damage":25,"enemies":"downfall:FleeingMerchant","floor":29,"turns":4},{"damage":14,"enemies":"Centurion and Healer","floor":31,"turns":7},{"damage":9,"enemies":"Snecko","floor":32,"turns":3},{"damage":49,"enemies":"downfall:Silent","floor":33,"turns":8},{"damage":38,"enemies":"downfall:FleeingMerchant","floor":36,"turns":4},{"damage":33,"enemies":"3 Shapes","floor":37,"turns":3},{"damage":7,"enemies":"Orb Walker","floor":40,"turns":3},{"damage":15,"enemies":"Jaw Worm Horde","floor":42,"turns":4},{"damage":29,"enemies":"4 Shapes","floor":43,"turns":4},{"damage":30,"enemies":"Giant Head","floor":44,"turns":7},{"damage":53,"enemies":"Sphere and 2 Shapes","floor":46,"turns":6},{"damage":21,"enemies":"Jaw Worm Horde","floor":48,"turns":4},{"damage":37,"enemies":"Transient","floor":49,"turns":5},{"damage":37,"enemies":"downfall:Watcher","floor":50,"turns":6}],"seed_played":"7223664320700592106","potions_obtained":[{"floor":2.0,"key":"Regen Potion"},{"floor":12.0,"key":"Strength Potion"},{"floor":14.0,"key":"LiquidMemories"},{"floor":15.0,"key":"Swift Potion"},{"floor":16.0,"key":"Fire Potion"},{"floor":26,"key":"CultistPotion"},{"floor":42,"key":"Swift Potion"},{"floor":43,"key":"Block Potion"},{"floor":44,"key":"EssenceOfSteel"}],"is_trial":false,"path_per_floor":["R","?","E","$","?","M","T","R","T","R","$","M","?","M","M","B",null,"R","M","R","?","?","M","T","R","?","M","?","$","?","M","M","B",null,"R","$","M","R","?","M","T","M","M","E","$","M","?","M","M","B",null],"character_chosen":"THE_CHAMP","items_purchased":["Bronze Scales","champ:CrookedStrike","Mayhem+1","champ:Circumvent","Apotheosis","champ:FlashCut","Matryoshka","champ:Haymaker","Magnetism+1","champ:CalledShot+1","Strawberry","champ:StanceDance"],"campfire_rested":3,"item_purchase_floors":[4,4,11,11,29,29,36,36,36,36,45,45],"current_hp_per_floor":[99,47,36,32,32,24,24,66,66,98,98,90,68,68,63,33,109,109,105,105,83,83,76,76,110,110,107,107,114,114,105,106,81,114,114,114,92,92,92,85,85,81,82,102,109,89,89,68,62,59],"gold":101,"neow_bonus":"TEN_PERCENT_HP_BONUS","is_daily":false,"chose_seed":false,"campfire_upgraded":4,"win_rate":0.0,"timestamp":1608143738,"path_taken":["R","?","E","$","?","M","T","R","?","R","$","M","?","M","M","BOSS","R","M","R","?","?","M","T","R","?","M","?","?","?","?","M","BOSS","R","?","?","R","?","?","T","M","M","E","$","M","?","M","M","BOSS"],"items_purchased_type":["Relic","Card","Card","Card","Card","Card","Relic","Card","Card","Card","Relic","Card"],"build_version":"2020-12-13","purchased_purges":0,"victory":true,"max_hp_per_floor":[99,99,99,99,99,99,99,109,109,109,109,109,109,109,109,109,109,109,109,109,114,114,114,114,114,114,114,114,114,114,114,114,114,114,114,114,114,114,114,114,114,114,114,114,121,121,121,121,121,121],"card_choices":[{"not_picked":["champ:GladiatorsShout","champ:ArenaPreparation"],"picked":"champ:TornadoPunch","floor":2.0},{"not_picked":["champ:BladeFlurry","champ:GladiatorStyle"],"picked":"champ:FlashCut","floor":3.0},{"not_picked":["champ:GladiatorStyle","champ:TornadoPunch"],"picked":"champ:FanOfKnives","floor":4.0},{"not_picked":["champ:GladiatorsShout","champ:HeartStrike"],"picked":"champ:FaceSlap","floor":6.0},{"not_picked":["champ:Backstep","champ:CrownThrow"],"picked":"champ:TornadoPunch","floor":11.0},{"not_picked":["champ:BerserkersShout","champ:FocusedBerserking"],"picked":"champ:DefensiveShout","floor":12.0},{"not_picked":["champ:GladiatorsShout","champ:BringItOn"],"picked":"champ:ArenaPreparation","floor":13.0},{"not_picked":["champ:Encircle","champ:Backstep"],"picked":"champ:Devastate","floor":14.0},{"not_picked":["champ:EndlessRage+1","champ:RapidStrikes"],"picked":"champ:FanOfKnives","floor":15.0},{"not_picked":["champ:ShieldThrow","champ:SwordThrow"],"picked":"champ:PerfectForm+1","floor":16.0},{"not_picked":["champ:CrookedStrike+1","champ:GladiatorsShout"],"picked":"champ:FaceSlap","floor":19},{"not_picked":["champ:EnragedBash+1","champ:GladiatorStyle+1"],"picked":"champ:DefensiveShout+1","floor":23},{"not_picked":["champ:DefensiveStyle+1","champ:FocusedBerserking"],"picked":"champ:Duel","floor":27},{"not_picked":["champ:GladiatorsShout","champ:Riposte"],"picked":"champ:FanOfKnives","floor":29},{"not_picked":["champ:CrookedStrike","champ:HeartStrike"],"picked":"champ:DeathBlow","floor":31},{"not_picked":["champ:BringItOn","champ:HeartStrike"],"picked":"champ:AdrenalArmor","floor":32},{"not_picked":["champ:ShieldSlam","champ:ShieldThrow"],"picked":"champ:CheapShot","floor":33},{"not_picked":["champ:FocusedBerserking","champ:GladiatorsShout+1"],"picked":"champ:FanOfKnives+1","floor":36},{"not_picked":["champ:CrookedStrike","champ:Duel+1"],"picked":"champ:DefensiveShout+1","floor":37},{"not_picked":["champ:PerfectForm+1","champ:RecklessLeap"],"picked":"champ:BladeFlurry","floor":40},{"not_picked":["champ:GladiatorsShout+1","champ:Backstep"],"picked":"champ:GutPunch+1","floor":42},{"not_picked":["champ:Haymaker","champ:FalseCounter"],"picked":"champ:IronFortress+1","floor":43},{"not_picked":["champ:RapidStrikes+1","champ:IronFortress+1"],"picked":"champ:HoldFirm","floor":44},{"not_picked":["champ:BladeFlurry","champ:ViciousMockery"],"picked":"champ:StanceDance","floor":46},{"not_picked":["champ:ShieldWall+1","champ:Circumvent"],"picked":"champ:Backstep+1","floor":48},{"not_picked":["champ:DefensiveShout+1","champ:BerserkersShout+1"],"picked":"champ:Encircle","floor":49}],"player_experience":869872,"relics_obtained":[{"floor":2.0,"key":"Champion Belt"},{"floor":3.0,"key":"champ:FightingForDummies"},{"floor":9.0,"key":"Frozen Egg 2"},{"floor":24,"key":"Pen Nib"},{"floor":41,"key":"CeramicFish"},{"floor":41,"key":"PreservedInsect"},{"floor":44,"key":"Vajra"}],"event_choices":[{"damage_healed":0,"gold_gain":0,"player_choice":"Simplicity","damage_taken":0,"max_hp_gain":0,"max_hp_loss":0,"event_name":"Back to Basics","floor":22,"gold_loss":0,"cards_upgraded":["champ:Strike","champ:Strike","champ:Defend","champ:Defend","champ:Defend","champ:Defend"]},{"cards_removed":["champ:Execute"],"damage_healed":0,"gold_gain":0,"player_choice":"Offered Basic","damage_taken":0,"max_hp_gain":0,"max_hp_loss":0,"event_name":"Bonfire Elementals","floor":39,"gold_loss":0},{"cards_removed":["champ:FaceSlap"],"damage_healed":0,"gold_gain":0,"player_choice":"Removed Attack","damage_taken":0,"max_hp_gain":0,"max_hp_loss":0,"event_name":"Falling","floor":47,"gold_loss":0}],"is_beta":false,"boss_relics":[{"not_picked":["Sozu","Cursed Key"],"picked":"SacredBark"},{"not_picked":["Black Star","Coffee Dripper"],"picked":"Philosopher\u0027s Stone"}],"items_purged_floors":[],"is_endless":false,"potions_floor_spawned":[2,12,14,15,16,27,31,32,42,43,44],"ascension_level":0}}