{"host":"bz6rd4gwayvlp1gz","time":1608085694,"event":{"mods":["BaseMod","Better Note","Colored Powertips","GifTheSpireLib","Minty Spire (QoL Compilation)","Replay The Spire","StSLib"],"gold_per_floor":[109,125,139,154,173,173,173,173,197,197,197,210,239,259,259,363,363,381,71,71,89,28,40,40,70,94,94,105,123,137,148,148,249,249,263,263,44,60,77,112,131,131,131,145,145,145,160,178,178,178],"floor_reached":51,"playtime":4500,"items_purged":["Metallicize","Dropkick"],"score":707,"play_id":"918babb3-9f8a-40ca-b529-c56d5edc8310","local_time":"20201215202814","is_ascension_mode":false,"campfire_choices":[{"data":"Bloodletting","floor":6,"key":"SMITH"},{"data":"Pommel Strike","floor":8,"key":"SMITH"},{"data":"Bash","floor":10,"key":"SMITH"},{"data":"Berserk","floor":15,"key":"SMITH"},{"data":"Replay:Many Hands","floor":24,"key":"SMITH"},{"data":"Headbutt","floor":27,"key":"SMITH"},{"data":"Replay:Many Hands+1","floor":32,"key":"PURGE"},{"data":"Brutality","floor":42,"key":"SMITH"},{"data":"Battle Trance","floor":45,"key":"SMITH"},{"floor":49,"key":"REST"}],"circlet_count":0,"master_deck":["Strike_R","Strike_R","Strike_R","Strike_R","Strike_R","Defend_R","Defend_R+1","Defend_R+1","Bash+1","Perfected Strike","Bloodletting+1","Clash","Perfected Strike","Pommel Strike+1","Berserk+1","Twin Strike","Pommel Strike","Flex","Pummel","Shrug It Off+1","Twin Strike+1","Dropkick","Headbutt+1","Battle Trance+1","Pommel Strike+1","Clothesline+1","Armaments+1","Sword Boomerang+1","Brutality+1","Flame Barrier+1","Inflame","Perfected Strike+1","Massacre+1","Rupture+1"],"relics":["Burning Blood","Happy Flower","War Paint","Painkiller Herb","Brimstone","Centennial Puzzle","Toy Ornithopter","Cursed Key","Chameleon Ring"],"acts_visited":["Exordium","TheCity","TheBeyond"],"potions_floor_usage":[5,16,23,25,31,33,38,39,40,50],"damage_taken":[{"damage":13,"enemies":"Jaw Worm","floor":1,"turns":3},{"damage":6,"enemies":"2 Louse","floor":2,"turns":2},{"damage":5,"enemies":"Small Slimes","floor":3,"turns":3},{"damage":8,"enemies":"3 Louse","floor":4,"turns":3},{"damage":7,"enemies":"Blue Slaver","floor":5,"turns":2},{"damage":6,"enemies":"Exordium Thugs","floor":12,"turns":3},{"damage":20,"enemies":"3 Sentries","floor":13,"turns":4},{"damage":0,"enemies":"Looter","floor":14,"turns":2},{"damage":42,"enemies":"The Guardian","floor":16,"turns":6},{"damage":13,"enemies":"3 Byrds","floor":18,"turns":3},{"damage":21,"enemies":"2 Thieves","floor":21,"turns":3},{"damage":12,"enemies":"Shelled Parasite and Fungi","floor":23,"turns":2},{"damage":17,"enemies":"Replay:Snechameleon","floor":25,"turns":3},{"damage":3,"enemies":"Snake Plant","floor":28,"turns":2},{"damage":1,"enemies":"3 Cultists","floor":29,"turns":3},{"damage":0,"enemies":"Sentry and Sphere","floor":30,"turns":2},{"damage":3,"enemies":"Centurion and Healer","floor":31,"turns":2},{"damage":47,"enemies":"Automaton","floor":33,"turns":5},{"damage":19,"enemies":"3 Shapes","floor":35,"turns":2},{"damage":4,"enemies":"3 Darklings","floor":38,"turns":2},{"damage":0,"enemies":"Sphere and 2 Shapes","floor":39,"turns":3},{"damage":3,"enemies":"Reptomancer","floor":40,"turns":2},{"damage":25,"enemies":"Maw","floor":41,"turns":4},{"damage":2,"enemies":"Spire Growth","floor":44,"turns":3},{"damage":4,"enemies":"Transient","floor":47,"turns":5},{"damage":48,"enemies":"Jaw Worm Horde","floor":48,"turns":3},{"damage":44,"enemies":"Time Eater","floor":50,"turns":3}],"seed_played":"-6647846373430907535","potions_obtained":[{"floor":1,"key":"Block Potion"},{"floor":2,"key":"FearPotion"},{"floor":4,"key":"Elixir"},{"floor":16,"key":"Dexterity Potion"},{"floor":21,"key":"Death Potion"},{"floor":30,"key":"HeartOfIron"},{"floor":33,"key":"Milkshake"},{"floor":38,"key":"AttackPotion"},{"floor":39,"key":"Dexterity Potion"}],"is_trial":false,"path_per_floor":["M","M","M","M","M","R","?","R","T","R","?","M","E","M","R","B",null,"?","T","?","?","T","?","T","E","T","T","?","?","?","?","T","B",null,"?","?","T","?","?","E","?","T","T","?","T","?","?","?","T","B",null],"character_chosen":"IRONCLAD","items_purchased":["Brimstone","Flex","Pummel","Dropkick","Inflame","Strength Potion"],"campfire_rested":1,"item_purchase_floors":[19,19,19,22,37,37],"current_hp_per_floor":[73,73,74,72,71,71,64,64,64,64,64,64,50,56,56,20,80,73,73,73,58,58,52,52,41,41,41,44,49,55,63,63,27,80,67,67,67,74,76,76,57,57,57,61,61,61,63,21,43,10],"gold":178,"neow_bonus":"THREE_CARDS","is_daily":false,"chose_seed":false,"campfire_upgraded":8,"win_rate":0.0,"timestamp":1608085694,"path_taken":["M","M","M","M","M","R","?","R","T","R","?","M","E","M","R","BOSS","?","T","?","?","T","?","T","E","T","T","?","?","?","?","T","BOSS","?","?","T","?","?","E","?","T","T","?","T","?","?","?","T","BOSS"],"items_purchased_type":["Relic","Card","Card","Card","Card","Potion"],"build_version":"2020-12-13","purchased_purges":2,"victory":true,"max_hp_per_floor":[80,80,80,80,80,80,80,80,80,80,80,80,80,80,80,80,80,80,80,80,80,80,80,80,80,80,80,80,80,80,80,80,80,80,80,76,76,76,76,76,76,76,76,76,76,76,76,76,76,76],"card_choices":[{"not_picked":["Anger","Second Wind"],"picked":"Perfected Strike","floor":0},{"not_picked":["Replay:Undeath\u0027s Touch","ReplayTheSpireMod:Limb From Limb"],"picked":"Metallicize","floor":1},{"not_picked":["Perfected Strike","Warcry"],"picked":"Bloodletting","floor":2},{"not_picked":["Replay:Undeath\u0027s Touch","Sentinel"],"picked":"Clash","floor":3},{"not_picked":["Havoc","Bloodletting"],"picked":"Perfected Strike","floor":4},{"not_picked":["Cleave","ReplayTheSpireMod:Strike From Hell"],"picked":"Pommel Strike","floor":5},{"not_picked":["ReplayTheSpireMod:Strike From Hell","Second Wind"],"picked":"Berserk","floor":12},{"not_picked":["Replay:Undeath\u0027s Touch","Sentinel"],"picked":"Twin Strike","floor":13},{"not_picked":["Rage","Sword Boomerang"],"picked":"Pommel Strike","floor":14},{"not_picked":["Exhume","Limit Break"],"picked":"Replay:Many Hands","floor":16},{"not_picked":["True Grit","Massacre","Sentinel"],"picked":"SKIP","floor":18},{"not_picked":["Anger","Iron Wave+1"],"picked":"Twin Strike+1","floor":21},{"not_picked":["Cleave+1","Clash"],"picked":"Headbutt","floor":23},{"not_picked":["Body Slam","Hemokinesis+1"],"picked":"Battle Trance","floor":25},{"not_picked":["Perfected Strike","Thunderclap"],"picked":"Pommel Strike+1","floor":28},{"not_picked":["Body Slam","Iron Wave"],"picked":"Clothesline+1","floor":29},{"not_picked":["ReplayTheSpireMod:Strike From Hell","Twin Strike"],"picked":"Armaments+1","floor":30},{"not_picked":["Hemokinesis","Berserk"],"picked":"Sword Boomerang+1","floor":31},{"not_picked":["Corruption","Demonic Infusion"],"picked":"Brutality","floor":33},{"not_picked":["Heavy Blade+1","Shrug It Off"],"picked":"Flame Barrier+1","floor":35},{"not_picked":["Clothesline","Flex+1"],"picked":"Perfected Strike+1","floor":38},{"not_picked":["ReplayTheSpireMod:Strike From Hell","Warcry+1"],"picked":"Massacre+1","floor":39},{"not_picked":["Heavy Blade","Fiend Fire"],"picked":"Rupture+1","floor":40},{"not_picked":["Replay:Undeath\u0027s Touch+1","Fire Breathing+1","Cleave"],"picked":"SKIP","floor":41},{"not_picked":["Rupture+1","Heavy Blade","Iron Wave+1"],"picked":"SKIP","floor":44},{"not_picked":["Dark Embrace","Thunderclap","Headbutt"],"picked":"SKIP","floor":47},{"not_picked":["Sword Boomerang+1","Dark Embrace","Carnage"],"picked":"SKIP","floor":48}],"player_experience":189007,"relics_obtained":[{"floor":9,"key":"Happy Flower"},{"floor":13,"key":"War Paint"},{"floor":25,"key":"Centennial Puzzle"},{"floor":26,"key":"Toy Ornithopter"},{"floor":40,"key":"Chameleon Ring"}],"event_choices":[{"cards_removed":["Defend_R"],"damage_healed":0,"gold_gain":0,"player_choice":"Card Removal","damage_taken":7,"max_hp_gain":0,"max_hp_loss":0,"event_name":"Golden Wing","floor":7,"gold_loss":0},{"damage_healed":0,"gold_gain":0,"player_choice":"Ignored","damage_taken":0,"max_hp_gain":0,"max_hp_loss":0,"event_name":"Liars Game","floor":11,"gold_loss":0},{"cards_removed":["Pummel"],"damage_healed":0,"gold_gain":0,"player_choice":"Take \u0026 Give","damage_taken":0,"max_hp_gain":0,"max_hp_loss":0,"event_name":"betterNote:BetterNote","floor":20,"gold_loss":0,"cards_obtained":["Shrug It Off"]},{"damage_healed":0,"gold_gain":0,"player_choice":"Max HP","damage_taken":0,"max_hp_gain":0,"max_hp_loss":4,"event_name":"Winding Halls","floor":36,"gold_loss":0},{"damage_healed":0,"gold_gain":0,"player_choice":"Ignored","damage_taken":0,"max_hp_gain":0,"max_hp_loss":0,"event_name":"Mysterious Sphere","floor":46,"gold_loss":0}],"is_beta":false,"boss_relics":[{"not_picked":["Runic Dome","Ectoplasm"],"picked":"Painkiller Herb"},{"not_picked":["Kintsugi","Empty Cage"],"picked":"Cursed Key"}],"items_purged_floors":[19,37],"is_endless":false,"potions_floor_spawned":[1,2,4,16,21,30,33,38,39],"ascension_level":0}}