{"host":"2461dio7vetlq1z3","time":1608148076,"event":{"mods":["2.2 Compatiblity","AchievementEnabler","BaseMod","Better Third Choice","Hermit","Marisa????????","Minty Spire (QoL Compilation)","Relic Stats","Spicy Shops","StSLib","The Servant 0.9.4","Waifu the Spire"],"gold_per_floor":[211,211,9,20,20,20,20,36,36,62,76,76,104,119,119,192,192,206,224,274,284,109,144,144,172,172,172,172,172],"floor_reached":28,"playtime":1485,"items_purged":["Lockon","Doom and Gloom"],"score":479,"play_id":"09c20295-aaf9-498e-a831-67ccaa38cffe","local_time":"20201216204756","is_ascension_mode":true,"campfire_choices":[{"data":"Genetic Algorithm","floor":6,"key":"SMITH"},{"data":"Barrage","floor":12,"key":"SMITH"},{"data":"Creative AI","floor":15,"key":"SMITH"},{"data":"Fusion","floor":24,"key":"SMITH"},{"data":"Capacitor","floor":27,"key":"SMITH"}],"circlet_count":0,"master_deck":["AscendersBane","Zap","Dualcast","Ball Lightning","Barrage+1","Genetic Algorithm+1","Self Repair","Undo","Leap","Creative AI+1","Steam","Reinforced Body","Machine Learning","Reboot","Seek","Fusion+1","Electrodynamics","Darkness","Aggregate","Skim","Meteor Strike","Capacitor+1","Compile Driver","Self Repair+1"],"relics":["Cracked Core","Orrery","Question Card","Meat on the Bone","InkBottle","Bag of Preparation","Eternal Feather","Pandora\u0027s Box","Incense Burner","MealTicket","Ginger"],"acts_visited":["Exordium","TheCity"],"potions_floor_usage":[16,21,28],"damage_taken":[{"damage":1,"enemies":"2 Louse","floor":1,"turns":3},{"damage":4,"enemies":"Small Slimes","floor":4,"turns":3},{"damage":0,"enemies":"Cultist","floor":8,"turns":4},{"damage":22,"enemies":"Lagavulin","floor":10,"turns":6},{"damage":6,"enemies":"Lots of Slimes","floor":11,"turns":4},{"damage":24,"enemies":"Gremlin Nob","floor":13,"turns":4},{"damage":0,"enemies":"3 Louse","floor":14,"turns":4},{"damage":15,"enemies":"Slime Boss","floor":16,"turns":8},{"damage":19,"enemies":"3 Byrds","floor":18,"turns":4},{"damage":0,"enemies":"2 Thieves","floor":19,"turns":3},{"damage":22,"enemies":"Centurion and Healer","floor":21,"turns":7},{"damage":44,"enemies":"Slavers","floor":23,"turns":7},{"damage":15,"enemies":"Gremlin Leader","floor":25,"turns":6},{"damage":72,"enemies":"Slavers","floor":28,"turns":5}],"seed_played":"7035262660893031436","potions_obtained":[{"floor":8,"key":"FairyPotion"},{"floor":13,"key":"Swift Potion"},{"floor":19,"key":"Weak Potion"},{"floor":23,"key":"Explosive Potion"}],"is_trial":false,"path_per_floor":["M","?","$","M","?","R","?","M","T","E","M","R","E","M","R","B",null,"M","M","?","M","$","E","R","E","T","R","E"],"character_chosen":"DEFECT","items_purchased":["Barrage","Orrery"],"campfire_rested":0,"item_purchase_floors":[3,3],"current_hp_per_floor":[63,42,42,45,34,34,34,53,53,50,51,51,46,53,65,50,66,54,61,61,46,46,21,33,37,37,49,0,0],"gold":172,"neow_bonus":"HUNDRED_GOLD","is_daily":false,"chose_seed":false,"campfire_upgraded":5,"win_rate":0.0,"timestamp":1608148076,"path_taken":["M","?","$","M","?","R","?","M","T","E","?","R","E","M","R","BOSS","M","?","?","M","$","E","R","E","T","R","E"],"items_purchased_type":["Card","Relic"],"build_version":"2020-12-13","purchased_purges":2,"victory":false,"max_hp_per_floor":[71,71,71,71,71,71,71,71,71,71,71,71,71,71,71,71,71,71,71,71,71,71,71,71,71,71,71,71,71],"relic_stats":{"counters":[14,68],"Eternal Feather":36,"Pandora\u0027s Box":["Seek","Fusion","Lockon","Electrodynamics","Darkness","Aggregate","Skim","Meteor Strike"],"MealTicket":0,"Bag of Preparation":[20],"Ginger":[2],"Question Card":11,"obtain_stats":[{"Orrery":3,"Eternal Feather":13,"Pandora\u0027s Box":17,"MealTicket":25,"Bag of Preparation":10,"Incense Burner":23,"Ginger":26,"Cracked Core":0,"Question Card":5,"InkBottle":9,"Meat on the Bone":7},{"Orrery":1,"Eternal Feather":6,"Pandora\u0027s Box":8,"MealTicket":13,"Bag of Preparation":4,"Incense Burner":12,"Ginger":13,"Cracked Core":0,"Question Card":2,"InkBottle":3,"Meat on the Bone":2},{"Orrery":3,"Eternal Feather":24,"Pandora\u0027s Box":36,"MealTicket":63,"Bag of Preparation":16,"Incense Burner":57,"Ginger":63,"Cracked Core":0,"Question Card":6,"InkBottle":10,"Meat on the Bone":6}],"InkBottle":[17],"Meat on the Bone":60},"card_choices":[{"not_picked":["Rebound","Leap"],"picked":"Ball Lightning","floor":1},{"not_picked":["Ball Lightning","Gash"],"picked":"Genetic Algorithm","floor":3},{"not_picked":["Coolheaded","Steam"],"picked":"Self Repair","floor":3},{"not_picked":["Sweeping Beam","Stack"],"picked":"Undo","floor":3},{"not_picked":["White Noise","Multi-Cast"],"picked":"Leap","floor":3},{"not_picked":["Turbo","Streamline"],"picked":"Doom and Gloom","floor":4},{"not_picked":["Rip and Tear","Fusion","Barrage"],"picked":"Doom and Gloom","floor":8},{"not_picked":["Coolheaded","Turbo","Cold Snap"],"picked":"Creative AI","floor":10},{"not_picked":["Scrape","Blizzard","Gash"],"picked":"Steam","floor":11},{"not_picked":["Stack","Steam","Chill"],"picked":"Reinforced Body","floor":13},{"not_picked":["Sweeping Beam","Fusion","Redo"],"picked":"Machine Learning","floor":14},{"not_picked":["Rainbow","Multi-Cast","Meteor Strike"],"picked":"Reboot","floor":16},{"not_picked":["Coolheaded","Streamline+1","Ball Lightning+1","Stack"],"picked":"SKIP","floor":18},{"not_picked":["Reinforced Body","Turbo","Chaos"],"picked":"Capacitor","floor":19},{"not_picked":["Rip and Tear","Conserve Battery","Gash"],"picked":"Compile Driver","floor":21},{"not_picked":["Gash+1","Hyperbeam","Rebound","Cold Snap"],"picked":"SKIP","floor":23},{"not_picked":["Cold Snap","Sunder","Conserve Battery"],"picked":"Self Repair+1","floor":25}],"player_experience":842291,"relics_obtained":[{"floor":9,"key":"InkBottle"},{"floor":10,"key":"Bag of Preparation"},{"floor":13,"key":"Eternal Feather"},{"floor":23,"key":"Incense Burner"},{"floor":25,"key":"MealTicket"},{"floor":26,"key":"Ginger"}],"event_choices":[{"damage_healed":63,"gold_gain":0,"player_choice":"Upgrade","damage_taken":21,"max_hp_gain":0,"max_hp_loss":71,"event_name":"betterThird:BetterShining","floor":2,"gold_loss":0,"cards_upgraded":["Strike_B","Defend_B"]},{"damage_healed":0,"gold_gain":1,"player_choice":"Relic ","damage_taken":11,"max_hp_gain":0,"max_hp_loss":0,"event_name":"betterThird:BetterScrap","floor":5,"gold_loss":0,"cards_obtained":["Eviscerate"]},{"cards_removed":["Doom and Gloom"],"damage_healed":0,"gold_gain":0,"player_choice":"Gave Card","damage_taken":0,"relics_obtained":["Meat on the Bone"],"max_hp_gain":0,"max_hp_loss":0,"event_name":"WeMeetAgain","floor":7,"gold_loss":0},{"damage_healed":0,"gold_gain":50,"player_choice":"Steal","damage_taken":0,"max_hp_gain":0,"max_hp_loss":0,"event_name":"betterThird:BetterNest","floor":20,"gold_loss":0}],"is_beta":false,"boss_relics":[{"not_picked":["Empty Cage","SacredBark"],"picked":"Pandora\u0027s Box"}],"items_purged_floors":[22,22],"is_endless":false,"potions_floor_spawned":[8,13,14,19,23],"killed_by":"Slavers","ascension_level":16}}