{"host":"y89x8uui45kcjy42","time":1608086153,"event":{"mods":["2.2 Compatiblity","BaseMod","CapriCore","Colored Map","Colored Powertips","Custom Start","Friendly Minions","Highlight Path","Keyboard Shortcuts","Minty Spire (QoL Compilation)","Relic Stats","Slay the Relics Exporter","StSLib","SuperFastMode","The Dragon Tamer","Waifu the Spire"],"gold_per_floor":[310,41,41,216,36,36,36,56,56,56,100,125,139,139,139,264,264,240,240,253,253,269,269,302,302,302,345,345,364,407,407,407,533,533,553,578,641,641,359,359,135,135,160,204,263,288,309,309,309,309,309,309,76,109,109],"floor_reached":56,"playtime":2416,"items_purged":["DTMod:Strike","Doubt","DTMod:TargetDefense","DTMod:TargetDefense","DTMod:BalancedStrike+1"],"score":1559,"play_id":"b30e102c-77d9-422b-9c01-babf84b2eebb","local_time":"20201216113553","is_ascension_mode":false,"metric_token":1055,"campfire_choices":[{"data":"DTMod:DoubleHit","floor":6.0,"key":"SMITH"},{"data":"DTMod:SwitchingTactic","floor":10.0,"key":"SMITH"},{"data":"DTMod:Training","floor":15.0,"key":"SMITH"},{"data":"DTMod:DragonDance","floor":23.0,"key":"SMITH"},{"data":"DTMod:ShadowImage","floor":25.0,"key":"SMITH"},{"data":"DTMod:LightShield","floor":28.0,"key":"SMITH"},{"data":"DTMod:QuickFly","floor":32.0,"key":"SMITH"},{"floor":40,"key":"RECALL"},{"data":"DTMod:ComboAttack","floor":42,"key":"SMITH"},{"data":"DTMod:MagicField","floor":49,"key":"SMITH"}],"dtmod_dragon_data":[61,64,0,0,0,0],"circlet_count":0,"master_deck":["DTMod:DoubleHit+1","DTMod:SwitchingTactic+1","DTMod:DragonDance+1","DTMod:MagicField+1","DTMod:Training+1","DTMod:ShadowImage+1","DTMod:ComboAttack+1","DTMod:LightShield+1","DTMod:Hide+1","DTMod:QuickFly+1","DTMod:Training+1","DTMod:Coolant"],"relics":["DTMod:PactStone","Membership Card","Torii","HandDrill","Bronze Scales","Sundial","Golden Idol","Pear","Blue Candle","WarpedTongs","Empty Cage","Coffee Dripper","Red Mask","Juzu Bracelet","Orichalcum","Ornamental Fan","Cursed Key","DTMod:SolidMemories","DTMod:AncientBone","Boot","TungstenRod","Bag of Preparation","Whetstone","DTMod:BindingString","Unceasing Top","Omamori","WingedGreaves","DTMod:SwitchButton","Vajra","Akabeko"],"acts_visited":["Exordium","TheCity","TheBeyond","TheEnding"],"potions_floor_usage":[35,55,55,55],"damage_taken":[{"damage":0.0,"enemies":"2 Louse","floor":1.0,"turns":2.0},{"damage":0.0,"enemies":"Small Slimes","floor":8.0,"turns":3.0},{"damage":0.0,"enemies":"Lagavulin","floor":11.0,"turns":6.0},{"damage":0.0,"enemies":"Jaw Worm","floor":12.0,"turns":4.0},{"damage":0.0,"enemies":"Blue Slaver","floor":13.0,"turns":6.0},{"damage":0.0,"enemies":"The Guardian","floor":16.0,"turns":9.0},{"damage":0.0,"enemies":"2 Thieves","floor":18.0,"turns":5.0},{"damage":12.0,"enemies":"3 Byrds","floor":20.0,"turns":5.0},{"damage":0.0,"enemies":"3 Cultists","floor":22.0,"turns":5.0},{"damage":0.0,"enemies":"Masked Bandits","floor":24.0,"turns":4.0},{"damage":2.0,"enemies":"Gremlin Leader","floor":27.0,"turns":6.0},{"damage":0.0,"enemies":"Centurion and Healer","floor":29.0,"turns":6.0},{"damage":0.0,"enemies":"Slavers","floor":30.0,"turns":6.0},{"damage":0.0,"enemies":"Champ","floor":33.0,"turns":10.0},{"damage":35,"enemies":"3 Darklings","floor":35,"turns":4},{"damage":0,"enemies":"Orb Walker","floor":36,"turns":4},{"damage":0,"enemies":"Mind Bloom Boss Battle","floor":37,"turns":6},{"damage":18,"enemies":"Nemesis","floor":44,"turns":5},{"damage":0,"enemies":"2 Orb Walkers","floor":45,"turns":6},{"damage":0,"enemies":"3 Darklings","floor":46,"turns":3},{"damage":0,"enemies":"Writhing Mass","floor":47,"turns":3},{"damage":0,"enemies":"Donu and Deca","floor":50,"turns":8},{"damage":7,"enemies":"Shield and Spear","floor":54,"turns":7},{"damage":106,"enemies":"The Heart","floor":55,"turns":11}],"seed_played":"-1435296470349377879","potions_obtained":[{"floor":1.0,"key":"Weak Potion"},{"floor":8.0,"key":"ColorlessPotion"},{"floor":13.0,"key":"Swift Potion"},{"floor":22.0,"key":"Ancient Potion"},{"floor":24.0,"key":"LiquidMemories"},{"floor":27.0,"key":"ColorlessPotion"},{"floor":30.0,"key":"CultistPotion"},{"floor":36,"key":"Ancient Potion"}],"is_trial":false,"path_per_floor":["M","$","?","?","$","R","?","M","T","R","E","M","M","?","R","B",null,"M","?","M","?","M","R","?","R","T","E","R","M","E","T","R","B",null,"M","M","?","?","$","R","$","R","T","E","?","M","M","?","R","B",null,"R","$","E","B",null],"character_chosen":"THE_DT","items_purchased":["Torii","HandDrill","Sundial","DTMod:AncientBone","Boot","SpeedPotion","TungstenRod","DTMod:SwitchButton","Vajra"],"campfire_rested":0,"item_purchase_floors":[2,2,5,39,39,39,41,53,53],"current_hp_per_floor":[45,45,38,38,38,38,27,27,37,37,55,55,55,55,55,55,55,55,49,37,37,37,37,55,55,55,53,53,53,53,53,53,53,55,20,20,20,20,20,20,20,20,20,55,55,55,55,55,55,55,55,55,55,48,20],"gold":109,"neow_bonus":"REMOVE_TWO","is_daily":false,"chose_seed":false,"campfire_upgraded":9,"win_rate":0.0,"timestamp":1608086153,"path_taken":["M","$","?","?","$","R","?","M","T","R","E","M","?","?","R","BOSS","M","?","?","?","M","R","?","R","T","E","R","M","E","?","R","BOSS","M","M","?","?","$","R","$","R","T","E","?","M","M","?","R","BOSS","R","$","E","BOSS"],"items_purchased_type":["Relic","Relic","Relic","Relic","Relic","Potion","Relic","Relic","Relic"],"build_version":"2020-12-13","purchased_purges":5,"victory":true,"max_hp_per_floor":[45,45,45,45,45,45,45,45,55,55,55,55,55,55,55,55,55,55,55,55,55,55,55,55,55,55,55,55,55,55,55,55,55,55,55,55,55,55,55,55,55,55,55,55,55,55,55,55,55,55,55,55,55,55,75],"relic_stats":{"Torii":27,"counters":[24,134],"Golden Idol":219,"Blue Candle":[0],"Juzu Bracelet":1,"Bag of Preparation":[14],"Whetstone":["DTMod:BalancedStrike"],"Orichalcum":[42],"Cursed Key":1,"Boot":[12],"WarpedTongs":[71],"Sundial":[50],"Ornamental Fan":[44],"Bronze Scales":[202],"HandDrill":[48],"obtain_stats":[{"Torii":2,"DTMod:SolidMemories":37,"DTMod:AncientBone":39,"Vajra":53,"Juzu Bracelet":30,"Bag of Preparation":43,"Whetstone":43,"Empty Cage":17,"Cursed Key":34,"Boot":39,"Matryoshka":27,"Sundial":5,"WingedGreaves":38,"HandDrill":2,"Red Mask":24,"DTMod:BindingString":44,"Pear":9,"Golden Idol":7,"Blue Candle":11,"Omamori":14,"Orichalcum":31,"Akabeko":54,"WarpedTongs":14,"DTMod:SwitchButton":53,"DTMod:PactStone":0,"Ornamental Fan":31,"Bronze Scales":3,"Coffee Dripper":18,"Membership Card":1,"TungstenRod":41,"Unceasing Top":45},{"Torii":1,"DTMod:SolidMemories":17,"DTMod:AncientBone":17,"Vajra":22,"Juzu Bracelet":13,"Bag of Preparation":17,"Whetstone":17,"Empty Cage":6,"Cursed Key":14,"Boot":17,"Matryoshka":11,"Sundial":1,"WingedGreaves":17,"HandDrill":1,"Red Mask":10,"DTMod:BindingString":18,"Pear":2,"Golden Idol":1,"Blue Candle":3,"Omamori":5,"Orichalcum":13,"Akabeko":23,"WarpedTongs":5,"DTMod:SwitchButton":22,"DTMod:PactStone":0,"Ornamental Fan":13,"Bronze Scales":1,"Coffee Dripper":7,"Membership Card":1,"TungstenRod":17,"Unceasing Top":19},{"Torii":2,"DTMod:SolidMemories":91,"DTMod:AncientBone":91,"Vajra":116,"Juzu Bracelet":67,"Bag of Preparation":91,"Whetstone":91,"Empty Cage":30,"Cursed Key":77,"Boot":91,"Matryoshka":55,"Sundial":2,"WingedGreaves":91,"HandDrill":2,"Red Mask":49,"DTMod:BindingString":96,"Pear":5,"Golden Idol":2,"Blue Candle":11,"Omamori":21,"Orichalcum":67,"Akabeko":123,"WarpedTongs":21,"DTMod:SwitchButton":116,"DTMod:PactStone":0,"Ornamental Fan":67,"Bronze Scales":2,"Coffee Dripper":31,"Membership Card":2,"TungstenRod":91,"Unceasing Top":102}],"TungstenRod":33,"Unceasing Top":[3]},"card_choices":[{"not_picked":["DTMod:GhostSkin","DTMod:TauntingStrike"],"picked":"DTMod:DragonDance","floor":1.0},{"not_picked":["DTMod:Hide","DTMod:CrossStep","DTMod:RunningTactic"],"picked":"SKIP","floor":8.0},{"not_picked":["DTMod:QuickFly","DTMod:ForkedFire"],"picked":"DTMod:MagicField","floor":11.0},{"not_picked":["DTMod:BlazingStrike","DTMod:Observe"],"picked":"DTMod:Training","floor":12.0},{"not_picked":["DTMod:MasterPlan","DTMod:Threaten"],"picked":"DTMod:BalancedStrike","floor":13.0},{"not_picked":["DTMod:Safeguard","DTMod:ExcessFootwork"],"picked":"DTMod:ShadowImage","floor":16.0},{"not_picked":["DTMod:LastStand","DTMod:Punisher","DTMod:BreakAttack"],"picked":"SKIP","floor":18.0},{"not_picked":["DTMod:Adaptation","DTMod:Feint"],"picked":"DTMod:ComboAttack","floor":20.0},{"not_picked":["DTMod:BurningEnergy","DTMod:GhostSkin","DTMod:MagicField+1"],"picked":"SKIP","floor":22.0},{"not_picked":["DTMod:Shift","DTMod:InvisibleFlame"],"picked":"DTMod:LightShield","floor":27.0},{"not_picked":["DTMod:ComboAttack+1","DTMod:Threaten+1"],"picked":"DTMod:Hide+1","floor":29.0},{"not_picked":["DTMod:Training","DTMod:BurningEnergy+1"],"picked":"DTMod:QuickFly","floor":30.0},{"not_picked":["DTMod:MasterPlan","DTMod:QuickFly","DTMod:BizarreTactic+1"],"picked":"SKIP","floor":35},{"not_picked":["DTMod:HeatWave","DTMod:Shift+1"],"picked":"DTMod:Training+1","floor":36},{"not_picked":["DTMod:Overwhelm+1","DTMod:BreakAttack+1","DTMod:StarRain"],"picked":"SKIP","floor":44},{"not_picked":["DTMod:Astonish","DTMod:Threaten+1","DTMod:Punisher"],"picked":"SKIP","floor":46},{"not_picked":["DTMod:Astonish","DTMod:Threaten+1","DTMod:Punisher"],"picked":"SKIP","floor":46},{"not_picked":["DTMod:HeatWave","DTMod:Punisher","DTMod:CalculatedDefense+1"],"picked":"SKIP","floor":47},{"not_picked":["DTMod:CalculatedDefense+1","DTMod:Adaptation+1"],"picked":"DTMod:Coolant","floor":54}],"player_experience":500523,"relics_obtained":[{"floor":9.0,"key":"Pear"},{"floor":11.0,"key":"Blue Candle"},{"floor":24.0,"key":"Red Mask"},{"floor":27.0,"key":"Matryoshka"},{"floor":30.0,"key":"Juzu Bracelet"},{"floor":31.0,"key":"Orichalcum"},{"floor":31.0,"key":"Ornamental Fan"},{"floor":37,"key":"DTMod:SolidMemories"},{"floor":43,"key":"Bag of Preparation"},{"floor":43,"key":"Whetstone"},{"floor":44,"key":"DTMod:BindingString"},{"floor":45,"key":"Unceasing Top"},{"floor":54,"key":"Akabeko"}],"event_choices":[{"damage_healed":0.0,"max_hp_gain":0.0,"max_hp_loss":0.0,"gold_gain":0.0,"event_name":"Scrap Ooze","player_choice":"Success","floor":3.0,"gold_loss":0.0,"damage_taken":7.0,"relics_obtained":["Bronze Scales"]},{"damage_healed":0.0,"max_hp_gain":0.0,"max_hp_loss":0.0,"gold_gain":175.0,"event_name":"Liars Game","player_choice":"AGREE","floor":4.0,"gold_loss":0.0,"damage_taken":0.0,"cards_obtained":["Doubt"]},{"damage_healed":0.0,"max_hp_gain":0.0,"max_hp_loss":0.0,"gold_gain":0.0,"event_name":"Golden Idol","player_choice":"Take Damage","floor":7.0,"gold_loss":0.0,"damage_taken":11.0,"relics_obtained":["Golden Idol"]},{"damage_healed":0.0,"max_hp_gain":0.0,"max_hp_loss":0.0,"gold_gain":0.0,"event_name":"Accursed Blacksmith","player_choice":"Rummage","floor":14.0,"gold_loss":0.0,"damage_taken":0.0,"relics_obtained":["WarpedTongs"],"cards_obtained":["Pain"]},{"damage_healed":0.0,"max_hp_gain":0.0,"max_hp_loss":0.0,"gold_gain":0.0,"event_name":"Knowing Skull","player_choice":"","floor":19.0,"potions_obtained":[],"gold_loss":0.0,"damage_taken":6.0,"cards_obtained":[]},{"damage_healed":0.0,"max_hp_gain":0.0,"max_hp_loss":0.0,"gold_gain":0.0,"event_name":"Ghosts","player_choice":"Ignored","floor":21.0,"gold_loss":0.0,"damage_taken":0.0},{"damage_healed":0.0,"max_hp_gain":0.0,"max_hp_loss":0.0,"gold_gain":0.0,"event_name":"Masked Bandits","player_choice":"Fought Bandits","floor":24.0,"gold_loss":0.0,"damage_taken":0.0},{"damage_healed":0,"gold_gain":0,"player_choice":"Fight","damage_taken":0,"max_hp_gain":0,"max_hp_loss":0,"event_name":"MindBloom","floor":37,"gold_loss":0},{"cards_removed":["DTMod:Strike"],"damage_healed":0,"gold_gain":0,"player_choice":"Removed Attack","damage_taken":0,"max_hp_gain":0,"max_hp_loss":0,"event_name":"Falling","floor":38,"gold_loss":0},{"damage_healed":0,"gold_gain":0,"player_choice":"Fight","damage_taken":0,"max_hp_gain":0,"max_hp_loss":0,"event_name":"Mysterious Sphere","floor":45,"gold_loss":0},{"damage_healed":0,"gold_gain":0,"player_choice":"Memory 1","damage_taken":0,"max_hp_gain":0,"max_hp_loss":0,"event_name":"SensoryStone","floor":48,"gold_loss":0}],"is_beta":false,"boss_relics":[{"not_picked":["Snecko Eye","SacredBark"],"picked":"Empty Cage"},{"not_picked":["Calling Bell","Astrolabe"],"picked":"Cursed Key"}],"items_purged_floors":[2,5,39,41,53],"is_endless":false,"potions_floor_spawned":[1,8,13,22,24,27,30,33,36,37,45,47,54],"ascension_level":0}}