{"host":"ssbj2e5691x5ub3h","time":1608160699,"event":{"mods":["BaseMod","Duelist Mod","Minty Spire (QoL Compilation)","StSLib"],"gold_per_floor":[140,151,161,171,190,222,234,96,108,120,148,176,207,229,241,350,350],"floor_reached":16,"playtime":2212,"items_purged":[],"score":158,"play_id":"4109c847-dd4e-4ad3-add8-81c40c239262","local_time":"20201216211819","is_ascension_mode":false,"campfire_choices":[{"data":"theDuelist:GateGuardian","floor":7,"key":"SMITH"},{"floor":15,"key":"REST"}],"circlet_count":0,"master_deck":["theDuelist:BeaverWarrior+1","theDuelist:BeaverWarrior","theDuelist:CastleWalls","theDuelist:CastleWalls","theDuelist:FinalFlame","theDuelist:GiantSoldier+1","theDuelist:GiantSoldier","theDuelist:ScrapFactory","theDuelist:Sparks","theDuelist:Sparks","theDuelist:Mudora","theDuelist:CoreBlaster","theDuelist:MudGolem","theDuelist:InjectionFairy","theDuelist:GateGuardian+1","theDuelist:WhiteNinja","theDuelist:GravekeeperCurse","theDuelist:GaiaMidNightSun","theDuelist:RainbowMagician","theDuelist:AttackTheMoon","theDuelist:Eva"],"relics":["theDuelist:MillenniumPuzzle","theDuelist:CardPoolRelic","theDuelist:CardPoolBasicRelic","theDuelist:BoosterPackPoolRelic","theDuelist:CardPoolAddRelic","theDuelist:CardPoolMinusRelic","theDuelist:CardPoolSaveRelic","theDuelist:CardPoolOptionsRelic","MawBank","theDuelist:MillenniumPrayerbook","theDuelist:ElectricToken"],"acts_visited":["Exordium"],"potions_floor_usage":[],"damage_taken":[{"damage":0,"enemies":"Small Slimes","floor":1,"turns":5},{"damage":0,"enemies":"2 Louse","floor":2,"turns":3},{"damage":3,"enemies":"Jaw Worm","floor":3,"turns":3},{"damage":9,"enemies":"Large Slime","floor":4,"turns":5},{"damage":2,"enemies":"Blue Slaver","floor":5,"turns":3},{"damage":14,"enemies":"Gremlin Nob","floor":6,"turns":4},{"damage":0,"enemies":"Exordium Wildlife","floor":11,"turns":3},{"damage":1,"enemies":"2 Fungi Beasts","floor":12,"turns":3},{"damage":22,"enemies":"Gremlin Gang","floor":13,"turns":3},{"damage":0,"enemies":"Blue Slaver","floor":14,"turns":3},{"damage":23,"enemies":"Hexaghost","floor":16,"turns":7}],"seed_played":"-2995104362946422738","potions_obtained":[{"floor":3,"key":"Swift Potion"},{"floor":5,"key":"theDuelist:IcePotion"},{"floor":11,"key":"FocusPotion"}],"is_trial":false,"path_per_floor":["M","M","M","M","M","E","R","?","T","?","M","M","M","M","R","B"],"character_chosen":"THE_DUELIST","items_purchased":[],"campfire_rested":1,"item_purchase_floors":[],"current_hp_per_floor":[88,88,85,76,74,60,60,60,60,42,42,41,25,25,51,28,28],"gold":350,"neow_bonus":"TEN_PERCENT_HP_BONUS","is_daily":false,"chose_seed":false,"campfire_upgraded":1,"win_rate":0.0,"timestamp":1608160699,"path_taken":["M","M","M","M","M","E","R","?","T","?","M","?","M","M","R","BOSS"],"items_purchased_type":[],"build_version":"2020-12-13","purchased_purges":0,"victory":false,"max_hp_per_floor":[88,88,88,88,88,88,88,88,88,88,88,88,88,88,88,88,88],"card_choices":[{"not_picked":["theDuelist:FuryFire","theDuelist:PotDichotomy","theDuelist:HarpieFeather","theDuelist:EarthGiant"],"picked":"theDuelist:Mudora","floor":1},{"not_picked":["theDuelist:Hinotama","theDuelist:DoubleTool","theDuelist:CombinationAttack","theDuelist:LegendarySword"],"picked":"theDuelist:CoreBlaster","floor":2},{"not_picked":["theDuelist:BigFire","theDuelist:LightningDarts","theDuelist:MudragonSwamp","theDuelist:DarklordSuperbia"],"picked":"theDuelist:MudGolem","floor":3},{"not_picked":["theDuelist:PowerWall","theDuelist:BlueDragonSummoner","theDuelist:BigFire","theDuelist:Illusionist"],"picked":"theDuelist:InjectionFairy","floor":4},{"not_picked":["theDuelist:ExodiaNecross","theDuelist:ExodiaHead"],"picked":"theDuelist:GateGuardian","floor":5},{"not_picked":["theDuelist:RainbowNeos","theDuelist:ExodiaLL","theDuelist:ThousandEyesIdol","theDuelist:MeteorDestruction"],"picked":"theDuelist:WhiteNinja","floor":6},{"not_picked":["theDuelist:BigFire","theDuelist:LightningVortex","theDuelist:WormWarlord","theDuelist:LightningRodLord"],"picked":"theDuelist:GaiaMidNightSun","floor":11},{"not_picked":["theDuelist:Eva","theDuelist:HappyLover","theDuelist:RainbowDarkDragon","theDuelist:QueenDragunDjinn"],"picked":"theDuelist:RainbowMagician","floor":12},{"not_picked":["theDuelist:DestroyerGolem","theDuelist:LightningDarts","theDuelist:MudragonSwamp","theDuelist:RainbowOverdragon"],"picked":"theDuelist:AttackTheMoon","floor":13},{"not_picked":["theDuelist:MeteorDestruction","theDuelist:CallAtlanteans","theDuelist:Tuningware","theDuelist:SpellShatteringArrow"],"picked":"theDuelist:Eva","floor":14}],"player_experience":93268,"relics_obtained":[{"floor":6,"key":"MawBank"},{"floor":9,"key":"theDuelist:ElectricToken"}],"event_choices":[{"damage_healed":0,"gold_gain":0,"player_choice":"Took item - Received: Millennium Prayerbook","duelist":true,"damage_taken":0,"max_hp_gain":0,"max_hp_loss":0,"event_name":"Millennium Items","floor":8,"gold_loss":0},{"damage_healed":0,"gold_gain":0,"player_choice":"Entered Light","damage_taken":18,"max_hp_gain":0,"max_hp_loss":0,"event_name":"Shining Light","floor":10,"gold_loss":0,"cards_upgraded":["theDuelist:GiantSoldier","theDuelist:BeaverWarrior"]}],"is_beta":false,"boss_relics":[],"items_purged_floors":[],"is_endless":false,"potions_floor_spawned":[3,5,11,13,16],"killed_by":"Hexaghost","ascension_level":0}}