{"host":"zi8o4akxlgxypwgb","time":1608104719,"event":{"mods":["BaseMod","Minty Spire (QoL Compilation)","Replay The Spire","StSLib","SuperFastMode"],"gold_per_floor":[109,119,61,24,24,54,67,67,93,129,151,188,200,212,224,335,347,371,397,409,346,358,400,412,435,447,409,421,421],"floor_reached":28,"playtime":5558,"items_purged":[],"score":296,"play_id":"edaf8220-4e8e-4214-8a09-cf096bc0a688","local_time":"20201216154519","is_ascension_mode":true,"campfire_choices":[{"data":"Eruption","floor":8,"key":"SMITH"},{"data":"ForeignInfluence","floor":13,"key":"SMITH"},{"data":"ForeignInfluence","floor":15,"key":"SMITH"},{"data":"Scrawl","floor":24,"key":"SMITH"}],"circlet_count":0,"master_deck":["Strike_P","Strike_P","Eruption+1","Vigilance","FlurryOfBlows","Meditate","Adaptation+1","Crescendo+1","ForeignInfluence+1","BattleHymn+1","Replay:ManipulateFuture","Wallop","Wish","ForeignInfluence+1","Steam","Ragnarok","SignatureMove+1","Replay:ManipulateFuture","Pray","Scrawl+1","Regret","Replay:Hum","ThirdEye","Pain"],"relics":["PureWater","NeowsBlessing","Frozen Egg 2","MawBank","Odd Mushroom","Peace Pipe","Cursed Key","Boot","The Courier","Prayer Wheel"],"acts_visited":["Exordium","TheCity"],"potions_floor_usage":[],"damage_taken":[{"damage":0,"enemies":"Cultist","floor":1,"turns":1},{"damage":0,"enemies":"2 Louse","floor":2,"turns":1},{"damage":0,"enemies":"Lagavulin","floor":6,"turns":1},{"damage":0,"enemies":"Small Slimes","floor":7,"turns":3},{"damage":23,"enemies":"The Mushroom Lair","floor":10,"turns":3},{"damage":6,"enemies":"Exordium Wildlife","floor":11,"turns":2},{"damage":10,"enemies":"Gremlin Nob","floor":12,"turns":3},{"damage":8,"enemies":"Hexaghost","floor":16,"turns":6},{"damage":8,"enemies":"Shell Parasite","floor":18,"turns":3},{"damage":24,"enemies":"Chosen","floor":19,"turns":3},{"damage":6,"enemies":"Book of Stabbing","floor":23,"turns":3},{"damage":16,"enemies":"Centurion and Healer","floor":25,"turns":3},{"damage":29,"enemies":"Slavers","floor":28,"turns":1}],"seed_played":"6693960606843297109","potions_obtained":[{"floor":2,"key":"BlessingOfTheForge"},{"floor":6,"key":"Regen Potion"},{"floor":11,"key":"StancePotion"}],"is_trial":false,"path_per_floor":["M","M","$","$","?","E","M","R","T","?","M","E","R","?","R","B",null,"M","M","?","?","T","E","R","M","T","?","E"],"character_chosen":"WATCHER","items_purchased":["Adaptation+1","Crescendo+1"],"campfire_rested":0,"item_purchase_floors":[3,4],"current_hp_per_floor":[72,72,72,72,72,72,72,72,72,49,43,33,33,33,33,25,72,64,40,40,40,40,34,34,18,18,18,0,0],"gold":421,"neow_bonus":"THREE_ENEMY_KILL","is_daily":false,"chose_seed":false,"campfire_upgraded":4,"win_rate":0.0,"timestamp":1608104719,"path_taken":["M","M","?","$","?","E","?","R","T","?","M","E","R","?","R","BOSS","M","M","?","?","?","E","R","?","T","?","E"],"items_purchased_type":["Card","Card"],"build_version":"2020-12-13","purchased_purges":0,"victory":false,"max_hp_per_floor":[72,72,72,72,72,72,72,72,72,72,72,72,72,72,72,72,72,72,72,72,72,72,72,72,72,72,72,72,72],"card_choices":[{"not_picked":["Consecrate","Adaptation"],"picked":"FlurryOfBlows","floor":1},{"not_picked":["ClearTheMind","WaveOfTheHand"],"picked":"Meditate","floor":2},{"not_picked":["EmptyFist","Evaluate"],"picked":"ForeignInfluence","floor":6},{"not_picked":["Crescendo","SignatureMove"],"picked":"BattleHymn+1","floor":7},{"not_picked":["EmptyFist","LikeWater+1"],"picked":"Replay:ManipulateFuture","floor":10},{"not_picked":["Halt","SpiritShield"],"picked":"Wallop","floor":11},{"not_picked":["FollowUp","Replay:BluntJabs"],"picked":"Wish","floor":12},{"not_picked":["Replay:LoomingThreat+1","Brilliance"],"picked":"Ragnarok","floor":16},{"not_picked":["FlurryOfBlows","JustLucky"],"picked":"SignatureMove+1","floor":18},{"not_picked":["Perseverance","Replay:AtTheReady"],"picked":"Replay:ManipulateFuture","floor":19},{"not_picked":["PathToVictory+1","Replay:ManipulateFuture"],"picked":"Replay:Hum","floor":23},{"not_picked":["Pray","WreathOfFlame"],"picked":"ThirdEye","floor":25}],"player_experience":330890,"relics_obtained":[{"floor":6,"key":"Frozen Egg 2"},{"floor":9,"key":"MawBank"},{"floor":10,"key":"Odd Mushroom"},{"floor":12,"key":"Peace Pipe"},{"floor":22,"key":"Boot"},{"floor":23,"key":"The Courier"},{"floor":26,"key":"Prayer Wheel"}],"event_choices":[{"cards_removed":["Defend_P"],"damage_healed":0,"gold_gain":0,"player_choice":"Purged","damage_taken":0,"max_hp_gain":0,"max_hp_loss":0,"event_name":"Purifier","floor":5,"gold_loss":0},{"damage_healed":0,"gold_gain":0,"player_choice":"Fought Mushrooms","damage_taken":0,"max_hp_gain":0,"max_hp_loss":0,"event_name":"Mushrooms","floor":10,"gold_loss":0},{"damage_healed":0,"gold_gain":0,"cards_transformed":["Defend_P","Strike_P"],"player_choice":"Became Test Subject","damage_taken":0,"max_hp_gain":0,"max_hp_loss":0,"event_name":"Drug Dealer","floor":20,"gold_loss":0,"cards_obtained":["Pray","Scrawl"]},{"cards_removed":["Defend_P"],"damage_healed":0,"gold_gain":0,"player_choice":"Gave Gold","damage_taken":0,"max_hp_gain":0,"max_hp_loss":0,"event_name":"Beggar","floor":21,"gold_loss":75},{"damage_healed":0,"gold_gain":0,"player_choice":"Bet on Murderer","damage_taken":0,"max_hp_gain":0,"max_hp_loss":0,"event_name":"The Joust","floor":27,"gold_loss":50}],"is_beta":false,"boss_relics":[{"not_picked":["Runic Pyramid","Black Star"],"picked":"Cursed Key"}],"items_purged_floors":[],"is_endless":false,"potions_floor_spawned":[2,6,11,19],"killed_by":"Slavers","ascension_level":2}}