{"host":"l8lkgdumzpe3823a","time":1608156447,"event":{"mods":["Aspiration","BaseMod","Better Note","Colored Powertips","Curses Come First","Custom Start","DeckTracker","Defuse TimeMaze Blight","Highlight Path","Hubris","Infinite Spire","Minty Spire (QoL Compilation)","Quick Restart","Replay The Spire","Shop Mod","StSLib","SuperFastMode","The Construct","The Dragon Tamer","vexMod"],"gold_per_floor":[111,127,55,55,155,155,165,165,165,9,20,53,75,118,130,238,250,181,118,134,147,69,69,69],"floor_reached":23,"playtime":871,"items_purged":["Pain"],"score":271,"play_id":"a3c71fae-0852-4ee1-aa9e-3f72fc32c582","local_time":"20201216160727","is_ascension_mode":true,"campfire_choices":[{"data":"Evolve","floor":6.0,"key":"SMITH"},{"floor":15.0,"key":"REST"}],"circlet_count":0,"master_deck":["Defend_R","Defend_R","Defend_R","Bash","Heavy Blade","Reckless Charge","Evolve+1","Fire Breathing","Spot Weakness","Wild Strike","Metallicize"],"relics":["Burning Blood","hubris:ToyBattleship","Replay:Rubber Ducky","MawBank","Anchor","Kintsugi"],"acts_visited":["Exordium","TheCity"],"potions_floor_usage":[],"damage_taken":[{"damage":12.0,"enemies":"Jaw Worm","floor":1.0,"turns":2.0},{"damage":0.0,"enemies":"2 Louse","floor":2.0,"turns":2.0},{"damage":1.0,"enemies":"Cultist","floor":7.0,"turns":4.0},{"damage":4.0,"enemies":"2 Fungi Beasts","floor":11.0,"turns":4.0},{"damage":29.0,"enemies":"Lagavulin","floor":12.0,"turns":6.0},{"damage":18.0,"enemies":"Exordium Thugs","floor":13.0,"turns":5.0},{"damage":34.0,"enemies":"Gremlin Nob","floor":14.0,"turns":5.0},{"damage":20,"enemies":"Fading Forest","floor":16,"turns":11},{"damage":48,"enemies":"3 Byrds","floor":18,"turns":5},{"damage":14,"enemies":"Shell Parasite","floor":20,"turns":4},{"damage":11,"enemies":"Snecko","floor":21,"turns":5},{"damage":52,"enemies":"Gremlin Leader","floor":23,"turns":4}],"seed_played":"-2721268548357369426","potions_obtained":[{"floor":1.0,"key":"FairyPotion"},{"floor":7.0,"key":"SteroidPotion"},{"floor":11.0,"key":"Reflective Coating"}],"is_trial":false,"path_per_floor":["M","M","$","?","?","R","M","?","T","$","M","E","M","E","R","B",null,"M","$","M","M","$","E"],"character_chosen":"IRONCLAD","items_purchased":["Evolve","Replay:Rubber Ducky","Metallicize"],"campfire_rested":1,"item_purchase_floors":[3,10,22],"current_hp_per_floor":[66,72,72,77,77,77,82,82,82,82,84,61,49,21,46,40,74,32,32,24,19,19,0,0],"gold":69,"neow_bonus":"THREE_CARDS","is_daily":false,"chose_seed":false,"campfire_upgraded":1,"win_rate":0.0,"timestamp":1608156447,"path_taken":["M","M","$","?","?","R","?","?","T","$","M","E","M","E","R","BOSS","M","$","M","M","$","E"],"items_purchased_type":["Card","Relic","Card"],"build_version":"2020-12-13","purchased_purges":1,"victory":false,"max_hp_per_floor":[80,80,80,85,85,85,85,85,85,85,85,85,85,85,85,85,85,85,85,85,85,85,85,85],"card_choices":[{"not_picked":["Flex","Anger"],"picked":"Heavy Blade","floor":0.0},{"not_picked":["Armaments","ReplayTheSpireMod:Strike From Hell","Combust"],"picked":"SKIP","floor":1.0},{"not_picked":["Blood for Blood","Searing Blow","Reckless Charge"],"picked":"SKIP","floor":2.0},{"not_picked":["Blood for Blood","Searing Blow"],"picked":"Reckless Charge","floor":2.0},{"not_picked":["Anger","Run Through"],"picked":"Fire Breathing","floor":7.0},{"not_picked":["ReplayReversal","Body Slam","Searing Blow"],"picked":"SKIP","floor":11.0},{"not_picked":["Clash","Anger","ReplayTheSpireMod:Strike From Hell"],"picked":"SKIP","floor":12.0},{"not_picked":["Havoc","Flex"],"picked":"Wild Strike","floor":13.0},{"not_picked":["Armaments","Searing Blow","ReplayTheSpireMod:Limb From Limb"],"picked":"SKIP","floor":14.0},{"not_picked":["Sever Soul+1","Hemokinesis","Seeing Red"],"picked":"SKIP","floor":18},{"not_picked":["Disarm","Evolve","Cleave"],"picked":"SKIP","floor":20},{"not_picked":["Ghostly Armor","Thunderclap+1","Run Through"],"picked":"SKIP","floor":21}],"player_experience":562468,"relics_obtained":[{"floor":9.0,"key":"hubris:ToyBattleship"},{"floor":12.0,"key":"MawBank"},{"floor":14.0,"key":"Anchor"}],"event_choices":[{"damage_healed":0.0,"max_hp_gain":5.0,"max_hp_loss":0.0,"gold_gain":0.0,"event_name":"Big Fish","player_choice":"Donut","floor":4.0,"gold_loss":0.0,"damage_taken":0.0},{"damage_healed":0.0,"max_hp_gain":0.0,"max_hp_loss":0.0,"gold_gain":100.0,"event_name":"Golden Shrine","player_choice":"Pray","floor":5.0,"gold_loss":0.0,"damage_taken":0.0},{"damage_healed":0.0,"max_hp_gain":0.0,"max_hp_loss":0.0,"gold_gain":0.0,"cards_transformed":["Strike_R"],"event_name":"Transmorgrifier","player_choice":"Transformed","floor":8.0,"gold_loss":0.0,"damage_taken":0.0,"cards_obtained":["Spot Weakness"]}],"is_beta":false,"boss_relics":[{"not_picked":["Velvet Choker","Runic Pyramid"],"picked":"Kintsugi"}],"items_purged_floors":[19],"is_endless":false,"potions_floor_spawned":[1,7,11],"killed_by":"Gremlin Leader","ascension_level":7}}