{"host":"6bsan6hkua32tfq7","time":1608112960,"event":{"mods":["BaseMod","Better Third Choice","Colored Map","Highlight Path","Minty Spire (QoL Compilation)","StSLib"],"gold_per_floor":[114,114,39,56,71,96,96,127,151,165,165,200,217,234,234,234,234],"floor_reached":16,"playtime":443,"items_purged":["Defend_G"],"score":244,"play_id":"46c6c1ee-366c-40f3-b98d-4b8497113ca5","local_time":"20201216110240","is_ascension_mode":true,"campfire_choices":[{"data":"Bouncing Flask","floor":7,"key":"SMITH"},{"floor":11,"key":"REST"},{"floor":15,"key":"REST"}],"circlet_count":0,"master_deck":["AscendersBane","Strike_G","Strike_G","Strike_G+1","Strike_G","Strike_G+1","Defend_G","Defend_G","Defend_G","Defend_G","Survivor","Neutralize","Blur","Die Die Die","Dagger Throw","Bouncing Flask","Bouncing Flask+1","Quick Slash","Deflect","Slice","Footwork"],"relics":["Ring of the Snake","Whetstone","Bronze Scales","Nunchaku","Boot","Ornamental Fan"],"acts_visited":["Exordium"],"potions_floor_usage":[6,8,16,16],"damage_taken":[{"damage":0,"enemies":"Cultist","floor":1,"turns":4},{"damage":0,"enemies":"2 Louse","floor":4,"turns":2},{"damage":0,"enemies":"Jaw Worm","floor":5,"turns":3},{"damage":23,"enemies":"Lagavulin","floor":6,"turns":7},{"damage":20,"enemies":"3 Sentries","floor":8,"turns":5},{"damage":4,"enemies":"Blue Slaver","floor":10,"turns":4},{"damage":13,"enemies":"Lagavulin","floor":12,"turns":5},{"damage":10,"enemies":"Exordium Thugs","floor":13,"turns":4},{"damage":0,"enemies":"Looter","floor":14,"turns":2},{"damage":27,"enemies":"Slime Boss","floor":16,"turns":7}],"seed_played":"7408715315452044541","potions_obtained":[{"floor":1,"key":"CunningPotion"},{"floor":5,"key":"BlessingOfTheForge"},{"floor":6,"key":"Weak Potion"},{"floor":13,"key":"Explosive Potion"},{"floor":14,"key":"Strength Potion"}],"is_trial":false,"path_per_floor":["M","?","$","M","M","E","R","E","T","M","R","E","M","M","R","B"],"character_chosen":"THE_SILENT","items_purchased":[],"campfire_rested":2,"item_purchase_floors":[],"current_hp_per_floor":[59,59,59,59,59,36,36,16,16,12,31,18,8,8,27,0,0],"gold":234,"neow_bonus":"RANDOM_COMMON_RELIC","is_daily":false,"chose_seed":false,"campfire_upgraded":1,"win_rate":0.0,"timestamp":1608112960,"path_taken":["M","?","?","M","?","E","R","E","T","M","R","E","M","M","R","BOSS"],"items_purchased_type":[],"build_version":"2020-12-13","purchased_purges":1,"victory":false,"max_hp_per_floor":[66,66,66,66,66,66,66,66,66,66,66,66,66,66,66,66,66],"card_choices":[{"not_picked":["PiercingWail","Catalyst"],"picked":"Blur","floor":1},{"not_picked":["Prepared","Flechettes"],"picked":"Dagger Throw","floor":4},{"not_picked":["Leg Sweep","Bane"],"picked":"Bouncing Flask","floor":5},{"not_picked":["Bane","Setup"],"picked":"Bouncing Flask","floor":6},{"not_picked":["Finisher","Concentrate"],"picked":"Quick Slash","floor":8},{"not_picked":["Finisher","Prepared"],"picked":"Deflect","floor":10},{"not_picked":["Underhanded Strike","Acrobatics","Flying Knee"],"picked":"SKIP","floor":12},{"not_picked":["Dodge and Roll","Caltrops"],"picked":"Slice","floor":13},{"not_picked":["Acrobatics","Tactician"],"picked":"Footwork","floor":14}],"player_experience":5181334,"relics_obtained":[{"floor":6,"key":"Bronze Scales"},{"floor":8,"key":"Nunchaku"},{"floor":9,"key":"Boot"},{"floor":12,"key":"Ornamental Fan"}],"event_choices":[{"damage_healed":0,"gold_gain":0,"player_choice":"1 cards matched","damage_taken":0,"max_hp_gain":0,"max_hp_loss":0,"event_name":"Match and Keep!","floor":2,"gold_loss":0,"cards_obtained":["Die Die Die"]}],"is_beta":false,"boss_relics":[],"items_purged_floors":[3],"is_endless":false,"potions_floor_spawned":[1,5,6,13,14],"killed_by":"Slime Boss","ascension_level":20}}