{"host":"mi0eibewekhugwl1","time":1608129846,"event":{"mods":["AchievementEnabler","BaseMod","Colored Map","Colored Powertips","DeckTracker","Keyboard Shortcuts","Minty Spire (QoL Compilation)","Quick Restart","Rare Cards Sparkle","Relic Stats","StSLib","SuperFastMode","everything is the same but u backflip on backflip"],"gold_per_floor":[110,130,144,158,158,184,184,198,198,198,217,14,14,24,24,98,98,108,123,173,12,32,32,66,66,66],"floor_reached":25,"playtime":486,"items_purged":["Strike_R","Strike_R"],"score":450,"play_id":"4b49e4a7-a170-4bf8-a8aa-08d8fc955312","local_time":"20201216234406","is_ascension_mode":true,"campfire_choices":[{"floor":13,"key":"REST"},{"data":"Evolve","floor":15,"key":"SMITH"},{"floor":23,"key":"REST"}],"circlet_count":0,"master_deck":["AscendersBane","Strike_R+1","Strike_R","Strike_R","Defend_R","Defend_R","Defend_R","Defend_R","Bash+1","Sword Boomerang","Second Wind","Twin Strike","Immolate+1","Pommel Strike+1","Evolve+1","Power Through+1","Fiend Fire","Dark Embrace","Fire Breathing+1","True Grit+1","Battle Trance+1","Rage+1"],"relics":["Burning Blood","Kunai","Toxic Egg 2","Membership Card","Cursed Key","Whetstone","The Courier"],"acts_visited":["TheCity"],"potions_floor_usage":[6,11,16,16,16,24,25],"damage_taken":[{"damage":2,"enemies":"Jaw Worm","floor":1,"turns":3},{"damage":12,"enemies":"Small Slimes","floor":2,"turns":4},{"damage":10,"enemies":"2 Louse","floor":3,"turns":3},{"damage":12,"enemies":"Looter","floor":4,"turns":4},{"damage":45,"enemies":"Lagavulin","floor":6,"turns":7},{"damage":12,"enemies":"Exordium Thugs","floor":8,"turns":3},{"damage":1,"enemies":"Large Slime","floor":11,"turns":5},{"damage":10,"enemies":"3 Louse","floor":14,"turns":3},{"damage":38,"enemies":"Slime Boss","floor":16,"turns":8},{"damage":21,"enemies":"3 Byrds","floor":18,"turns":5},{"damage":12,"enemies":"Chosen","floor":19,"turns":4},{"damage":22,"enemies":"Centurion and Healer","floor":22,"turns":5},{"damage":48,"enemies":"Book of Stabbing","floor":24,"turns":5},{"damage":14,"enemies":"Cultist and Chosen","floor":25,"turns":3}],"seed_played":"-6016135500869437722","potions_obtained":[{"floor":1,"key":"ColorlessPotion"},{"floor":6,"key":"Swift Potion"},{"floor":11,"key":"EntropicBrew"},{"floor":14,"key":"LiquidMemories"},{"floor":19,"key":"Fire Potion"},{"floor":24,"key":"Energy Potion"}],"is_trial":false,"path_per_floor":["M","M","M","M","?","E","?","M","T","?","M","$","R","M","R","B",null,"M","M","?","$","M","R","E","M"],"character_chosen":"IRONCLAD","items_purchased":["Membership Card","True Grit+1","Whetstone"],"campfire_rested":2,"item_purchase_floors":[12,21,21],"current_hp_per_floor":[72,66,62,56,61,22,22,16,16,16,21,21,45,41,41,9,62,47,41,41,41,25,49,7,0,0],"gold":66,"neow_bonus":"UPGRADE_CARD","is_daily":false,"chose_seed":false,"campfire_upgraded":1,"win_rate":0.0,"timestamp":1608129846,"path_taken":["M","M","M","M","?","E","?","?","T","?","M","$","R","M","R","BOSS","M","M","?","$","M","R","E","M"],"items_purchased_type":["Relic","Card","Relic"],"build_version":"2020-12-13","purchased_purges":2,"victory":false,"max_hp_per_floor":[75,75,75,75,80,80,80,80,80,80,80,80,80,80,80,80,80,80,80,80,80,80,80,80,80,80],"relic_stats":{"counters":[14,62],"Kunai":[8],"Whetstone":["Strike_R","Pommel Strike"],"Cursed Key":0,"obtain_stats":[{"The Courier":24,"Kunai":6,"Membership Card":12,"Whetstone":21,"Toxic Egg 2":9,"Cursed Key":17,"Burning Blood":0},{"The Courier":13,"Kunai":5,"Membership Card":7,"Whetstone":11,"Toxic Egg 2":6,"Cursed Key":9,"Burning Blood":0},{"The Courier":59,"Kunai":21,"Membership Card":29,"Whetstone":49,"Toxic Egg 2":24,"Cursed Key":40,"Burning Blood":0}],"Burning Blood":78},"card_choices":[{"not_picked":["Metallicize","Clothesline"],"picked":"Sword Boomerang","floor":1},{"not_picked":["Heavy Blade","Headbutt","Sword Boomerang"],"picked":"SKIP","floor":2},{"not_picked":["Perfected Strike","Flex"],"picked":"Second Wind","floor":3},{"not_picked":["Infernal Blade","Ghostly Armor"],"picked":"Twin Strike","floor":4},{"not_picked":["Sentinel","Warcry"],"picked":"Immolate","floor":6},{"not_picked":["Flex","Thunderclap"],"picked":"Pommel Strike","floor":8},{"not_picked":["Clothesline","Metallicize"],"picked":"Evolve","floor":11},{"not_picked":["Battle Trance+1","Brutality"],"picked":"Power Through+1","floor":14},{"not_picked":["Demon Form","Juggernaut"],"picked":"Fiend Fire","floor":16},{"not_picked":["Armaments+1","Entrench+1"],"picked":"Dark Embrace","floor":18},{"not_picked":["Spot Weakness+1","Twin Strike"],"picked":"Fire Breathing+1","floor":19},{"not_picked":["Pommel Strike","Sever Soul"],"picked":"Battle Trance+1","floor":22},{"not_picked":["Dual Wield+1","Pommel Strike"],"picked":"Rage+1","floor":24}],"player_experience":1676239,"relics_obtained":[{"floor":6,"key":"Kunai"},{"floor":9,"key":"Toxic Egg 2"},{"floor":24,"key":"The Courier"}],"event_choices":[{"damage_healed":0,"gold_gain":0,"player_choice":"Donut","damage_taken":0,"max_hp_gain":5,"max_hp_loss":0,"event_name":"Big Fish","floor":5,"gold_loss":0},{"damage_healed":0,"gold_gain":0,"player_choice":"Ignored","damage_taken":0,"max_hp_gain":0,"max_hp_loss":0,"event_name":"Shining Light","floor":7,"gold_loss":0},{"damage_healed":0,"gold_gain":0,"player_choice":"Grow","damage_taken":0,"max_hp_gain":0,"max_hp_loss":0,"event_name":"Living Wall","floor":10,"gold_loss":0,"cards_upgraded":["Immolate"]},{"damage_healed":0,"gold_gain":100,"player_choice":"Bet on Murderer","damage_taken":0,"max_hp_gain":0,"max_hp_loss":0,"event_name":"The Joust","floor":20,"gold_loss":50}],"is_beta":false,"boss_relics":[{"not_picked":["Runic Pyramid","Black Blood"],"picked":"Cursed Key"}],"items_purged_floors":[12,21],"is_endless":false,"potions_floor_spawned":[1,6,11,14,19,24],"killed_by":"Cultist and Chosen","ascension_level":20}}