{"host":"htqwg582tjjtn9p7","time":1608139402,"event":{"mods":["2.2 Compatiblity","AchievementEnabler","Act Like it!","Aspiration","BaseMod","Better Third Choice","Colored Map","Conspire","Curses Come First","Displayed Cursed Tome","Energized Spire","Force Act Four","GifTheSpireLib","Hermit","Highlight Path","JesterMod","Mad Scientist","Minty Spire (QoL Compilation)","Pale of the Ancients","Permanent Neow","Random Character Button","Relic Stats","Replay The Spire","Robot Space Explorer","Somnambulant","Spicy Shops","Spikes Relics","StSLib","Stuff the Spire","The Blue Laboratory","The Disciple","The Dragon Tamer","The Forsaken","The Gatherer","The Judge","The Jungle","The Runesmith","The Servant 0.9.4"],"gold_per_floor":[115,131,101,117,117,117,142,160,235,12,47,47,21,73,73,178,178,192,192,192,208,104,104,134,134,134,134,154,10,35,50,50,145,145,155,155,155,167,167,199,199,232,309,309,341,351,19,39,39,39,55,70,70,138,138,151,151,13,13,13],"floor_reached":61,"playtime":2548,"items_purged":["RobotSpaceExplorer:Strike","RobotSpaceExplorer:Strike"],"score":2137,"play_id":"a77bf429-6a70-4cb6-ad59-3a8a5bf63b02","local_time":"20201216182322","is_ascension_mode":true,"campfire_choices":[{"data":"RobotSpaceExplorer:MiniLasers","floor":6,"key":"SMITH"},{"floor":12,"key":"REST"},{"data":"RobotSpaceExplorer:Pulsar","floor":15,"key":"SMITH"},{"data":"RobotSpaceExplorer:Pulsar","floor":23,"key":"SMITH"},{"floor":25,"key":"REST"},{"data":"RobotSpaceExplorer:TrailblazerForm","floor":27,"key":"SMITH"},{"data":"StuffTheSpire:Vigor","floor":32,"key":"SMITH"},{"data":"RobotSpaceExplorer:StarLightning","floor":41,"key":"SMITH"},{"data":"RobotSpaceExplorer:Accelerator","floor":44,"key":"SMITH"},{"data":"RobotSpaceExplorer:StarLightning","floor":55,"key":"SMITH"},{"data":"Madness","floor":57,"key":"SMITH"}],"circlet_count":0,"master_deck":["RobotSpaceExplorer:Strike","RobotSpaceExplorer:Strike","RobotSpaceExplorer:Defend","RobotSpaceExplorer:Defend","RobotSpaceExplorer:Defend","RobotSpaceExplorer:Scan","RobotSpaceExplorer:MiniLasers+1","RobotSpaceExplorer:JunkDive","RobotSpaceExplorer:DualCore","RobotSpaceExplorer:GlueShot","RobotSpaceExplorer:StarLightning+1","RobotSpaceExplorer:ScrapToss+1","RobotSpaceExplorer:Probe","RobotSpaceExplorer:StarLightning+1","RobotSpaceExplorer:Pulsar+1","RobotSpaceExplorer:TrailblazerForm+1","RobotSpaceExplorer:Pulsar+1","RobotSpaceExplorer:MiniDrones","StuffTheSpire:Vigor+1","RobotSpaceExplorer:StarLightning+1","RobotSpaceExplorer:MiniDrones","RobotSpaceExplorer:Comet","Madness+1","Madness","RobotSpaceExplorer:ScrapToss+1","StuffTheSpire:Innocence","RobotSpaceExplorer:Accelerator+1","RobotSpaceExplorer:ScrapMissile","RobotSpaceExplorer:Probe","RobotSpaceExplorer:MiniDrones+1","RobotSpaceExplorer:Probe","RobotSpaceExplorer:DualCore"],"relics":["RobotSpaceExplorer:RoboCore","aspiration:Nostalgia","Burning Blood","Darkstone Periapt","Bottled Flame","Centennial Puzzle","Black Star","RobotSpaceExplorer:FoglandsKnife","Dream Catcher","ZombieTooth","Bag of Preparation","Membership Card","RobotSpaceExplorer:ClockworkSextant","Replay:Ringing Soul","aspiration:PoetsPen_weak","Thread and Needle","Pondfish Scales","Oddly Smooth Stone","BlackRope","aspiration:FrozenJewel","The Courier","Unceasing Top","ReplayTheSpireMod:Ninjato","Replay:Baseball","Runesmith:AutoHammer","theForsaken:Lifeblossom","paleoftheancients:Timepiece","Coffee Dripper","CultistMask","paleoftheancients:SoulOfTheWokeBloke","InkBottle","Iron Hammer","Ornamental Fan"],"acts_visited":["Exordium","TheCity","TheBeyond","TheBeyond"],"potions_floor_usage":[11,40,60],"damage_taken":[{"damage":0,"enemies":"conspire:RoseBush","floor":1,"turns":5},{"damage":1,"enemies":"Cultist","floor":2,"turns":3},{"damage":5,"enemies":"Small Slimes","floor":4,"turns":4},{"damage":49,"enemies":"Lagavulin","floor":7,"turns":9},{"damage":1,"enemies":"Exordium Wildlife","floor":8,"turns":3},{"damage":7,"enemies":"3 Sentries","floor":11,"turns":5},{"damage":18,"enemies":"The Guardian","floor":16,"turns":11},{"damage":0,"enemies":"conspire:FuzzyDice","floor":18,"turns":7},{"damage":0,"enemies":"3 Byrds","floor":21,"turns":3},{"damage":37,"enemies":"Gremlin Leader","floor":24,"turns":9},{"damage":0,"enemies":"conspire:HollyBat","floor":28,"turns":7},{"damage":1,"enemies":"conspire:Head Lice","floor":30,"turns":6},{"damage":0,"enemies":"Cultist and Chosen","floor":31,"turns":5},{"damage":5,"enemies":"Pondfish","floor":33,"turns":12},{"damage":0,"enemies":"Orb Walker","floor":35,"turns":2},{"damage":9,"enemies":"3 Darklings","floor":38,"turns":3},{"damage":11,"enemies":"Reptomancer","floor":40,"turns":5},{"damage":0,"enemies":"R_Hoarder","floor":42,"turns":5},{"damage":11,"enemies":"Nemesis","floor":45,"turns":3},{"damage":0,"enemies":"Transient","floor":46,"turns":5},{"damage":0,"enemies":"Spire Growth","floor":48,"turns":2},{"damage":0,"enemies":"Time Eater","floor":50,"turns":11},{"damage":0,"enemies":"Time Eater","floor":51,"turns":3},{"damage":1,"enemies":"Time Eater","floor":52,"turns":3},{"damage":0,"enemies":"Time Eater","floor":56,"turns":3},{"damage":0,"enemies":"paleoftheancients:N","floor":60,"turns":6}],"seed_played":"3187635830431149748","potions_obtained":[{"floor":1,"key":"Adrenaline Potion"},{"floor":3,"key":"DuplicationPotion"},{"floor":3,"key":"blueLaboratory:ForbiddenFruitJuice"},{"floor":4,"key":"blueLaboratory:BottleOfVodka"},{"floor":11,"key":"blueLaboratory:EnragingPotion"},{"floor":28,"key":"Strength Potion"},{"floor":46,"key":"Adrenaline Potion"}],"is_trial":false,"path_per_floor":["M","M","?","M","?","R","E","M","T","$","E","R","$","T","R","B",null,"M","?","?","M","?","R","E","R","T","R","M","$","E","M","R","B",null,"M","?","?","M","?","E","R","E","T","R","E","M","$","M","R_BF","B","M","M","T","T","R","M","R","$","?","B",null],"character_chosen":"RobotSpaceExplorer","items_purchased":["RobotSpaceExplorer:Probe","FairyPotion","RobotSpaceExplorer:Pulsar","Membership Card","ReplayTheSpireMod:Ninjato","Replay:Baseball","Runesmith:AutoHammer","theForsaken:Lifeblossom","Ornamental Fan","RobotSpaceExplorer:Probe","RobotSpaceExplorer:DualCore"],"campfire_rested":2,"item_purchase_floors":[10,10,13,29,47,47,47,47,58,58,58],"current_hp_per_floor":[75,75,75,75,68,68,25,30,30,30,29,51,51,51,51,39,75,75,75,75,75,75,75,44,66,66,66,72,72,75,75,75,78,78,78,71,71,71,74,69,69,82,82,82,80,86,86,93,93,93,96,99,99,99,99,99,99,102,102,102],"gold":13,"neow_bonus":"NOSTALGIA","is_daily":false,"chose_seed":false,"campfire_upgraded":9,"win_rate":0.0,"timestamp":1608139402,"path_taken":["M","M","?","?","?","R","E","M","T","?","E","R","$","?","R","BOSS","M","?","?","M","?","R","E","R","T","R","M","$","E","M","R","BOSS","M","?","?","M","?","E","R","E","T","R","E","M","$","?","R_BF","BOSS","M","M","?","T","R","M","R","$","?","BOSS"],"items_purchased_type":["Card","Potion","Card","Relic","Relic","Relic","Relic","Relic","Relic","Card","Card"],"build_version":"2020-12-13","purchased_purges":2,"victory":true,"max_hp_per_floor":[75,75,75,75,75,75,75,75,75,75,75,75,75,75,75,75,75,75,75,75,75,75,75,75,75,75,75,75,75,75,75,75,78,78,78,81,81,84,87,87,87,90,90,90,93,93,93,93,93,93,96,99,99,99,99,99,99,102,102,102],"relic_stats":{"Darkstone Periapt":0,"Centennial Puzzle":[23],"Dream Catcher":2,"counters":[26,140],"Ornamental Fan":[32],"Black Star":5,"Bag of Preparation":[32],"obtain_stats":[{"Darkstone Periapt":7,"RobotSpaceExplorer:ClockworkSextant":30,"theForsaken:Lifeblossom":47,"aspiration:PoetsPen_weak":34,"Bag of Preparation":26,"Boot":11,"Burning Blood":0,"Replay:Ringing Soul":30,"Centennial Puzzle":14,"Dream Catcher":24,"ZombieTooth":24,"Iron Hammer":54,"InkBottle":53,"ReplayTheSpireMod:Ninjato":47,"aspiration:Nostalgia":0,"Oddly Smooth Stone":42,"RobotSpaceExplorer:RoboCore":0,"Thread and Needle":40,"The Courier":45,"BlackRope":42,"aspiration:FrozenJewel":43,"paleoftheancients:Timepiece":50,"RobotSpaceExplorer:FoglandsKnife":19,"Bottled Flame":9,"Pondfish Scales":40,"Replay:Baseball":47,"paleoftheancients:SoulOfTheWokeBloke":51,"Ornamental Fan":58,"CultistMask":50,"Black Star":17,"Coffee Dripper":50,"Membership Card":29,"Runesmith:AutoHammer":47,"Unceasing Top":45},{"Darkstone Periapt":4,"RobotSpaceExplorer:ClockworkSextant":12,"theForsaken:Lifeblossom":20,"aspiration:PoetsPen_weak":14,"Bag of Preparation":10,"Boot":6,"Burning Blood":0,"Replay:Ringing Soul":12,"Centennial Puzzle":6,"Dream Catcher":10,"ZombieTooth":10,"Iron Hammer":24,"InkBottle":24,"ReplayTheSpireMod:Ninjato":20,"aspiration:Nostalgia":0,"Oddly Smooth Stone":18,"RobotSpaceExplorer:RoboCore":0,"Thread and Needle":17,"The Courier":19,"BlackRope":18,"aspiration:FrozenJewel":18,"paleoftheancients:Timepiece":22,"RobotSpaceExplorer:FoglandsKnife":8,"Bottled Flame":5,"Pondfish Scales":17,"Replay:Baseball":20,"paleoftheancients:SoulOfTheWokeBloke":23,"Ornamental Fan":25,"CultistMask":22,"Black Star":7,"Coffee Dripper":22,"Membership Card":11,"Runesmith:AutoHammer":20,"Unceasing Top":19},{"Darkstone Periapt":21,"RobotSpaceExplorer:ClockworkSextant":72,"theForsaken:Lifeblossom":112,"aspiration:PoetsPen_weak":89,"Bag of Preparation":59,"Boot":29,"Burning Blood":0,"Replay:Ringing Soul":72,"Centennial Puzzle":29,"Dream Catcher":59,"ZombieTooth":59,"Iron Hammer":131,"InkBottle":131,"ReplayTheSpireMod:Ninjato":112,"aspiration:Nostalgia":0,"Oddly Smooth Stone":104,"RobotSpaceExplorer:RoboCore":0,"Thread and Needle":99,"The Courier":107,"BlackRope":104,"aspiration:FrozenJewel":104,"paleoftheancients:Timepiece":125,"RobotSpaceExplorer:FoglandsKnife":47,"Bottled Flame":24,"Pondfish Scales":99,"Replay:Baseball":112,"paleoftheancients:SoulOfTheWokeBloke":128,"Ornamental Fan":134,"CultistMask":125,"Black Star":40,"Coffee Dripper":125,"Membership Card":66,"Runesmith:AutoHammer":112,"Unceasing Top":107}],"Burning Blood":86,"Unceasing Top":[1],"InkBottle":[7]},"card_choices":[{"not_picked":["RobotSpaceExplorer:ImprovisedAttack","RobotSpaceExplorer:Ammunition"],"picked":"RobotSpaceExplorer:JunkDive","floor":1},{"not_picked":["RobotSpaceExplorer:FranticSearch","RobotSpaceExplorer:StunGrenade"],"picked":"RobotSpaceExplorer:DualCore","floor":2},{"not_picked":["RobotSpaceExplorer:MetalStrike","RobotSpaceExplorer:DualCore"],"picked":"RobotSpaceExplorer:GlueShot","floor":4},{"not_picked":["RobotSpaceExplorer:Electroshield","RobotSpaceExplorer:Electropulse"],"picked":"RobotSpaceExplorer:StarLightning","floor":7},{"not_picked":["RobotSpaceExplorer:Probe","RobotSpaceExplorer:GlueShot"],"picked":"RobotSpaceExplorer:ScrapToss","floor":8},{"not_picked":["RobotSpaceExplorer:SurgingShield","RobotSpaceExplorer:SlimeMissile"],"picked":"RobotSpaceExplorer:StarLightning","floor":11},{"not_picked":["RobotSpaceExplorer:ShockMissile","RobotSpaceExplorer:Autoloader"],"picked":"RobotSpaceExplorer:TrailblazerForm","floor":16},{"not_picked":["RobotSpaceExplorer:Electropulse+1","RobotSpaceExplorer:FrostMissile"],"picked":"RobotSpaceExplorer:Pulsar","floor":18},{"not_picked":["RobotSpaceExplorer:Ammunition","RobotSpaceExplorer:GlueSpray"],"picked":"RobotSpaceExplorer:MiniDrones","floor":21},{"not_picked":["RobotSpaceExplorer:ScrapMissile","RobotSpaceExplorer:Calculate"],"picked":"RobotSpaceExplorer:StarLightning+1","floor":24},{"not_picked":["RobotSpaceExplorer:TurboDodge+1","RobotSpaceExplorer:Ammunition"],"picked":"RobotSpaceExplorer:MiniDrones","floor":28},{"not_picked":["RobotSpaceExplorer:TurboDodge","RobotSpaceExplorer:MetalStrike+1","RobotSpaceExplorer:PowerCollector"],"picked":"SKIP","floor":30},{"not_picked":["RobotSpaceExplorer:FranticSearch","RobotSpaceExplorer:SurgingShield","RobotSpaceExplorer:ImprovisedAttack+1"],"picked":"SKIP","floor":31},{"not_picked":["RobotSpaceExplorer:Asteroid","RobotSpaceExplorer:HighVoltage"],"picked":"RobotSpaceExplorer:Comet","floor":33},{"not_picked":["RobotSpaceExplorer:Reload+1","RobotSpaceExplorer:GlueShot","RobotSpaceExplorer:RigExplosive+1"],"picked":"SKIP","floor":35},{"not_picked":["RobotSpaceExplorer:Smokescreen","RobotSpaceExplorer:FranticSearch"],"picked":"RobotSpaceExplorer:ScrapToss+1","floor":38},{"not_picked":["StuffTheSpire:CelestialWarden","StuffTheSpire:Rapture"],"picked":"StuffTheSpire:Innocence","floor":39},{"not_picked":["RobotSpaceExplorer:FreezeRay","RobotSpaceExplorer:MetalStrike+1","RobotSpaceExplorer:SwiftStep+1"],"picked":"SKIP","floor":40},{"not_picked":["RobotSpaceExplorer:ImprovisedAttack+1","RobotSpaceExplorer:StunGrenade+1"],"picked":"RobotSpaceExplorer:Accelerator","floor":42},{"not_picked":["RobotSpaceExplorer:FrostMissile","RobotSpaceExplorer:ExhaustFan"],"picked":"RobotSpaceExplorer:ScrapMissile","floor":45},{"not_picked":["RobotSpaceExplorer:SlimeMissile+1","RobotSpaceExplorer:ShovelStrike","RobotSpaceExplorer:Ammunition+1"],"picked":"SKIP","floor":46},{"not_picked":["RobotSpaceExplorer:Counterblock+1","RobotSpaceExplorer:ShovelStrike+1","RobotSpaceExplorer:Electroshield+1"],"picked":"SKIP","floor":48},{"not_picked":["RobotSpaceExplorer:SwiftStep","RobotSpaceExplorer:FrostMissile"],"picked":"RobotSpaceExplorer:Probe","floor":51},{"not_picked":["RobotSpaceExplorer:SurgingShield","RobotSpaceExplorer:ShovelStrike"],"picked":"RobotSpaceExplorer:MiniDrones+1","floor":52},{"not_picked":["RobotSpaceExplorer:SwiftStep+1","RobotSpaceExplorer:BlastShield","RobotSpaceExplorer:Ammunition+1"],"picked":"SKIP","floor":56}],"player_experience":1686013,"relics_obtained":[{"floor":7,"key":"Darkstone Periapt"},{"floor":9,"key":"Bottled Flame"},{"floor":11,"key":"Boot"},{"floor":14,"key":"Centennial Puzzle"},{"floor":24,"key":"Dream Catcher"},{"floor":24,"key":"ZombieTooth"},{"floor":26,"key":"Bag of Preparation"},{"floor":30,"key":"RobotSpaceExplorer:ClockworkSextant"},{"floor":30,"key":"Replay:Ringing Soul"},{"floor":40,"key":"Thread and Needle"},{"floor":40,"key":"Pondfish Scales"},{"floor":42,"key":"Oddly Smooth Stone"},{"floor":42,"key":"BlackRope"},{"floor":43,"key":"aspiration:FrozenJewel"},{"floor":45,"key":"The Courier"},{"floor":45,"key":"Unceasing Top"},{"floor":51,"key":"paleoftheancients:SoulOfTheWokeBloke"},{"floor":53,"key":"InkBottle"},{"floor":54,"key":"Iron Hammer"}],"event_choices":[{"damage_healed":0,"gold_gain":0,"player_choice":"Bought 2 Potions","damage_taken":0,"max_hp_gain":0,"max_hp_loss":0,"event_name":"The Woman in Blue","floor":3,"gold_loss":0},{"cards_removed":["RobotSpaceExplorer:Defend"],"damage_healed":0,"gold_gain":0,"player_choice":"Card Removal","damage_taken":7,"max_hp_gain":0,"max_hp_loss":0,"event_name":"Golden Wing","floor":5,"gold_loss":0},{"damage_healed":0,"gold_gain":0,"player_choice":"Opened","damage_taken":0,"relics_obtained":["RobotSpaceExplorer:FoglandsKnife"],"max_hp_gain":0,"max_hp_loss":0,"event_name":"The Mausoleum","floor":19,"gold_loss":0},{"damage_healed":0,"gold_gain":0,"player_choice":"Ignored","damage_taken":0,"max_hp_gain":0,"max_hp_loss":0,"event_name":"Ghosts","floor":20,"gold_loss":0},{"damage_healed":0,"gold_gain":0,"player_choice":"Embrace Madness","damage_taken":10,"max_hp_gain":0,"max_hp_loss":0,"event_name":"Winding Halls","floor":36,"gold_loss":0,"cards_obtained":["Madness","Madness"]}],"is_beta":false,"boss_relics":[{"not_picked":["Ectoplasm","Sandwich"],"picked":"Black Star"},{"not_picked":["Tiny House","Snecko Eye"],"picked":"aspiration:PoetsPen_weak"}],"items_purged_floors":[10,47],"is_endless":false,"potions_floor_spawned":[1,4,8,11,28,30,31,35,38,46,48,56,60],"ascension_level":4}}