{"host":"fdq5pmhluajjrf8d","time":1608077368,"event":{"mods":["BaseMod","Minty Spire (QoL Compilation)"],"gold_per_floor":[34,34,73,90,109,109,119,174,174,174,174,237,237,254,254,254,254],"floor_reached":16,"playtime":576,"items_purged":[],"score":183,"play_id":"c5ff3b64-7dc3-480a-aec9-efa1ae18ee19","local_time":"20201215190928","is_ascension_mode":true,"campfire_choices":[{"data":"Genetic Algorithm","floor":6,"key":"SMITH"},{"floor":11,"key":"REST"},{"data":"Gash","floor":13,"key":"SMITH"},{"floor":15,"key":"REST"}],"circlet_count":0,"master_deck":["AscendersBane","Strike_B","Strike_B","Strike_B","Strike_B","Defend_B","Defend_B","Defend_B","Defend_B","Zap+1","Dualcast","HandOfGreed","Gash+1","Genetic Algorithm+1","Steam Power","Rebound","Hologram","Hyperbeam"],"relics":["Cracked Core","Matryoshka"],"acts_visited":["Exordium"],"potions_floor_usage":[7,16],"damage_taken":[{"damage":3.0,"enemies":"2 Louse","floor":1.0,"turns":3.0},{"damage":2.0,"enemies":"Jaw Worm","floor":3.0,"turns":3.0},{"damage":0.0,"enemies":"Cultist","floor":4.0,"turns":2.0},{"damage":11.0,"enemies":"Looter","floor":5.0,"turns":3.0},{"damage":23,"enemies":"Exordium Wildlife","floor":7,"turns":5},{"damage":10,"enemies":"2 Fungi Beasts","floor":8,"turns":3},{"damage":15,"enemies":"Large Slime","floor":14,"turns":3},{"damage":45,"enemies":"The Guardian","floor":16,"turns":7}],"seed_played":"-3771725764761340818","potions_obtained":[{"floor":1.0,"key":"SneckoOil"},{"floor":4.0,"key":"Block Potion"},{"floor":14,"key":"SteroidPotion"}],"is_trial":false,"path_per_floor":["M","?","M","M","M","R","M","M","T","$","R","?","R","M","R","B"],"character_chosen":"DEFECT","items_purchased":[],"campfire_rested":2,"item_purchase_floors":[],"current_hp_per_floor":[61,61,59,59,48,48,25,15,15,15,36,36,36,21,42,0,0],"gold":254,"neow_bonus":"RANDOM_COLORLESS_2","is_daily":false,"chose_seed":false,"campfire_upgraded":2,"win_rate":0.0,"timestamp":1608077368,"path_taken":["M","?","M","M","M","R","M","M","T","$","R","?","R","M","R","BOSS"],"items_purchased_type":[],"build_version":"2020-12-13","purchased_purges":0,"victory":false,"max_hp_per_floor":[71,71,71,71,71,71,71,71,71,71,71,71,71,71,71,71,71],"card_choices":[{"not_picked":["Master of Strategy","Violence"],"picked":"HandOfGreed","floor":0.0},{"not_picked":["Go for the Eyes","Self Repair"],"picked":"Gash","floor":1.0},{"not_picked":["Turbo","Cold Snap"],"picked":"Genetic Algorithm","floor":3.0},{"not_picked":["Stack","Defragment"],"picked":"Steam Power","floor":4.0},{"not_picked":["Steam","Turbo"],"picked":"Rebound","floor":5},{"not_picked":["Steam","Conserve Battery"],"picked":"Hologram","floor":7},{"not_picked":["Rip and Tear","Self Repair"],"picked":"Hyperbeam","floor":8},{"not_picked":["Barrage","Rebound","Double Energy"],"picked":"SKIP","floor":14}],"player_experience":1862440,"relics_obtained":[{"floor":9,"key":"Matryoshka"}],"event_choices":[{"damage_healed":0.0,"max_hp_gain":0.0,"max_hp_loss":0.0,"gold_gain":0.0,"event_name":"Living Wall","player_choice":"Grow","floor":2.0,"gold_loss":0.0,"damage_taken":0.0,"cards_upgraded":["Zap"]},{"damage_healed":0,"gold_gain":63,"player_choice":"Gained Gold","damage_taken":0,"max_hp_gain":0,"max_hp_loss":0,"event_name":"Golden Wing","floor":12,"gold_loss":0}],"is_beta":false,"boss_relics":[],"items_purged_floors":[],"is_endless":false,"potions_floor_spawned":[1,4,14],"killed_by":"The Guardian","ascension_level":19}}