{"host":"n4fty02wqqi95laq","time":1608116880,"event":{"mods":["BaseMod","Highlight Path","Minty Spire (QoL Compilation)","Quick Restart","Rare Cards Sparkle","StSLib"],"gold_per_floor":[115,115,125,125,148,148,223,223,295,295,316,360,360,403,403,498,498,522,208,208,208,108,108,144,164,164,39,39,39,58,73,73,169,169,189,207,232,82,103,139,139,175,175,240,280,280,280,294,294,294,294,294,294,17,52,52],"floor_reached":57,"playtime":2003,"items_purged":["Defend_P","Strike_P","Strike_P+1","Defend_P","BowlingBash+1"],"score":3182,"play_id":"58b5f90e-d717-4cc8-bc18-ac762cf5dd35","local_time":"20201216190800","is_ascension_mode":true,"campfire_choices":[{"data":"Eruption","floor":6.0,"key":"SMITH"},{"data":"CutThroughFate","floor":8.0,"key":"SMITH"},{"data":"BowlingBash","floor":13.0,"key":"SMITH"},{"data":"Adaptation","floor":15.0,"key":"SMITH"},{"data":"Vault","floor":23.0,"key":"SMITH"},{"data":"Scrawl","floor":29.0,"key":"SMITH"},{"data":"Study","floor":32.0,"key":"SMITH"},{"data":"MentalFortress","floor":41.0,"key":"SMITH"},{"floor":49.0,"key":"RECALL"},{"data":"FearNoEvil","floor":53.0,"key":"SMITH"}],"circlet_count":0,"master_deck":["AscendersBane","Defend_P","Eruption+1","Vigilance+1","CutThroughFate+1","InnerPeace","FearNoEvil+1","Adaptation+1","Vault+1","DevaForm+1","WheelKick+1","MasterReality+1","Study+1","MentalFortress+1","Scrawl+1","Adaptation+1","Panacea+1"],"relics":["PureWater","Golden Idol","Oddly Smooth Stone","PreservedInsect","Pear","Astrolabe","OrangePellets","Frozen Egg 2","Du-Vu Doll","Coffee Dripper","Orichalcum","Toxic Egg 2","White Beast Statue","Calipers","Eternal Feather","Pocketwatch"],"acts_visited":["TheCity","TheBeyond","TheEnding"],"potions_floor_usage":[56,56],"damage_taken":[{"damage":7.0,"enemies":"Small Slimes","floor":1.0,"turns":6.0},{"damage":0.0,"enemies":"Jaw Worm","floor":3.0,"turns":2.0},{"damage":0.0,"enemies":"Cultist","floor":5.0,"turns":4.0},{"damage":0.0,"enemies":"2 Fungi Beasts","floor":11.0,"turns":3.0},{"damage":0.0,"enemies":"3 Sentries","floor":12.0,"turns":2.0},{"damage":1.0,"enemies":"Lagavulin","floor":14.0,"turns":5.0},{"damage":12.0,"enemies":"Hexaghost","floor":16.0,"turns":6.0},{"damage":6.0,"enemies":"Chosen","floor":18.0,"turns":5.0},{"damage":10.0,"enemies":"Book of Stabbing","floor":24.0,"turns":2.0},{"damage":2.0,"enemies":"Shell Parasite","floor":25.0,"turns":3.0},{"damage":5.0,"enemies":"Snake Plant","floor":30.0,"turns":4.0},{"damage":0.0,"enemies":"Snecko","floor":31.0,"turns":3.0},{"damage":0.0,"enemies":"Automaton","floor":33.0,"turns":3.0},{"damage":0.0,"enemies":"Orb Walker","floor":35.0,"turns":3.0},{"damage":0.0,"enemies":"3 Darklings","floor":36.0,"turns":3.0},{"damage":0.0,"enemies":"Transient","floor":37.0,"turns":7.0},{"damage":0.0,"enemies":"Sphere and 2 Shapes","floor":39.0,"turns":5.0},{"damage":0.0,"enemies":"Reptomancer","floor":40.0,"turns":3.0},{"damage":0.0,"enemies":"Nemesis","floor":42.0,"turns":2.0},{"damage":0.0,"enemies":"2 Orb Walkers","floor":44.0,"turns":2.0},{"damage":0.0,"enemies":"Giant Head","floor":45.0,"turns":3.0},{"damage":0.0,"enemies":"Jaw Worm Horde","floor":48.0,"turns":3.0},{"damage":18.0,"enemies":"Donu and Deca","floor":50.0,"turns":3.0},{"damage":0.0,"enemies":"Awakened One","floor":51.0,"turns":3.0},{"damage":0.0,"enemies":"Shield and Spear","floor":55.0,"turns":1.0},{"damage":40,"enemies":"The Heart","floor":56,"turns":7}],"seed_played":"-4602800267413832889","potions_obtained":[{"floor":1.0,"key":"LiquidMemories"},{"floor":3.0,"key":"Ancient Potion"},{"floor":16.0,"key":"Fire Potion"},{"floor":18.0,"key":"Ambrosia"},{"floor":24.0,"key":"BlessingOfTheForge"},{"floor":25.0,"key":"StancePotion"},{"floor":48.0,"key":"Strength Potion"},{"floor":55.0,"key":"Ancient Potion"}],"is_trial":false,"path_per_floor":["M","?","M","?","M","R","?","R","T","?","M","E","R","E","R","B",null,"M","$","?","?","$","R","E","M","T","$","?","R","M","M","R","B",null,"M","M","M","$","M","E","R","E","T","?","E","?","?","M","R","B","B",null,"R","$","E","B",null],"character_chosen":"WATCHER","items_purchased":["MentalFortress","OrangePellets","Panacea+1"],"campfire_rested":0,"item_purchase_floors":[19,19,54],"current_hp_per_floor":[54,34,34,34,34,34,23,23,23,18,18,18,18,27,27,15,58,52,52,52,52,52,52,42,40,40,40,40,40,35,35,35,35,63,63,63,63,63,63,63,63,63,63,63,63,63,63,63,72,54,54,68,72,72,72,32],"gold":52,"neow_bonus":"ONE_RANDOM_RARE_CARD","is_daily":false,"chose_seed":false,"campfire_upgraded":9,"win_rate":0.0,"timestamp":1608116880,"path_taken":["M","?","M","?","M","R","?","R","T","?","M","E","R","E","R","BOSS","M","$","?","?","$","R","E","M","T","$","?","R","M","?","R","BOSS","M","M","?","$","M","E","R","E","T","?","E","?","?","M","R","BOSS","BOSS","R","$","E","BOSS"],"items_purchased_type":["Card","Relic","Card"],"build_version":"2020-12-13","purchased_purges":5,"victory":true,"max_hp_per_floor":[68,68,68,62,62,62,62,62,62,62,62,62,62,72,72,72,72,72,72,72,72,72,72,72,72,72,72,72,72,72,72,72,72,72,72,72,72,72,72,72,72,72,72,72,72,72,72,72,72,72,72,72,72,72,72,72],"card_choices":[{"not_picked":["Halt","Consecrate"],"picked":"CutThroughFate","floor":1.0},{"not_picked":["WreathOfFlame","EmptyFist"],"picked":"BowlingBash","floor":3.0},{"not_picked":["EmptyBody","ClearTheMind"],"picked":"InnerPeace","floor":5.0},{"not_picked":["JustLucky","Consecrate","BowlingBash"],"picked":"SKIP","floor":11.0},{"not_picked":["JustLucky","CarveReality"],"picked":"FearNoEvil","floor":12.0},{"not_picked":["Crescendo","MasterReality"],"picked":"Adaptation","floor":14.0},{"not_picked":["Blasphemy","Judgement"],"picked":"Vault","floor":16.0},{"not_picked":["JustLucky","Crescendo"],"picked":"Study","floor":18.0},{"not_picked":["MentalFortress+1","ThirdEye"],"picked":"Scrawl","floor":24.0},{"not_picked":["Protect","CarveReality","Prostrate"],"picked":"SKIP","floor":25.0},{"not_picked":["ReachHeaven","Swivel","EmptyFist"],"picked":"SKIP","floor":30.0},{"not_picked":["CrushJoints+1","PathToVictory","Prostrate"],"picked":"SKIP","floor":31.0},{"not_picked":["Adaptation+1","Prostrate","FollowUp+1"],"picked":"SKIP","floor":35.0},{"not_picked":["ThirdEye+1","CrushJoints","Crescendo"],"picked":"SKIP","floor":36.0},{"not_picked":["SignatureMove","SashWhip","FollowUp"],"picked":"SKIP","floor":37.0},{"not_picked":["SignatureMove","SashWhip","FollowUp"],"picked":"SKIP","floor":37.0},{"not_picked":["Crescendo+1","EmptyFist","SignatureMove+1"],"picked":"SKIP","floor":39.0},{"not_picked":["FlyingSleeves+1","SashWhip","Prostrate+1"],"picked":"SKIP","floor":40.0},{"not_picked":["FlyingSleeves+1","SashWhip","Prostrate+1"],"picked":"SKIP","floor":40.0},{"not_picked":["Crescendo+1","SashWhip","DeusExMachina+1"],"picked":"SKIP","floor":42.0},{"not_picked":["Collect+1","CrushJoints","MentalFortress+1"],"picked":"SKIP","floor":45.0},{"not_picked":["ReachHeaven","Evaluate+1","CutThroughFate"],"picked":"SKIP","floor":48.0},{"not_picked":["Wallop+1","CutThroughFate","ThirdEye+1"],"picked":"SKIP","floor":55.0}],"player_experience":613797,"relics_obtained":[{"floor":12.0,"key":"PreservedInsect"},{"floor":14.0,"key":"Pear"},{"floor":24.0,"key":"Frozen Egg 2"},{"floor":26.0,"key":"Du-Vu Doll"},{"floor":40.0,"key":"Orichalcum"},{"floor":42.0,"key":"Toxic Egg 2"},{"floor":43.0,"key":"White Beast Statue"},{"floor":44.0,"key":"Calipers"},{"floor":45.0,"key":"Eternal Feather"},{"floor":55.0,"key":"Pocketwatch"}],"event_choices":[{"damage_healed":0.0,"max_hp_gain":0.0,"max_hp_loss":0.0,"gold_gain":0.0,"event_name":"Shining Light","player_choice":"Entered Light","floor":2.0,"gold_loss":0.0,"damage_taken":20.0,"cards_upgraded":["Strike_P","Vigilance"]},{"damage_healed":0.0,"max_hp_gain":0.0,"max_hp_loss":6.0,"gold_gain":0.0,"event_name":"Golden Idol","player_choice":"Lose Max HP","floor":4.0,"gold_loss":0.0,"damage_taken":0.0,"relics_obtained":["Golden Idol"]},{"damage_healed":0.0,"max_hp_gain":0.0,"max_hp_loss":0.0,"gold_gain":75.0,"event_name":"World of Goop","player_choice":"Gather Gold","floor":7.0,"gold_loss":0.0,"damage_taken":11.0},{"damage_healed":0.0,"max_hp_gain":0.0,"max_hp_loss":0.0,"gold_gain":0.0,"event_name":"Scrap Ooze","player_choice":"Success","floor":10.0,"gold_loss":0.0,"damage_taken":5.0,"relics_obtained":["Oddly Smooth Stone"]},{"cards_removed":["Strike_P"],"damage_healed":0.0,"max_hp_gain":0.0,"max_hp_loss":0.0,"gold_gain":0.0,"event_name":"Back to Basics","player_choice":"Elegance","floor":20.0,"gold_loss":0.0,"damage_taken":0.0},{"damage_healed":0.0,"max_hp_gain":0.0,"max_hp_loss":0.0,"gold_gain":0.0,"event_name":"Vampires","player_choice":"Ignored","floor":21.0,"gold_loss":0.0,"damage_taken":0.0},{"damage_healed":0.0,"max_hp_gain":0.0,"max_hp_loss":0.0,"gold_gain":0.0,"event_name":"The Library","player_choice":"Read","floor":28.0,"gold_loss":0.0,"damage_taken":0.0,"cards_obtained":["Adaptation"]},{"damage_healed":0.0,"max_hp_gain":0.0,"max_hp_loss":0.0,"gold_gain":0.0,"event_name":"Mysterious Sphere","player_choice":"Fight","floor":44.0,"gold_loss":0.0,"damage_taken":0.0},{"damage_healed":0.0,"max_hp_gain":0.0,"max_hp_loss":0.0,"gold_gain":0.0,"event_name":"SensoryStone","player_choice":"Memory 1","floor":46.0,"gold_loss":0.0,"damage_taken":0.0},{"damage_healed":0.0,"max_hp_gain":0.0,"max_hp_loss":0.0,"gold_gain":0.0,"event_name":"SecretPortal","player_choice":"Ignored","floor":47.0,"gold_loss":0.0,"damage_taken":0.0}],"is_beta":false,"boss_relics":[{"not_picked":["Black Star","VioletLotus"],"picked":"Astrolabe"},{"not_picked":["SacredBark","Snecko Eye"],"picked":"Coffee Dripper"}],"items_purged_floors":[19,22,27,38,54],"is_endless":false,"potions_floor_spawned":[1,3,5,16,18,24,25,31,37,39,42,44,45,48,55],"ascension_level":20}}