{"host":"63yhhrjweyj22b0v","time":1608080700,"event":{"mods":["BaseMod","Minty Spire (QoL Compilation)","Quick Restart"],"gold_per_floor":[119,28,28,41,41,41,114,114,114,114,189,208,231,251,251,382,382,400,400,20,43,43,43,43,43],"floor_reached":24,"playtime":481,"items_purged":[],"score":246,"play_id":"9ed588e9-3621-4330-92a7-91045296a32b","local_time":"20201215190500","is_ascension_mode":true,"campfire_choices":[{"data":"Cold Snap","floor":6,"key":"SMITH"},{"data":"Beam Cell","floor":8,"key":"SMITH"},{"data":"Loop","floor":10,"key":"SMITH"},{"floor":15,"key":"REST"},{"floor":23,"key":"REST"}],"circlet_count":0,"master_deck":["Strike_B+1","Strike_B+1","Strike_B+1","Strike_B+1","Defend_B+1","Defend_B+1","Defend_B+1","Defend_B+1","Zap","Dualcast","Loop+1","Cold Snap+1","Streamline","Beam Cell+1","Cold Snap","Static Discharge","Creative AI","Blizzard","Self Repair","Cold Snap","Blizzard"],"relics":["Cracked Core","NeowsBlessing","Golden Idol","Unceasing Top","Bag of Marbles","Black Star","Juzu Bracelet","HandDrill","CultistMask"],"acts_visited":["Exordium","TheCity"],"potions_floor_usage":[16,16,24],"damage_taken":[{"damage":0,"enemies":"Small Slimes","floor":1,"turns":1},{"damage":0,"enemies":"Cultist","floor":4,"turns":1},{"damage":0,"enemies":"Lagavulin Event","floor":7,"turns":1},{"damage":0,"enemies":"2 Louse","floor":12,"turns":2},{"damage":14,"enemies":"Blue Slaver","floor":13,"turns":3},{"damage":21,"enemies":"Exordium Thugs","floor":14,"turns":4},{"damage":0,"enemies":"Slime Boss","floor":16,"turns":7},{"damage":50,"enemies":"Shell Parasite","floor":18,"turns":6},{"damage":16,"enemies":"3 Byrds","floor":21,"turns":5},{"damage":38,"enemies":"Book of Stabbing","floor":24,"turns":5}],"seed_played":"2807906432149197106","potions_obtained":[{"floor":12,"key":"CultistPotion"},{"floor":14,"key":"Explosive Potion"},{"floor":21,"key":"FearPotion"}],"is_trial":false,"path_per_floor":["M","$","?","M","?","R","?","R","T","R","?","M","M","M","R","B",null,"M","?","$","M","?","R","E"],"character_chosen":"DEFECT","items_purchased":["Loop","Cold Snap","Juzu Bracelet","Self Repair","HandDrill","Cold Snap"],"campfire_rested":2,"item_purchase_floors":[2,2,20,20,20,20],"current_hp_per_floor":[75,75,75,75,57,57,57,57,57,57,46,46,32,11,33,33,75,25,25,25,16,16,38,0,0],"gold":43,"neow_bonus":"THREE_ENEMY_KILL","is_daily":false,"chose_seed":false,"campfire_upgraded":3,"win_rate":0.0,"timestamp":1608080700,"path_taken":["M","$","?","?","?","R","?","R","T","R","?","?","M","M","R","BOSS","M","?","$","M","?","R","E"],"items_purchased_type":["Card","Card","Relic","Card","Relic","Card"],"build_version":"2020-12-13","purchased_purges":0,"victory":false,"max_hp_per_floor":[75,75,75,75,75,75,75,75,75,75,75,75,75,75,75,75,75,75,75,75,75,75,75,75,75],"card_choices":[{"not_picked":["Reinforced Body","Aggregate"],"picked":"Streamline","floor":1},{"not_picked":["Beam Cell","Leap"],"picked":"Streamline","floor":4},{"not_picked":["Coolheaded","Capacitor"],"picked":"Beam Cell","floor":7},{"not_picked":["Steam Power","Genetic Algorithm"],"picked":"Cold Snap","floor":12},{"not_picked":["Hologram","Conserve Battery"],"picked":"Static Discharge","floor":13},{"not_picked":["Aggregate","Rebound","Turbo"],"picked":"SKIP","floor":14},{"not_picked":["Multi-Cast","Electrodynamics"],"picked":"Creative AI","floor":16},{"not_picked":["Chaos","Coolheaded"],"picked":"Blizzard","floor":18},{"not_picked":["Barrage","Leap"],"picked":"Blizzard","floor":21}],"player_experience":592677,"relics_obtained":[{"floor":7,"key":"Unceasing Top"},{"floor":9,"key":"Bag of Marbles"}],"event_choices":[{"cards_removed":["Streamline"],"damage_healed":5,"gold_gain":0,"player_choice":"Offered Common","damage_taken":0,"max_hp_gain":0,"max_hp_loss":0,"event_name":"Bonfire Elementals","floor":3,"gold_loss":0},{"cards_removed":["Streamline"],"damage_healed":5,"gold_gain":0,"player_choice":"Offered Special","damage_taken":0,"max_hp_gain":0,"max_hp_loss":0,"event_name":"Bonfire Elementals","floor":3,"gold_loss":0},{"damage_healed":0,"gold_gain":0,"player_choice":"Take Damage","damage_taken":18,"relics_obtained":["Golden Idol"],"max_hp_gain":0,"max_hp_loss":0,"event_name":"Golden Idol","floor":5,"gold_loss":0},{"damage_healed":0,"gold_gain":0,"player_choice":"Searched \u00272\u0027 times","damage_taken":0,"max_hp_gain":0,"max_hp_loss":0,"event_name":"Dead Adventurer","floor":7,"gold_loss":0},{"damage_healed":0,"gold_gain":75,"player_choice":"Gather Gold","damage_taken":11,"max_hp_gain":0,"max_hp_loss":0,"event_name":"World of Goop","floor":11,"gold_loss":0},{"damage_healed":0,"gold_gain":0,"player_choice":"Simplicity","damage_taken":0,"max_hp_gain":0,"max_hp_loss":0,"event_name":"Back to Basics","floor":19,"gold_loss":0,"cards_upgraded":["Strike_B","Strike_B","Strike_B","Strike_B","Defend_B","Defend_B","Defend_B","Defend_B"]},{"damage_healed":0,"gold_gain":0,"player_choice":"Trade","damage_taken":0,"relics_obtained":["CultistMask"],"max_hp_gain":0,"max_hp_loss":0,"event_name":"FaceTrader","floor":22,"gold_loss":0}],"is_beta":false,"boss_relics":[{"not_picked":["Runic Dome","Calling Bell"],"picked":"Black Star"}],"items_purged_floors":[],"is_endless":false,"potions_floor_spawned":[12,14,21],"killed_by":"Book of Stabbing","ascension_level":1}}