{"host":"bux6a2l43q47o8uc","time":1608145070,"event":{"mods":["2.2 Compatiblity","AchievementEnabler","BaseMod","Colored Map","Colored Powertips","Custom Start","Duelist Mod","Friendly Minions","GifTheSpireLib","GungeonMod","Hermit","Hubris","Infinite Spire","KomeijiMod","Minty Spire (QoL Compilation)","Quick Restart","Replay The Spire","Shop Mod","Spicy Shops","StSLib","The Animator","The Necromancer","The Runesmith","[IsaacMod]????"],"gold_per_floor":[213,27,39,54,129,161,173,191,262,262,293,293,308,52,52,152,452,470,490,510,510,524,524,542,567,592,623,651,651,651,670,670,670,670],"floor_reached":33,"playtime":5412,"items_purged":["Runesmith:Defend_RS","Runesmith:Strike_RS"],"score":344,"play_id":"d05cf398-8469-461e-8055-4acbe5935574","local_time":"20201216205750","is_ascension_mode":false,"campfire_choices":[{"data":"Runesmith:CraftFirestone","floor":12,"key":"SMITH"},{"floor":15,"key":"REST"},{"data":"hubris:Fate","floor":23,"key":"SMITH"},{"data":"Runesmith:Firewall","floor":32,"key":"SMITH"}],"circlet_count":0,"master_deck":["Runesmith:Strike_RS","Runesmith:Strike_RS","Runesmith:Strike_RS","Runesmith:Defend_RS","Runesmith:Defend_RS","Runesmith:Defend_RS","Runesmith:CraftFirestone+1","Runesmith:Fortify","Runesmith:EarthShield","Runesmith:EnergizedChisel","Runesmith:GoWithTheFlow","Runesmith:Firewall+1","Hallucinations","Runesmith:RunicBlueprint","Runesmith:GrandSlam","Runesmith:HeatedChisel+1","Runesmith:CraftProtectio","hubris:Fate+1","Runesmith:ChaoticBlast","Runesmith:RuneHurl","Runesmith:HeatExchange+1","Runesmith:CraftMagma+1","hubris:DuctTapeCard","Negative_Energy_Shield"],"relics":["Runesmith:BrokenRuby","HushsDoor","MerchantsRug","infinitespire:Beetle Shell","Ring of Peace","Ring of Hypnosis","Potion Belt","hubris:DisguiseKit","hubris:Backtick","Old Coin","DeathBook","infinitespire:Golems Mask","Simple Rune","WingedGreaves","hubris:DuctTape"],"acts_visited":["Exordium","TheCity"],"potions_floor_usage":[6,18,20,20,27,31],"damage_taken":[{"damage":0,"enemies":"Cultist","floor":1,"turns":4},{"damage":0,"enemies":"2 Louse","floor":3,"turns":3},{"damage":0,"enemies":"Jaw Worm","floor":4,"turns":3},{"damage":12,"enemies":"Gremlin Nob","floor":6,"turns":5},{"damage":5,"enemies":"2 Fungi Beasts","floor":7,"turns":4},{"damage":4,"enemies":"Large Slime","floor":8,"turns":5},{"damage":35,"enemies":"3 Sentries","floor":11,"turns":9},{"damage":0,"enemies":"Red Slaver","floor":13,"turns":3},{"damage":20,"enemies":"Hexaghost","floor":16,"turns":12},{"damage":0,"enemies":"Spheric Guardian","floor":18,"turns":4},{"damage":5,"enemies":"Chosen","floor":19,"turns":8},{"damage":12,"enemies":"Centurion and Healer","floor":20,"turns":7},{"damage":5,"enemies":"Snake Plant","floor":22,"turns":7},{"damage":0,"enemies":"Shelled Parasite and Fungi","floor":24,"turns":6},{"damage":7,"enemies":"Book of Stabbing","floor":25,"turns":6},{"damage":17,"enemies":"Nightmare","floor":27,"turns":11},{"damage":32,"enemies":"Gremlin Leader","floor":28,"turns":7},{"damage":0,"enemies":"Centurion and Healer","floor":31,"turns":7},{"damage":24,"enemies":"Pondfish","floor":33,"turns":4}],"seed_played":"-8824242673286412620","potions_obtained":[{"floor":3,"key":"DistilledChaos"},{"floor":8,"key":"Energy Potion"},{"floor":13,"key":"Elixir"},{"floor":18,"key":"Swift Potion"},{"floor":25,"key":"FearPotion"},{"floor":28,"key":"Weak Potion"}],"is_trial":false,"path_per_floor":["M","$","M","M","?","E","M","M","T","?","E","R","M","$","R","B",null,"M","M","M","AVR","M","R","M","E","T","NM","E","?","?","M","R","B"],"character_chosen":"RUNESMITH_CLASS","items_purchased":["MerchantsRug","hubris:DisguiseKit"],"campfire_rested":1,"item_purchase_floors":[2,14],"current_hp_per_floor":[70,70,70,70,59,47,42,38,38,38,3,3,3,3,24,4,70,70,65,53,53,48,48,48,56,56,39,7,7,7,22,22,0,0],"gold":670,"neow_bonus":"HUNDRED_GOLD","is_daily":false,"chose_seed":false,"campfire_upgraded":3,"win_rate":0.0,"timestamp":1608145070,"path_taken":["M","$","?","M","?","E","M","M","T","?","E","R","M","?","R","BOSS","M","M","M","AVR","M","R","M","E","T","NM","E","?","?","?","R","BOSS"],"items_purchased_type":["Relic","Relic"],"build_version":"2020-12-13","purchased_purges":2,"victory":false,"max_hp_per_floor":[70,70,70,70,70,70,70,70,70,70,70,70,70,70,70,70,70,70,70,70,70,70,70,70,70,70,70,70,70,70,70,70,70,70],"card_choices":[{"not_picked":["Runesmith:HammerAndChisel","Runesmith:CraftProtectio"],"picked":"Runesmith:EarthShield","floor":1},{"not_picked":["Runesmith:EarthShield","Bomb"],"picked":"Runesmith:EnergizedChisel","floor":3},{"not_picked":["Runesmith:Superposition","Runesmith:CraftSpiculum"],"picked":"Runesmith:GoWithTheFlow","floor":4},{"not_picked":["Runesmith:CraftMagma","Runesmith:MakeshiftArmor"],"picked":"Runesmith:Firewall","floor":6},{"not_picked":["Runesmith:CraftObretio","Runesmith:Grindstone"],"picked":"Runesmith:ChiselStab","floor":7},{"not_picked":["Runesmith:CraftObretio","Runesmith:Augment"],"picked":"Runesmith:ChiselStab","floor":8},{"not_picked":["Runesmith:HammerAndChisel","Runesmith:EarthShield","Runesmith:Terraform"],"picked":"SKIP","floor":11},{"not_picked":["Runesmith:Accelerate","Runesmith:ShiftingStrike"],"picked":"Runesmith:RunicBlueprint","floor":13},{"not_picked":["Runesmith:LastStand","Runesmith:CraftMedicinae","Hellfire"],"picked":"Runesmith:GrandSlam","floor":16},{"not_picked":["Runesmith:MakeshiftArmor","Runesmith:UnstableHammer","Runesmith:Overpower","Bone_Bullets"],"picked":"SKIP","floor":18},{"not_picked":["Runesmith:CraftObretio","Runesmith:EarthShield","Bone_Shift"],"picked":"Runesmith:HeatedChisel+1","floor":19},{"not_picked":["Runesmith:StaticCage","Runesmith:HeatedChisel","Slay_Living"],"picked":"Runesmith:CraftProtectio","floor":20},{"not_picked":["Runesmith:UnstableHammer","Runesmith:ChargedHammer","Runesmith:CraftSpiculum","Chill_Blood"],"picked":"SKIP","floor":22},{"not_picked":["Runesmith:HeatExchange","Runesmith:CraftMagma","Bone_Bullets"],"picked":"Runesmith:ChaoticBlast","floor":24},{"not_picked":["Runesmith:Firewall","Runesmith:NanitesCloud","Death_March_Dance"],"picked":"Runesmith:RuneHurl","floor":25},{"not_picked":["Runesmith:CraftVitae","Runesmith:Superposition","Consume_Illness"],"picked":"Runesmith:HeatExchange+1","floor":27},{"not_picked":["Runesmith:MetallurgicalResearch","Runesmith:Grindstone","Hellfire"],"picked":"Runesmith:CraftMagma+1","floor":28},{"not_picked":["Runesmith:RunicBlueprint","Runesmith:CraftReservo","Runesmith:CraftObretio"],"picked":"Negative_Energy_Shield","floor":31}],"player_experience":319369,"relics_obtained":[{"floor":6,"key":"infinitespire:Beetle Shell"},{"floor":10,"key":"Ring of Peace"},{"floor":10,"key":"Ring of Hypnosis"},{"floor":11,"key":"Potion Belt"},{"floor":25,"key":"infinitespire:Golems Mask"},{"floor":26,"key":"Simple Rune"},{"floor":27,"key":"WingedGreaves"},{"floor":28,"key":"hubris:DuctTape"}],"event_choices":[{"damage_healed":0,"gold_gain":75,"player_choice":"Gather Gold","damage_taken":11,"max_hp_gain":0,"max_hp_loss":0,"event_name":"World of Goop","floor":5,"gold_loss":0},{"damage_healed":0,"gold_gain":0,"player_choice":"Ignored","damage_taken":0,"max_hp_gain":0,"max_hp_loss":0,"event_name":"Vampires","floor":30,"gold_loss":0}],"is_beta":false,"boss_relics":[{"not_picked":["hubris:CrackedHourglass","hubris:GrandSneckoEye"],"picked":"hubris:Backtick"},{"not_picked":[]}],"items_purged_floors":[2,21],"is_endless":true,"potions_floor_spawned":[3,8,13,18,25,28],"killed_by":"Pondfish","ascension_level":0}}