{"host":"nox","time":1608129997,"event":{"mods":["BaseMod","Colored Powertips","Minty Spire (QoL Compilation)","Quick Restart","Replay The Spire","StSLib"],"gold_per_floor":[123,135,159,188,211,223,267,296,308,351,363,375,348,374,374,469,569,581,598,598,609,624,624,658,658,684,713,728,753,753,753,753,857,857,868,880,893,655,672,672,672,706,706,653,667,667,700,713,713,713,713,713,568,603,603],"floor_reached":56,"playtime":3579,"items_purged":[],"score":2012,"play_id":"7076473c-bdcb-4a1d-b2c4-24bf01015f0a","local_time":"20201216214637","is_ascension_mode":true,"campfire_choices":[{"data":"Berserk","floor":6.0,"key":"SMITH"},{"floor":12.0,"key":"RECALL"},{"data":"Bash","floor":15.0,"key":"SMITH"},{"data":"Juggernaut","floor":23.0,"key":"SMITH"},{"data":"Demon Form","floor":25.0,"key":"SMITH"},{"floor":30.0,"key":"REST"},{"floor":40.0,"key":"REST"},{"floor":52,"key":"REST"}],"circlet_count":0,"master_deck":["Strike_R","Strike_R","Strike_R","Strike_R","Strike_R","Defend_R+1","Defend_R+1","Defend_R+1","Defend_R+1","Bash+1","CurseOfTheBell","Armaments+1","True Grit+1","Berserk+1","Shrug It Off+1","Entrench+1","Shrug It Off+1","Juggernaut+1","Entrench+1","Demon Form+1","Impervious+1","Battle Trance+1","Power Through+1","Burning Pact+1","Sentinel+1","Impervious+1","Battle Trance+1","True Grit+1","Feel No Pain+1","Specialist"],"relics":["Calling Bell","MawBank","Toxic Egg 2","Calipers","Letter Opener","Replay:Bottled Eggs","Replay:WaspNest","Quantum Egg","Replay:Wanted Poster","Pantograph","Dream Catcher","White Beast Statue","Centennial Puzzle","Busted Crown","Matryoshka","Anchor","King of Hearts","Replay:Bottled Flurry","Bag of Preparation"],"acts_visited":["Exordium","TheCity","TheBeyond","TheEnding"],"potions_floor_usage":[55,55],"damage_taken":[{"damage":0.0,"enemies":"Small Slimes","floor":1.0,"turns":3.0},{"damage":3.0,"enemies":"Cultist","floor":3.0,"turns":4.0},{"damage":2.0,"enemies":"Jaw Worm","floor":4.0,"turns":4.0},{"damage":0.0,"enemies":"Large Slime","floor":5.0,"turns":4.0},{"damage":7.0,"enemies":"Lagavulin","floor":7.0,"turns":6.0},{"damage":10.0,"enemies":"Gremlin Gang","floor":8.0,"turns":6.0},{"damage":22.0,"enemies":"3 Sentries","floor":10.0,"turns":14.0},{"damage":4.0,"enemies":"Lagavulin","floor":14.0,"turns":9.0},{"damage":84.0,"enemies":"Slime Boss","floor":16.0,"turns":14.0},{"damage":6.0,"enemies":"3 Byrds","floor":18.0,"turns":4.0},{"damage":0.0,"enemies":"Spheric Guardian","floor":19.0,"turns":6.0},{"damage":24.0,"enemies":"Cultist and Chosen","floor":21.0,"turns":9.0},{"damage":2.0,"enemies":"Centurion and Healer","floor":22.0,"turns":10.0},{"damage":5.0,"enemies":"Book of Stabbing","floor":24.0,"turns":7.0},{"damage":32.0,"enemies":"Slavers","floor":27.0,"turns":8.0},{"damage":12.0,"enemies":"Shelled Parasite and Fungi","floor":28.0,"turns":10.0},{"damage":0.0,"enemies":"Book of Stabbing","floor":29.0,"turns":7.0},{"damage":0.0,"enemies":"Champ","floor":33.0,"turns":11.0},{"damage":0.0,"enemies":"Orb Walker","floor":35.0,"turns":7.0},{"damage":0.0,"enemies":"3 Darklings","floor":36.0,"turns":5.0},{"damage":20.0,"enemies":"Jaw Worm Horde","floor":37.0,"turns":5.0},{"damage":0.0,"enemies":"Spire Growth","floor":39.0,"turns":6.0},{"damage":3.0,"enemies":"R_Hoarder","floor":42.0,"turns":6.0},{"damage":0.0,"enemies":"Sphere and 2 Shapes","floor":45.0,"turns":7.0},{"damage":0,"enemies":"Reptomancer","floor":47,"turns":7},{"damage":0,"enemies":"4 Shapes","floor":48,"turns":8},{"damage":0,"enemies":"Donu and Deca","floor":50,"turns":12},{"damage":0,"enemies":"Shield and Spear","floor":54,"turns":11},{"damage":0,"enemies":"The Heart","floor":55,"turns":11}],"seed_played":"-6007303173761554087","potions_obtained":[{"floor":1.0,"key":"EssenceOfSteel"},{"floor":8.0,"key":"EssenceOfSteel"},{"floor":10.0,"key":"BloodPotion"},{"floor":28.0,"key":"AttackPotion"},{"floor":29.0,"key":"Elixir"},{"floor":33.0,"key":"SteroidPotion"},{"floor":35.0,"key":"FairyPotion"}],"is_trial":false,"path_per_floor":["M","?","M","M","M","R","E","M","T","E","?","R","$","E","R","B",null,"M","M","?","M","M","R","E","R","T","E","M","E","R","?","R","B",null,"M","M","M","$","M","R","?","E","T","$","M","?","E","M","R","B",null,"R","$","E","B",null],"character_chosen":"IRONCLAD","items_purchased":["ReplayTheSpireMod:Strike From Hell+1","Matryoshka","True Grit+1","Bag of Preparation"],"campfire_rested":3,"item_purchase_floors":[13,38,44,53],"current_hp_per_floor":[72,72,69,67,67,67,60,50,50,28,90,90,90,86,86,2,68,62,62,62,38,36,36,49,49,49,17,5,5,32,20,47,72,86,86,86,66,66,66,90,90,87,87,87,87,87,87,87,77,90,90,90,90,90,90],"gold":603,"neow_bonus":"BOSS_RELIC","is_daily":false,"chose_seed":false,"campfire_upgraded":4,"win_rate":0.0,"timestamp":1608129997,"path_taken":["M","?","?","M","M","R","E","M","T","E","?","R","?","E","R","BOSS","M","M","?","M","M","R","E","R","T","E","M","E","R","?","R","BOSS","M","M","M","$","?","R","?","E","T","$","M","?","E","M","R","BOSS","R","$","E","BOSS"],"items_purchased_type":["Card","Relic","Card","Relic"],"build_version":"2020-11-17","purchased_purges":0,"victory":true,"max_hp_per_floor":[80,80,80,80,80,80,80,80,80,80,90,90,90,90,90,90,90,90,90,90,90,90,90,90,90,90,90,90,90,90,90,90,90,90,90,90,90,90,90,90,90,90,90,90,90,90,90,90,90,90,90,90,90,90,90],"card_choices":[{"not_picked":["Clash","ReplayTheSpireMod:Strike From Hell"],"picked":"Armaments+1","floor":1.0},{"not_picked":["Body Slam","Replay:Undeath\u0027s Touch"],"picked":"True Grit+1","floor":3.0},{"not_picked":["Headbutt","Run Through"],"picked":"Berserk","floor":4.0},{"not_picked":["Twin Strike","Sever Soul"],"picked":"Shrug It Off+1","floor":5.0},{"not_picked":["Headbutt","Burning Pact+1"],"picked":"Entrench+1","floor":7.0},{"not_picked":["Whirlwind","Warcry+1"],"picked":"Shrug It Off+1","floor":8.0},{"not_picked":["ReplayTheSpireMod:Strike From Hell","Perfected Strike"],"picked":"Demonic Infusion+1","floor":10.0},{"not_picked":["Limit Break+1","Sword Boomerang","Wild Strike"],"picked":"SKIP","floor":14.0},{"not_picked":["Bludgeon","Eclipse+1"],"picked":"Juggernaut","floor":16.0},{"not_picked":["Anger","Warcry+1"],"picked":"Entrench+1","floor":18.0},{"not_picked":["Sword Boomerang","Replay:Undeath\u0027s Touch+1","Havoc+1"],"picked":"SKIP","floor":19.0},{"not_picked":["Twin Strike","Searing Blow+1","Cleave"],"picked":"SKIP","floor":21.0},{"not_picked":["Pommel Strike","ReplayTheSpireMod:LeadingStrike","Heavy Blade"],"picked":"SKIP","floor":22.0},{"not_picked":["Iron Wave","Sword Boomerang"],"picked":"Demon Form","floor":24.0},{"not_picked":["Pummel+1","Anger+1"],"picked":"Impervious+1","floor":27.0},{"not_picked":["Perfected Strike","Shrug It Off+1"],"picked":"Battle Trance+1","floor":28.0},{"not_picked":["Infernal Blade+1","Twin Strike"],"picked":"Power Through+1","floor":29.0},{"not_picked":["Bloodletting+1","Pommel Strike"],"picked":"Burning Pact+1","floor":30.0},{"not_picked":["Evolve","Searing Blow"],"picked":"Sentinel+1","floor":32.0},{"not_picked":["Hemogenesis","Fiend Fire"],"picked":"Impervious+1","floor":33.0},{"not_picked":[],"picked":"Battle Trance+1","floor":35.0},{"not_picked":["Dropkick+1"],"picked":"SKIP","floor":36.0},{"not_picked":["Flex+1"],"picked":"SKIP","floor":37.0},{"not_picked":["Whirlwind+1"],"picked":"SKIP","floor":39.0},{"not_picked":["Spot Weakness+1"],"picked":"SKIP","floor":42.0},{"not_picked":["Replay:Undeath\u0027s Touch"],"picked":"SKIP","floor":45.0},{"not_picked":["Run Through+1"],"picked":"SKIP","floor":47},{"not_picked":[],"picked":"Feel No Pain+1","floor":48},{"not_picked":[],"picked":"Specialist","floor":49},{"not_picked":["Cleave+1"],"picked":"SKIP","floor":54}],"player_experience":139079,"relics_obtained":[{"floor":0.0,"key":"MawBank"},{"floor":0.0,"key":"Toxic Egg 2"},{"floor":0.0,"key":"Calipers"},{"floor":7.0,"key":"Letter Opener"},{"floor":9.0,"key":"Replay:Bottled Eggs"},{"floor":10.0,"key":"Replay:WaspNest"},{"floor":14.0,"key":"Quantum Egg"},{"floor":24.0,"key":"Pantograph"},{"floor":26.0,"key":"Dream Catcher"},{"floor":27.0,"key":"White Beast Statue"},{"floor":29.0,"key":"Centennial Puzzle"},{"floor":42.0,"key":"Anchor"},{"floor":43.0,"key":"King of Hearts"},{"floor":47,"key":"Replay:Bottled Flurry"}],"event_choices":[{"damage_healed":0.0,"max_hp_gain":0.0,"max_hp_loss":0.0,"gold_gain":0.0,"event_name":"The Woman in Blue","player_choice":"Bought 0 Potions","floor":2.0,"gold_loss":0.0,"damage_taken":0.0},{"cards_removed":["Demonic Infusion"],"damage_healed":52.0,"max_hp_gain":10.0,"max_hp_loss":0.0,"gold_gain":0.0,"event_name":"Bonfire Elementals","player_choice":"Offered Rare","floor":11.0,"gold_loss":0.0,"damage_taken":0.0},{"damage_healed":0.0,"max_hp_gain":0.0,"max_hp_loss":0.0,"gold_gain":0.0,"event_name":"Knowing Skull","player_choice":"POTION ","floor":31.0,"potions_obtained":["Doom Potion"],"gold_loss":0.0,"damage_taken":12.0,"cards_obtained":[]},{"cards_removed":["ReplayTheSpireMod:Strike From Hell"],"damage_healed":0.0,"max_hp_gain":0.0,"max_hp_loss":0.0,"gold_gain":0.0,"event_name":"Falling","player_choice":"Removed Attack","floor":41.0,"gold_loss":0.0,"damage_taken":0.0},{"damage_healed":0.0,"max_hp_gain":0.0,"max_hp_loss":0.0,"gold_gain":0.0,"event_name":"Tomb of Lord Red Mask","player_choice":"Ignored","floor":46.0,"gold_loss":0.0,"damage_taken":0.0},{"damage_healed":0,"gold_gain":0,"player_choice":"Memory 3","damage_taken":10,"max_hp_gain":0,"max_hp_loss":0,"event_name":"SensoryStone","floor":49,"gold_loss":0}],"is_beta":true,"boss_relics":[{"not_picked":["Replay:Bronze Core","Replay:Ancient Bell"],"picked":"Replay:Wanted Poster"},{"not_picked":["Abe\u0027s Treasure","Philosopher\u0027s Stone"],"picked":"Busted Crown"}],"items_purged_floors":[],"is_endless":false,"potions_floor_spawned":[1,8,10,16,18,28,29,33,35,36,37,39,42,45,47,48,54],"ascension_level":7}}