{"host":"tbhNathan","time":1608104396,"event":{"mods":["AchievementEnabler","BaseMod","Better Third Choice","Highlight Path","Minty Spire (QoL Compilation)","StSLib","The Hierophant"],"gold_per_floor":[116,291,291,308,316,322,322,319,319,278,278,378,338,288,288,280,280,250,190,190,174,174,174,150,150,222,222,221,200,200,145,145,80,80],"floor_reached":33,"playtime":4078,"items_purged":[],"score":279,"play_id":"7150db06-2a22-422a-8a86-e2723ac560e6","local_time":"20201216073956","is_ascension_mode":false,"campfire_choices":[{"floor":7,"key":"REST"},{"floor":15,"key":"REST"},{"floor":23,"key":"REST"},{"floor":25,"key":"REST"},{"floor":27,"key":"REST"},{"data":"hierophant:Glossolalia","floor":32,"key":"SMITH"}],"circlet_count":0,"master_deck":["hierophant:Strike_Hierophant","hierophant:Strike_Hierophant","hierophant:Strike_Hierophant","hierophant:Strike_Hierophant","hierophant:Punish","hierophant:Defend_Hierophant","hierophant:Defend_Hierophant","hierophant:Defend_Hierophant","hierophant:Defend_Hierophant","hierophant:ChurchCoffers","hierophant:FieryStrike","hierophant:OrnateBuckler","hierophant:Encroach","hierophant:Repentance","hierophant:AuricBeam","hierophant:Zeal","hierophant:Repentance","hierophant:AuricShield","hierophant:HolyVerse","hierophant:Kindle","hierophant:FieryStrike","hierophant:Patience","hierophant:Glossolalia+1","hierophant:Invocation","Necronomicurse","hierophant:Zeal+1","hierophant:Glossolalia+1","hierophant:Alms+1","hierophant:FieryStrike+1"],"relics":["hierophant:PropheticMaskRelic","CaptainsWheel","White Beast Statue","Ornamental Fan","Kunai","SacredBark","Necronomicon","The Courier","hierophant:DonationBoxRelic","CultistMask"],"acts_visited":["Exordium","TheCity"],"potions_floor_usage":[6,11,14,16,16,19,21,21,24,28,31,33,33],"damage_taken":[{"damage":2,"enemies":"Small Slimes","floor":1,"turns":3},{"damage":0,"enemies":"2 Louse","floor":4,"turns":2},{"damage":3,"enemies":"Jaw Worm","floor":5,"turns":3},{"damage":25,"enemies":"Gremlin Nob","floor":6,"turns":5},{"damage":8,"enemies":"Lots of Slimes","floor":8,"turns":4},{"damage":23,"enemies":"3 Sentries","floor":10,"turns":7},{"damage":3,"enemies":"Lagavulin Event","floor":11,"turns":4},{"damage":0,"enemies":"Exordium Wildlife","floor":13,"turns":2},{"damage":0,"enemies":"Looter","floor":14,"turns":3},{"damage":33,"enemies":"The Guardian","floor":16,"turns":9},{"damage":5,"enemies":"Chosen","floor":18,"turns":4},{"damage":4,"enemies":"3 Byrds","floor":19,"turns":5},{"damage":26,"enemies":"3 Cultists","floor":21,"turns":6},{"damage":52,"enemies":"Slavers","floor":24,"turns":7},{"damage":0,"enemies":"Sentry and Sphere","floor":28,"turns":3},{"damage":0,"enemies":"Snecko","floor":29,"turns":4},{"damage":8,"enemies":"Centurion and Healer","floor":31,"turns":3},{"damage":45,"enemies":"Automaton","floor":33,"turns":6}],"seed_played":"483754135804957380","potions_obtained":[{"floor":4,"key":"PowerPotion"},{"floor":5,"key":"DuplicationPotion"},{"floor":10,"key":"EssenceOfSteel"},{"floor":11,"key":"Block Potion"},{"floor":13,"key":"BlessingOfTheForge"},{"floor":14,"key":"SmokeBomb"},{"floor":16,"key":"Strength Potion"},{"floor":18,"key":"EssenceOfSteel"},{"floor":19,"key":"Swift Potion"},{"floor":21,"key":"Swift Potion"},{"floor":24,"key":"SpeedPotion"},{"floor":28,"key":"DistilledChaos"},{"floor":29,"key":"DistilledChaos"},{"floor":31,"key":"Energy Potion"}],"is_trial":false,"path_per_floor":["M","?","?","M","M","E","R","M","T","E","?","?","M","M","R","B",null,"M","M","?","M","?","R","E","R","T","R","M","M","?","M","R","B"],"character_chosen":"HIEROPHANT","items_purchased":[],"campfire_rested":5,"item_purchase_floors":[],"current_hp_per_floor":[80,80,73,73,70,45,69,61,61,38,35,35,35,35,59,26,82,77,73,73,47,31,55,3,27,27,51,51,51,51,43,43,0,0],"gold":80,"neow_bonus":"TEN_PERCENT_HP_BONUS","is_daily":false,"chose_seed":false,"campfire_upgraded":1,"win_rate":0.0,"timestamp":1608104396,"path_taken":["M","?","?","?","M","E","R","?","T","E","?","?","M","M","R","BOSS","M","?","?","M","?","R","E","R","T","R","M","M","?","?","R","BOSS"],"items_purchased_type":[],"build_version":"2020-12-07","purchased_purges":0,"victory":false,"max_hp_per_floor":[82,82,82,82,82,82,82,82,82,82,82,82,82,82,82,82,82,82,82,82,82,82,82,82,82,82,82,82,82,82,82,82,82,82],"card_choices":[{"not_picked":["hierophant:HolyVerse","hierophant:Racketeering"],"picked":"hierophant:FieryStrike","floor":1},{"not_picked":["hierophant:Shelter","hierophant:RepressedViolence"],"picked":"hierophant:OrnateBuckler","floor":4},{"not_picked":["hierophant:HammerAndAnvil","hierophant:Purify"],"picked":"hierophant:Encroach","floor":5},{"not_picked":["hierophant:FaithHealing","hierophant:FlamingChariot"],"picked":"hierophant:Repentance","floor":6},{"not_picked":["hierophant:BulkyChest","hierophant:Doubloon"],"picked":"hierophant:AuricBeam","floor":8},{"not_picked":["hierophant:HammerAndAnvil","hierophant:Doubloon"],"picked":"hierophant:Zeal","floor":10},{"not_picked":["hierophant:SealAway","hierophant:Bribe"],"picked":"hierophant:Repentance","floor":11},{"not_picked":["hierophant:Purify","hierophant:RustyCrate"],"picked":"hierophant:AuricShield","floor":13},{"not_picked":["hierophant:HammerAndAnvil","hierophant:Sermon"],"picked":"hierophant:HolyVerse","floor":14},{"not_picked":["hierophant:Cornucopia","hierophant:BulkyChest"],"picked":"hierophant:Kindle","floor":16},{"not_picked":["hierophant:RepressedViolence","hierophant:Alms"],"picked":"hierophant:FieryStrike","floor":18},{"not_picked":["hierophant:FieryStrike+1","hierophant:Zeal"],"picked":"hierophant:Patience","floor":19},{"not_picked":["hierophant:RustyCrate+1","hierophant:FlamingChariot"],"picked":"hierophant:Invocation","floor":21},{"not_picked":["hierophant:AuricBeam","hierophant:SecretStash+1"],"picked":"hierophant:Zeal+1","floor":24},{"not_picked":["hierophant:AuricShield","hierophant:ThreeLashes+1"],"picked":"hierophant:Glossolalia+1","floor":28},{"not_picked":["hierophant:Zeal+1","hierophant:Martyrdom+1"],"picked":"hierophant:Alms+1","floor":29},{"not_picked":["hierophant:Racketeering+1","hierophant:AuricBeam"],"picked":"hierophant:FieryStrike+1","floor":31}],"player_experience":159087,"relics_obtained":[{"floor":6,"key":"CaptainsWheel"},{"floor":9,"key":"White Beast Statue"},{"floor":10,"key":"Ornamental Fan"},{"floor":22,"key":"Necronomicon"},{"floor":24,"key":"The Courier"},{"floor":26,"key":"hierophant:DonationBoxRelic"}],"event_choices":[{"damage_healed":0,"gold_gain":175,"player_choice":"AGREE","damage_taken":116,"max_hp_gain":0,"max_hp_loss":0,"event_name":"betterThird:BetterSerpent","floor":2,"gold_loss":0},{"cards_removed":["Doubt"],"damage_healed":0,"gold_gain":0,"player_choice":"Card Removal","damage_taken":7,"max_hp_gain":0,"max_hp_loss":0,"event_name":"Golden Wing","floor":3,"gold_loss":0},{"damage_healed":0,"gold_gain":0,"player_choice":"Searched \u00272\u0027 times","damage_taken":0,"relics_obtained":["Kunai"],"max_hp_gain":0,"max_hp_loss":0,"event_name":"Dead Adventurer","floor":11,"gold_loss":0},{"damage_healed":0,"gold_gain":100,"player_choice":"Pray","damage_taken":0,"max_hp_gain":0,"max_hp_loss":0,"event_name":"Golden Shrine","floor":12,"gold_loss":0},{"damage_healed":0,"gold_gain":0,"player_choice":"Read","damage_taken":0,"max_hp_gain":0,"max_hp_loss":0,"event_name":"The Library","floor":20,"gold_loss":0,"cards_obtained":["hierophant:Glossolalia"]},{"damage_healed":0,"gold_gain":0,"player_choice":"Obtained Book","damage_taken":16,"max_hp_gain":0,"max_hp_loss":0,"event_name":"Cursed Tome","floor":22,"gold_loss":0},{"damage_healed":0,"gold_gain":0,"player_choice":"Trade","damage_taken":0,"relics_obtained":["CultistMask"],"max_hp_gain":0,"max_hp_loss":0,"event_name":"FaceTrader","floor":30,"gold_loss":0}],"is_beta":true,"boss_relics":[{"not_picked":["Astrolabe","Coffee Dripper"],"picked":"SacredBark"}],"items_purged_floors":[],"is_endless":false,"potions_floor_spawned":[4,5,10,11,13,14,16,18,19,21,24,28,29,31],"killed_by":"Automaton","ascension_level":0}}