{"host":"1","time":1608142663,"event":{"mods":["Act Like it!","BaseMod","Better Third Choice","Hubris","Jorbs\u0027s Wanderer Trilogy","Minty Spire (QoL Compilation)","Replay The Spire","Shade Mod","StSLib","The Cursed","The Mystic","Wandering Minibosses"],"gold_per_floor":[118,118,133,79,99,99,131,131,131,131,145,19,42,56,56,151,151,169,23,23,23,33,50,50,66,66,85,85,104,123,135,135,240,240,255,255,274,49,49,49,63,97,168,168,168],"floor_reached":44,"playtime":3782,"items_purged":["Strike_P","Strike_P"],"score":542,"play_id":"6cb84ec5-2690-419a-a7d6-db9226058cb2","local_time":"20201216211743","is_ascension_mode":false,"campfire_choices":[{"floor":6.0,"key":"REST"},{"floor":8.0,"key":"RECALL"},{"floor":15.0,"key":"REST"},{"data":"Judgement","floor":32.0,"key":"SMITH"},{"data":"Vault","floor":40,"key":"SMITH"}],"circlet_count":0,"master_deck":["Strike_P","Strike_P","Defend_P","Defend_P","Defend_P","Defend_P","Eruption+1","Vigilance","ReachHeaven","Protect","CutThroughFate+1","Wallop","FollowUp","SashWhip","Finesse","Discovery","FlurryOfBlows","WindmillStrike","Vault+1","ReachHeaven","Judgement+1","Evaluate","DevaForm","Study","Prostrate"],"relics":["PureWater","Quantum Egg","hubris:AstralHammer","Kunai","ReplayTheSpireMod:ShopPack","Odd Mushroom","Black Star","TheAbacus","hubris:BottledHeart","hubris:SlimyHat","hubris:RunicObelisk","ClockworkSouvenir","hubris:SphereOfDissonance","Blue Doll","Replay:Ringing Soul"],"acts_visited":["Exordium","TheCity","TheBeyond"],"potions_floor_usage":[42],"damage_taken":[{"damage":0.0,"enemies":"Cultist","floor":1.0,"turns":2.0},{"damage":0.0,"enemies":"2 Louse","floor":3.0,"turns":1.0},{"damage":6.0,"enemies":"Jaw Worm","floor":5.0,"turns":2.0},{"damage":0.0,"enemies":"Gremlin Nob","floor":7.0,"turns":2.0},{"damage":2.0,"enemies":"Looter","floor":11.0,"turns":2.0},{"damage":23.0,"enemies":"The Mushroom Lair","floor":13.0,"turns":4.0},{"damage":5.0,"enemies":"Exordium Thugs","floor":14.0,"turns":2.0},{"damage":15.0,"enemies":"Hexaghost","floor":16.0,"turns":6.0},{"damage":0.0,"enemies":"Spheric Guardian","floor":18.0,"turns":3.0},{"damage":0.0,"enemies":"Chosen","floor":22.0,"turns":3.0},{"damage":0.0,"enemies":"Snecko","floor":23.0,"turns":3.0},{"damage":0.0,"enemies":"3 Cultists","floor":25.0,"turns":3.0},{"damage":0.0,"enemies":"Snake Plant","floor":27.0,"turns":5.0},{"damage":0.0,"enemies":"Centurion and Healer","floor":29.0,"turns":5.0},{"damage":0.0,"enemies":"3 Cultists","floor":30.0,"turns":4.0},{"damage":0.0,"enemies":"Snecko","floor":31.0,"turns":4.0},{"damage":0.0,"enemies":"Automaton","floor":33.0,"turns":7.0},{"damage":0.0,"enemies":"3 Shapes","floor":35.0,"turns":4.0},{"damage":0,"enemies":"3 Darklings","floor":37,"turns":5},{"damage":0,"enemies":"Maw","floor":41,"turns":4},{"damage":0,"enemies":"Reptomancer","floor":42,"turns":5},{"damage":7,"enemies":"Jaw Worm Horde","floor":44,"turns":2}],"seed_played":"-7631534204185383229","potions_obtained":[{"floor":1.0,"key":"Languid Potion"},{"floor":5.0,"key":"Adrenaline Potion"},{"floor":7.0,"key":"ColorlessPotion"},{"floor":13.0,"key":"Doom Potion"},{"floor":22.0,"key":"FearPotion"},{"floor":25.0,"key":"FearPotion"},{"floor":30.0,"key":"PowerPotion"},{"floor":33.0,"key":"Regen Potion"},{"floor":41,"key":"BottledMiracle"}],"is_trial":false,"path_per_floor":["M","$","M","$","M","R","E","R","T","?","M","$","?","M","R","B",null,"M","$","?","?","M","M","?","M","T","M","?","M","M","M","R","B",null,"M","?","M","$","?","R","M","E","T","M"],"character_chosen":"WATCHER","items_purchased":["Quantum Egg","CutThroughFate","ReplayTheSpireMod:ShopPack","TheAbacus","ClockworkSouvenir"],"campfire_rested":2,"item_purchase_floors":[2,4,12,19,38],"current_hp_per_floor":[72,51,51,51,45,66,66,66,66,66,64,64,41,36,57,42,72,72,72,1,1,1,1,1,1,1,1,1,1,1,1,1,1,1,1,1,1,1,1,1,1,1,1,0,0],"gold":168,"neow_bonus":"UPGRADE_CARD","is_daily":false,"chose_seed":false,"campfire_upgraded":2,"win_rate":0.0,"timestamp":1608142663,"path_taken":["M","?","M","$","M","R","E","R","T","?","M","$","?","M","R","BOSS","M","$","?","?","M","M","?","?","T","M","?","M","M","M","R","BOSS","M","?","M","$","?","R","M","E","T","M"],"items_purchased_type":["Relic","Card","Relic","Relic","Relic"],"build_version":"2020-11-17","purchased_purges":2,"victory":false,"max_hp_per_floor":[72,72,72,72,72,72,72,72,72,72,72,72,72,72,72,72,72,72,72,1,1,1,1,1,1,1,1,1,1,1,1,1,1,1,1,1,1,1,1,1,1,1,1,1,1],"card_choices":[{"not_picked":["CarveReality","Consecrate"],"picked":"ReachHeaven","floor":1.0},{"not_picked":["EmptyMind","FlyingSleeves"],"picked":"Protect","floor":3.0},{"not_picked":["Conclude","BowlingBash"],"picked":"Wallop","floor":5.0},{"not_picked":["Omniscience","InnerPeace"],"picked":"FollowUp","floor":7.0},{"not_picked":["ClearTheMind","EmptyBody"],"picked":"SashWhip","floor":11.0},{"not_picked":["Transmutation","Metamorphosis"],"picked":"ReplayTheSpireMod:Necrogeddon","floor":12.0},{"not_picked":["Good Instincts","Chrysalis"],"picked":"Finesse","floor":12.0},{"not_picked":["Replay:Sssssssssstrike","Survey Options"],"picked":"Discovery","floor":12.0},{"not_picked":["Replay:ManipulateFuture","Replay:BluntJabs"],"picked":"FlurryOfBlows","floor":13.0},{"not_picked":["Wallop","Replay:LoomingThreat"],"picked":"WindmillStrike","floor":14.0},{"not_picked":["Ragnarok","ConjureBlade"],"picked":"Vault","floor":16.0},{"not_picked":["Replay:Anticipation","Replay:BluntJabs"],"picked":"ReachHeaven","floor":18.0},{"not_picked":["Replay:BluntJabs+1","Meditate+1","JustLucky+1"],"picked":"SKIP","floor":22.0},{"not_picked":["Crescendo","Consecrate","Fasting2+1"],"picked":"SKIP","floor":23.0},{"not_picked":["FollowUp","Indignation"],"picked":"Judgement","floor":25.0},{"not_picked":["FlyingSleeves","ReachHeaven","FearNoEvil"],"picked":"SKIP","floor":27.0},{"not_picked":["Protect","PathToVictory"],"picked":"Evaluate","floor":29.0},{"not_picked":["Replay:Anticipation","Sanctity","Meditate"],"picked":"SKIP","floor":30.0},{"not_picked":["SignatureMove","SashWhip","Wireheading"],"picked":"SKIP","floor":31.0},{"not_picked":["Scrawl","Blasphemy"],"picked":"DevaForm","floor":33.0},{"not_picked":["CrushJoints+1","Fasting2+1","SashWhip"],"picked":"SKIP","floor":35.0},{"not_picked":["Indignation+1","SashWhip+1","Protect"],"picked":"SKIP","floor":37},{"not_picked":["Crescendo+1","FollowUp+1"],"picked":"Study","floor":41},{"not_picked":["WaveOfTheHand+1","FearNoEvil"],"picked":"Prostrate","floor":42}],"player_experience":84268,"relics_obtained":[{"floor":7.0,"key":"hubris:AstralHammer"},{"floor":9.0,"key":"Kunai"},{"floor":13.0,"key":"Odd Mushroom"},{"floor":42,"key":"hubris:SphereOfDissonance"},{"floor":42,"key":"Blue Doll"},{"floor":43,"key":"Replay:Ringing Soul"}],"event_choices":[{"damage_healed":0.0,"max_hp_gain":0.0,"max_hp_loss":0.0,"gold_gain":0.0,"event_name":"Mushrooms","player_choice":"Fought Mushrooms","floor":13.0,"gold_loss":0.0,"damage_taken":0.0},{"damage_healed":0.0,"max_hp_gain":0.0,"max_hp_loss":0.0,"gold_gain":0.0,"event_name":"Vampires","player_choice":"Ignored","floor":21.0,"gold_loss":0.0,"damage_taken":0.0},{"cards_removed":["ReplayTheSpireMod:Necrogeddon"],"damage_healed":0.0,"max_hp_gain":10.0,"max_hp_loss":0.0,"gold_gain":0.0,"event_name":"Bonfire Elementals","player_choice":"Offered Rare","floor":24.0,"gold_loss":0.0,"damage_taken":0.0},{"damage_healed":0.0,"max_hp_gain":0.0,"max_hp_loss":0.0,"gold_gain":0.0,"event_name":"WeMeetAgain","player_choice":"Gave Potion","floor":28.0,"gold_loss":0.0,"damage_taken":0.0,"relics_obtained":["hubris:SlimyHat"]},{"damage_healed":0,"gold_gain":0,"player_choice":"Ignored","damage_taken":0,"max_hp_gain":0,"max_hp_loss":0,"event_name":"NoteForYourself","floor":39,"gold_loss":0}],"is_beta":true,"boss_relics":[{"not_picked":["Replay:Wanted Poster","Calling Bell"],"picked":"Black Star"},{"not_picked":["Ring of Chaos","ChewingGum"],"picked":"hubris:RunicObelisk"}],"items_purged_floors":[2,38],"is_endless":false,"potions_floor_spawned":[1,5,7,13,22,25,30,33,41],"killed_by":"Jaw Worm Horde","ascension_level":0}}