{"host":"icrrc9b69c1a6188","time":1608161195,"event":{"mods":["BaseMod","Better Altar","Better Match","Better Note","Better Sensory Stone","Better Skull","Better Third Choice","Colored Map","Colored Powertips","Displayed Cursed Tome","Faster Ascension Climbing","HexUI Lib","Minty Spire (QoL Compilation)","Random Character Mod","Spicy Shops","StSLib","Unceasing Turn Reminder"],"gold_per_floor":[118,128,128,144,144,144,144,185,185,235,268,280,310,336,348,458,470,498,535,422,457,469,501,513,565,577,589,589],"floor_reached":27,"playtime":1647,"items_purged":[],"score":540,"play_id":"c7e9d1a0-a36b-4c22-971f-0de408e8e7a2","local_time":"20201216172635","is_ascension_mode":true,"campfire_choices":[{"data":"Gash","floor":6,"key":"SMITH"},{"floor":12,"key":"REST"},{"data":"TalkToTheHand","floor":15,"key":"SMITH"},{"floor":24,"key":"REST"}],"circlet_count":0,"master_deck":["AscendersBane","Zap","Dualcast","Stack","Gash+1","Sweeping Beam","TalkToTheHand+1","Biased Cognition","BootSequence","Conserve Battery","Hello World","Seek","Streamline","Coolheaded","Sunder","Creative AI","Reprogram","Glacier","Barrage","Core Surge","FTL","Skim+1","Good Instincts+1","Fission+1","Auto Shields","Gash+1","Reprogram"],"relics":["Cracked Core","Ancient Tea Set","Golden Idol","PreservedInsect","Torii","MawBank","Bottled Flame","Pandora\u0027s Box","TungstenRod","Toy Ornithopter"],"acts_visited":["Exordium","TheCity"],"potions_floor_usage":[16,16,18,25,27],"damage_taken":[{"damage":0,"enemies":"2 Louse","floor":1,"turns":3},{"damage":7,"enemies":"Small Slimes","floor":2,"turns":3},{"damage":7,"enemies":"Jaw Worm","floor":4,"turns":4},{"damage":0,"enemies":"Gremlin Nob","floor":8,"turns":3},{"damage":25,"enemies":"Lagavulin","floor":10,"turns":6},{"damage":7,"enemies":"Blue Slaver","floor":11,"turns":3},{"damage":0,"enemies":"Looter","floor":13,"turns":2},{"damage":1,"enemies":"2 Fungi Beasts","floor":14,"turns":4},{"damage":12,"enemies":"The Guardian","floor":16,"turns":11},{"damage":13,"enemies":"3 Byrds","floor":18,"turns":7},{"damage":15,"enemies":"Spheric Guardian","floor":19,"turns":7},{"damage":0,"enemies":"Chosen and Byrds","floor":21,"turns":5},{"damage":1,"enemies":"Snake Plant","floor":23,"turns":7},{"damage":45,"enemies":"Book of Stabbing","floor":25,"turns":6},{"damage":9,"enemies":"Masked Bandits","floor":27,"turns":2}],"seed_played":"-8413308174733444521","potions_obtained":[{"floor":10,"key":"LiquidBronze"},{"floor":14,"key":"Weak Potion"},{"floor":16,"key":"Fire Potion"},{"floor":23,"key":"Energy Potion"},{"floor":25,"key":"Explosive Potion"}],"is_trial":false,"path_per_floor":["M","M","?","M","?","R","?","E","T","E","M","R","M","M","R","B",null,"M","M","?","M","?","M","R","E","T","?"],"character_chosen":"DEFECT","items_purchased":[],"campfire_rested":2,"item_purchase_floors":[],"current_hp_per_floor":[64,57,57,50,55,55,37,37,37,12,5,25,25,24,24,12,55,42,27,27,27,27,26,46,1,1,0,0],"gold":589,"neow_bonus":"RANDOM_COMMON_RELIC","is_daily":false,"chose_seed":false,"campfire_upgraded":2,"win_rate":0.0,"timestamp":1608161195,"path_taken":["M","M","?","M","?","R","?","E","T","E","M","R","M","M","R","BOSS","M","M","?","M","?","M","R","E","T","?"],"items_purchased_type":[],"build_version":"2020-12-13","purchased_purges":0,"victory":false,"max_hp_per_floor":[71,71,64,64,69,69,69,69,69,69,69,69,69,69,69,69,69,69,69,69,69,69,69,69,69,69,69,69],"card_choices":[{"not_picked":["Coolheaded","Recycle"],"picked":"Stack","floor":1},{"not_picked":["Aggregate","Coolheaded"],"picked":"Gash","floor":2},{"not_picked":["Stack","Fusion"],"picked":"Sweeping Beam","floor":4},{"not_picked":["Cold Snap","Force Field","Coolheaded"],"picked":"SKIP","floor":8},{"not_picked":["Ball Lightning","Tempest"],"picked":"Biased Cognition","floor":10},{"not_picked":["Skim","Hello World"],"picked":"BootSequence","floor":11},{"not_picked":["Fusion","Streamline"],"picked":"Conserve Battery","floor":13},{"not_picked":["White Noise","Chill"],"picked":"Hello World","floor":14},{"not_picked":["Meteor Strike","Rainbow"],"picked":"Seek","floor":16},{"not_picked":["Sweeping Beam","Go for the Eyes"],"picked":"FTL","floor":18},{"not_picked":["Leap","Redo"],"picked":"Skim+1","floor":19},{"not_picked":["Dark Shackles+1","Purity+1"],"picked":"Good Instincts+1","floor":20},{"not_picked":["Multi-Cast+1","Core Surge+1"],"picked":"Fission+1","floor":20},{"not_picked":["Darkness","Electrodynamics"],"picked":"Auto Shields","floor":21},{"not_picked":["Coolheaded","Doom and Gloom"],"picked":"Gash+1","floor":23},{"not_picked":["Consume","Rebound"],"picked":"Reprogram","floor":25}],"player_experience":658137,"relics_obtained":[{"floor":8,"key":"Torii"},{"floor":9,"key":"MawBank"},{"floor":10,"key":"Bottled Flame"},{"floor":25,"key":"TungstenRod"},{"floor":26,"key":"Toy Ornithopter"}],"event_choices":[{"damage_healed":0,"gold_gain":0,"player_choice":"Lose Max HP","damage_taken":0,"relics_obtained":["Golden Idol"],"max_hp_gain":0,"max_hp_loss":7,"event_name":"Golden Idol","floor":3,"gold_loss":0},{"damage_healed":0,"gold_gain":0,"player_choice":"Donut","damage_taken":0,"max_hp_gain":5,"max_hp_loss":0,"event_name":"Big Fish","floor":5,"gold_loss":0},{"damage_healed":0,"gold_gain":0,"player_choice":"2","damage_taken":0,"max_hp_gain":0,"max_hp_loss":0,"event_name":"betterMatch:BetterMatch","floor":20,"gold_loss":0,"cards_obtained":["betterMatch:ColorlessUncommonCard","betterMatch:RareCard"]},{"cards_removed":["Skim"],"damage_healed":0,"gold_gain":0,"player_choice":"Give","damage_taken":0,"max_hp_gain":0,"max_hp_loss":0,"event_name":"betterNote:BetterNote","floor":22,"gold_loss":0,"cards_obtained":["None"]},{"damage_healed":0,"gold_gain":0,"player_choice":"Fought Bandits","damage_taken":0,"max_hp_gain":0,"max_hp_loss":0,"event_name":"Masked Bandits","floor":27,"gold_loss":0}],"is_beta":false,"boss_relics":[{"not_picked":["SlaversCollar","Tiny House"],"picked":"Pandora\u0027s Box"}],"items_purged_floors":[],"is_endless":false,"potions_floor_spawned":[10,14,16,23,25],"killed_by":"Masked Bandits","ascension_level":20}}