{"host":"Muxenle","time":1608095568,"event":{"mods":["BaseMod","Downfall","Minty Spire (QoL Compilation)","Relic Stats","StSLib"],"gold_per_floor":[99,99,199,233,253,297,374,374,374,299,328,348,372,443,470,470,470],"floor_reached":16,"playtime":949,"items_purged":[],"score":135,"play_id":"01d678aa-3578-4d74-8a96-17f99054f052","local_time":"20201215211248","is_ascension_mode":false,"campfire_choices":[{"data":"champ:Taunt","floor":1,"key":"SMITH"},{"floor":8,"key":"RECALL"},{"data":"champ:FocusedBerserking","floor":10,"key":"SMITH"}],"circlet_count":0,"master_deck":["champ:Strike","champ:Strike","champ:Strike","champ:Strike","champ:Defend","champ:Defend","champ:Defend","champ:Defend","champ:Execute","champ:Taunt+1","champ:Shatter","champ:DefensiveShout","champ:EnragedBash","champ:SkillfulDodge","champ:FocusedBerserking+1","champ:DefensiveStyle","champ:IronFortress","champ:DefensiveShout","champ:Backstep","champ:TornadoPunch+1"],"relics":["champ:ChampionCrown","downfall:HeartsMalice","CloakClasp","CeramicFish","Molten Egg 2","StrikeDummy","downfall:HeartBlessingRed","Boot"],"acts_visited":["Exordium"],"potions_floor_usage":[13],"damage_taken":[{"damage":0,"enemies":"Cultist","floor":2,"turns":1},{"damage":0,"enemies":"Cultist","floor":3,"turns":1},{"damage":0,"enemies":"Lagavulin","floor":4,"turns":1},{"damage":13,"enemies":"2 Louse","floor":5,"turns":3},{"damage":38,"enemies":"3 Sentries","floor":6,"turns":9},{"damage":3,"enemies":"Jaw Worm","floor":11,"turns":1},{"damage":24,"enemies":"Large Slime","floor":12,"turns":4},{"damage":23,"enemies":"Exordium Thugs","floor":13,"turns":5},{"damage":9,"enemies":"Gremlin Nob","floor":14,"turns":3},{"damage":7,"enemies":"Red Slaver","floor":15,"turns":3},{"damage":28,"enemies":"downfall:Ironclad","floor":16,"turns":3}],"seed_played":"-2521566362434203104","potions_obtained":[{"floor":3,"key":"Energy Potion"},{"floor":5,"key":"SneckoOil"},{"floor":11,"key":"Dexterity Potion"},{"floor":15,"key":"SpeedPotion"}],"is_trial":false,"path_per_floor":["R","M","?","E","M","E","T","R","?","R","M","M","M","?","M","B"],"character_chosen":"THE_CHAMP","items_purchased":[],"campfire_rested":0,"item_purchase_floors":[],"current_hp_per_floor":[90,90,90,90,82,58,58,58,53,53,55,44,33,26,24,0,0],"gold":470,"neow_bonus":"THREE_ENEMY_KILL","is_daily":false,"chose_seed":false,"campfire_upgraded":2,"win_rate":0.0,"timestamp":1608095568,"path_taken":["R","M","?","E","M","E","T","R","?","R","?","M","M","?","M","BOSS"],"items_purchased_type":[],"build_version":"2020-12-07","purchased_purges":0,"victory":false,"max_hp_per_floor":[90,90,90,90,90,90,90,90,90,90,90,90,90,90,90,90,90],"relic_stats":{"counters":[11,31],"CeramicFish":72,"CloakClasp":[47],"Boot":[0],"obtain_stats":[{"downfall:HeartBlessingRed":10,"CeramicFish":4,"champ:ChampionCrown":0,"downfall:HeartsMalice":0,"Molten Egg 2":6,"CloakClasp":3,"StrikeDummy":7,"Boot":14},{"downfall:HeartBlessingRed":5,"CeramicFish":3,"champ:ChampionCrown":0,"downfall:HeartsMalice":0,"Molten Egg 2":5,"CloakClasp":2,"StrikeDummy":5,"Boot":9},{"downfall:HeartBlessingRed":12,"CeramicFish":0,"champ:ChampionCrown":0,"downfall:HeartsMalice":0,"Molten Egg 2":12,"CloakClasp":0,"StrikeDummy":12,"Boot":25}]},"card_choices":[{"not_picked":["champ:FanOfKnives","champ:Duel"],"picked":"champ:Shatter","floor":2},{"not_picked":["champ:GladiatorsShout","champ:BladeFlurry"],"picked":"champ:DefensiveShout","floor":3},{"not_picked":["champ:Shatter","champ:TornadoPunch"],"picked":"champ:EnragedBash","floor":4},{"not_picked":["champ:PerfectedStrike","champ:Riposte"],"picked":"champ:SkillfulDodge","floor":5},{"not_picked":["champ:CrownThrow+1","champ:RecklessLeap+1"],"picked":"champ:FocusedBerserking","floor":6},{"not_picked":["champ:FanOfKnives+1","champ:BringItOn"],"picked":"champ:DefensiveStyle","floor":11},{"not_picked":["champ:FocusedGladiator","champ:FalseCounter"],"picked":"champ:IronFortress","floor":12},{"not_picked":["champ:BladeFlurry+1","champ:IronFortress"],"picked":"champ:DefensiveShout","floor":13},{"not_picked":["champ:DefensiveShout","champ:FanOfKnives+1"],"picked":"champ:Backstep","floor":14},{"not_picked":["champ:BerserkersShout","champ:Haymaker+1"],"picked":"champ:TornadoPunch+1","floor":15}],"player_experience":1757136,"relics_obtained":[{"floor":3,"key":"CloakClasp"},{"floor":4,"key":"CeramicFish"},{"floor":6,"key":"Molten Egg 2"},{"floor":7,"key":"StrikeDummy"},{"floor":14,"key":"Boot"}],"event_choices":[],"is_beta":true,"boss_relics":[],"items_purged_floors":[],"is_endless":false,"potions_floor_spawned":[3,5,11,15],"killed_by":"downfall:Ironclad","ascension_level":0}}