{"host":"rih3m63woujmecfd","time":1608136443,"event":{"mods":["BaseMod","Lobotomy","LobotomyExtend","Minty Spire (QoL Compilation)","Remilia£®¿Ÿ√◊¿Ú—«£©","Replay The Spire","Shop Mod","StSLib"],"gold_per_floor":[109,129,142,154,164,164,180,180,180,196,196,235,273,273,273],"floor_reached":14,"playtime":1173,"items_purged":[],"score":88,"play_id":"7a9efdd7-ecfb-4c5f-96e5-37b3c7a3dbfb","local_time":"20201217003403","is_ascension_mode":false,"campfire_choices":[{"data":"ScarletNetherworld","floor":6,"key":"SMITH"},{"data":"DemonKingCradle","floor":8,"key":"SMITH"}],"circlet_count":0,"master_deck":["Strike_RM+1","Strike_RM+1","Strike_RM+1","Strike_RM+1","Defend_RM","Defend_RM","Defend_RM","Defend_RM","RedMoon","ScarletShoot","VoidDream","Stigmanizer","BeautyBeast","BloodAndWine","Porccubus","Ultimatum","ShyLook","Ultimatum","Bloodbath","ScarletNetherworld+1","BloodHunter","WallGazer","DemonKingCradle+1","MillenniumVampire","PunishingBird","FavorOfDestiny","Rudolta","DiffusionOfMisfortune","BigBadWolf","BloodySeventeenLaser"],"relics":["ScarletHat","CogitoBucket","LetterFromLob","ResearcherNote","Bottled Lightning","Replay:Bottled Eggs"],"acts_visited":["Exordium"],"potions_floor_usage":[7],"damage_taken":[{"damage":0,"enemies":"2 Louse","floor":1,"turns":3},{"damage":0,"enemies":"Small Slimes","floor":2,"turns":4},{"damage":0,"enemies":"Jaw Worm","floor":3,"turns":4},{"damage":2,"enemies":"Large Slime","floor":4,"turns":7},{"damage":0,"enemies":"2 Fungi Beasts","floor":5,"turns":4},{"damage":9,"enemies":"Lots of Slimes","floor":7,"turns":3},{"damage":5,"enemies":"Exordium Wildlife","floor":10,"turns":5},{"damage":23,"enemies":"Large Slime","floor":12,"turns":5},{"damage":14,"enemies":"Lots of Slimes","floor":13,"turns":7},{"damage":0,"enemies":"Gremlin Nob","floor":14,"turns":1}],"seed_played":"9161417757384027344","potions_obtained":[{"floor":5,"key":"Toxic Potion"},{"floor":10,"key":"Block Potion"},{"floor":12,"key":"CultistPotion"},{"floor":13,"key":"Dexterity Potion"}],"is_trial":false,"path_per_floor":["M","M","M","M","M","R","M","R","T","M","?","M","M","E"],"character_chosen":"REMILIA","items_purchased":[],"campfire_rested":0,"item_purchase_floors":[],"current_hp_per_floor":[75,75,75,73,75,75,69,69,69,64,61,47,38,38,0],"gold":273,"neow_bonus":"","is_daily":false,"chose_seed":false,"campfire_upgraded":2,"win_rate":0.0,"timestamp":1608136443,"path_taken":["M","M","M","M","M","R","M","R","T","M","?","M","M","E"],"items_purchased_type":[],"build_version":"2020-12-13","purchased_purges":0,"victory":false,"max_hp_per_floor":[75,75,75,75,75,75,75,75,75,75,75,75,75,75,75],"card_choices":[{"not_picked":["FairyFestival","Murderer"],"picked":"VoidDream","floor":1},{"not_picked":["NightLord","ScarletDevil"],"picked":"Stigmanizer","floor":1},{"not_picked":["ShyLook","UniverseFragment"],"picked":"BeautyBeast","floor":2},{"not_picked":["ScarletImprint","SuperhumanBloodyKnife"],"picked":"BloodAndWine","floor":2},{"not_picked":["LittleHelper","Funeral"],"picked":"Porccubus","floor":3},{"not_picked":["Septette","StarOfDavid"],"picked":"Ultimatum","floor":3},{"not_picked":["UniverseFragment","LongBird"],"picked":"ShyLook","floor":4},{"not_picked":["BlasphemousPunishment","RedMagic"],"picked":"Ultimatum","floor":4},{"not_picked":["MHz","Murderer"],"picked":"Bloodbath","floor":5},{"not_picked":["DiffusionOfMisfortune","RedRainbow"],"picked":"ScarletNetherworld","floor":5},{"not_picked":["SuperhumanBloodyKnife","DiffusionOfMisfortune"],"picked":"BloodHunter","floor":5},{"not_picked":["SnowQueen","OSAHOGD"],"picked":"WallGazer","floor":7},{"not_picked":["ScarletDream","StarOfDavid"],"picked":"DemonKingCradle","floor":7},{"not_picked":["EndlessAdversity","BlasphemousPunishment"],"picked":"MillenniumVampire","floor":7},{"not_picked":["LaLuna","Wellcheers"],"picked":"PunishingBird","floor":10},{"not_picked":["BloodHunter","Septette"],"picked":"FavorOfDestiny","floor":10},{"not_picked":["SpiderBud","Wellcheers"],"picked":"Rudolta","floor":12},{"not_picked":["AfternoonTea","VampireClaw"],"picked":"DiffusionOfMisfortune","floor":12},{"not_picked":["EndlessAdversity","ScarletDevil","ScarletImprint"],"picked":"SKIP","floor":12},{"not_picked":["Scorched","Murderer"],"picked":"BigBadWolf","floor":13},{"not_picked":["ScarletDevil","ChainGang"],"picked":"BloodySeventeenLaser","floor":13}],"player_experience":111157,"relics_obtained":[{"floor":1,"key":"LetterFromLob"},{"floor":9,"key":"Bottled Lightning"}],"event_choices":[{"damage_healed":0,"gold_gain":0,"player_choice":"Success","damage_taken":3,"relics_obtained":["Replay:Bottled Eggs"],"max_hp_gain":0,"max_hp_loss":0,"event_name":"Scrap Ooze","floor":11,"gold_loss":0}],"is_beta":false,"boss_relics":[],"items_purged_floors":[],"is_endless":false,"potions_floor_spawned":[5,10,12,13],"killed_by":"Gremlin Nob","ascension_level":0}}