{"host":"k8gerrcpv9xe1nxe","time":1608091772,"event":{"mods":["2.2 Compatiblity","AchievementEnabler","BaseMod","Bestiary","Minty Spire (QoL Compilation)","Relic Stats","StSLib"],"gold_per_floor":[116,133,55,70,70,102,113,113,113,148,73,99,117,133,133,228,228,239,254,24,123,123,148,148,178,178,178,21,21,37,55,55,155,155,168,17,17,68,22,22,41,41,41,51,51,80,93,104,104,104],"floor_reached":51,"playtime":1674,"items_purged":["Juggernaut"],"score":963,"play_id":"e3c52afc-d2ea-420e-8c4d-b857b7c1ab89","local_time":"20201215230932","is_ascension_mode":true,"campfire_choices":[{"data":"Uppercut","floor":8,"key":"SMITH"},{"floor":15,"key":"REST"},{"floor":27,"key":"REST"},{"data":"Limit Break","floor":29,"key":"SMITH"},{"floor":32,"key":"REST"},{"data":"Limit Break","floor":40,"key":"SMITH"},{"data":"Double Tap","floor":42,"key":"PURGE"},{"floor":45,"key":"REST"},{"floor":49,"key":"REST"}],"circlet_count":0,"master_deck":["Bash","Impervious+1","Hemokinesis+1","Cleave","Uppercut+1","Dropkick","Rupture","Limit Break+1","Shrug It Off","Brutality","Pummel","Sever Soul","Battle Trance","Combust","Power Through","Limit Break+1","Fiend Fire","Headbutt+1","Sword Boomerang","Dropkick"],"relics":["Astrolabe","Vajra","Pear","Pocketwatch","CaptainsWheel","Pandora\u0027s Box","DollysMirror","Omamori","Blue Candle","Peace Pipe","Bag of Marbles","Cursed Key","Brimstone","Incense Burner","PreservedInsect","Juzu Bracelet"],"acts_visited":["Exordium","TheCity","TheBeyond"],"potions_floor_usage":[6,10,25,25,33,35,50,50],"damage_taken":[{"damage":0,"enemies":"2 Louse","floor":1,"turns":3},{"damage":2,"enemies":"Small Slimes","floor":2,"turns":1},{"damage":7,"enemies":"Jaw Worm","floor":4,"turns":3},{"damage":20,"enemies":"3 Sentries","floor":6,"turns":5},{"damage":1,"enemies":"2 Fungi Beasts","floor":7,"turns":3},{"damage":14,"enemies":"Lagavulin","floor":10,"turns":3},{"damage":8,"enemies":"Gremlin Nob","floor":12,"turns":3},{"damage":1,"enemies":"Blue Slaver","floor":13,"turns":2},{"damage":0,"enemies":"Exordium Wildlife","floor":14,"turns":3},{"damage":14,"enemies":"Slime Boss","floor":16,"turns":8},{"damage":17,"enemies":"Spheric Guardian","floor":18,"turns":4},{"damage":14,"enemies":"Chosen","floor":19,"turns":4},{"damage":8,"enemies":"Gremlin Leader","floor":23,"turns":4},{"damage":33,"enemies":"Slavers","floor":25,"turns":5},{"damage":19,"enemies":"Centurion and Healer","floor":30,"turns":4},{"damage":33,"enemies":"Snake Plant","floor":31,"turns":4},{"damage":31,"enemies":"Champ","floor":33,"turns":10},{"damage":14,"enemies":"3 Shapes","floor":35,"turns":4},{"damage":16,"enemies":"2 Orb Walkers","floor":38,"turns":4},{"damage":2,"enemies":"Orb Walker","floor":41,"turns":2},{"damage":36,"enemies":"Jaw Worm Horde","floor":44,"turns":4},{"damage":24,"enemies":"Nemesis","floor":46,"turns":3},{"damage":9,"enemies":"Maw","floor":47,"turns":3},{"damage":5,"enemies":"Writhing Mass","floor":48,"turns":2},{"damage":37,"enemies":"Donu and Deca","floor":50,"turns":4}],"seed_played":"-6111343775597325098","potions_obtained":[{"floor":2,"key":"Fire Potion"},{"floor":6,"key":"SteroidPotion"},{"floor":12,"key":"ColorlessPotion"},{"floor":14,"key":"Regen Potion"},{"floor":16,"key":"Fire Potion"},{"floor":30,"key":"Swift Potion"},{"floor":44,"key":"Energy Potion"},{"floor":47,"key":"ColorlessPotion"},{"floor":48,"key":"Energy Potion"}],"is_trial":false,"path_per_floor":["M","M","$","M","?","E","M","R","T","E","$","E","M","M","R","B",null,"M","M","$","?","?","E","$","E","T","R","$","R","M","M","R","B",null,"M","$","?","?","$","R","M","R","T","M","R","E","M","M","R","B",null],"character_chosen":"IRONCLAD","items_purchased":["Uppercut","Rupture","DollysMirror","Bag of Marbles","Brimstone","Sword Boomerang"],"campfire_rested":5,"item_purchase_floors":[3,11,20,28,36,39],"current_hp_per_floor":[80,78,78,71,76,56,55,55,65,51,51,43,42,42,70,56,85,68,54,54,54,54,46,46,28,28,56,56,56,37,4,32,1,72,58,58,82,66,66,66,64,64,64,28,56,32,23,18,46,9],"gold":104,"neow_bonus":"BOSS_RELIC","is_daily":false,"chose_seed":false,"campfire_upgraded":3,"win_rate":0.0,"timestamp":1608091772,"path_taken":["M","M","$","M","?","E","M","R","T","E","$","E","M","M","R","BOSS","M","M","$","?","?","E","$","E","T","R","$","R","M","M","R","BOSS","M","$","?","?","?","R","M","R","T","M","R","E","M","M","R","BOSS"],"items_purchased_type":["Card","Card","Relic","Relic","Relic","Card"],"build_version":"2020-12-13","purchased_purges":1,"victory":true,"max_hp_per_floor":[80,80,80,80,85,85,85,85,95,95,95,95,95,95,95,95,95,95,95,95,95,95,95,95,95,95,95,95,95,95,95,95,95,95,95,95,95,95,95,95,95,95,95,95,95,95,95,95,95,95],"relic_stats":{"Peace Pipe":1,"counters":[25,95],"Astrolabe":["Impervious","Perfected Strike","Hemokinesis"],"Blue Candle":[0],"Pandora\u0027s Box":["Pummel","Juggernaut","Double Tap","Sever Soul","Battle Trance","Combust"],"PreservedInsect":47,"Juzu Bracelet":0,"Cursed Key":1,"obtain_stats":[{"Pear":9,"Astrolabe":0,"Blue Candle":25,"Vajra":6,"PreservedInsect":43,"Omamori":23,"Incense Burner":38,"Juzu Bracelet":46,"Cursed Key":34,"Burning Blood":0,"Peace Pipe":26,"CaptainsWheel":12,"DollysMirror":20,"Brimstone":36,"Pandora\u0027s Box":17,"Bag of Marbles":28,"Pocketwatch":10},{"Pear":5,"Astrolabe":0,"Blue Candle":14,"Vajra":4,"PreservedInsect":20,"Omamori":13,"Incense Burner":19,"Juzu Bracelet":22,"Cursed Key":17,"Burning Blood":0,"Peace Pipe":14,"CaptainsWheel":7,"DollysMirror":12,"Brimstone":18,"Pandora\u0027s Box":10,"Bag of Marbles":14,"Pocketwatch":6},{"Pear":15,"Astrolabe":0,"Blue Candle":51,"Vajra":12,"PreservedInsect":79,"Omamori":46,"Incense Burner":77,"Juzu Bracelet":86,"Cursed Key":69,"Burning Blood":0,"Peace Pipe":51,"CaptainsWheel":21,"DollysMirror":42,"Brimstone":73,"Pandora\u0027s Box":34,"Bag of Marbles":51,"Pocketwatch":18}],"Pocketwatch":[108]},"card_choices":[{"not_picked":["Thunderclap","Body Slam"],"picked":"Cleave","floor":1},{"not_picked":["Havoc","Heavy Blade","Headbutt"],"picked":"SKIP","floor":2},{"not_picked":["Rampage","Infernal Blade","Wild Strike"],"picked":"SKIP","floor":4},{"not_picked":["Uppercut","True Grit"],"picked":"Dropkick","floor":6},{"not_picked":["Burning Pact","Flex","Cleave"],"picked":"SKIP","floor":7},{"not_picked":["Wild Strike","Dual Wield","Fire Breathing"],"picked":"SKIP","floor":10},{"not_picked":["Armaments","Clash","Pommel Strike"],"picked":"SKIP","floor":12},{"not_picked":["Havoc","Shrug It Off"],"picked":"Limit Break","floor":13},{"not_picked":["Iron Wave","Heavy Blade"],"picked":"Shrug It Off","floor":14},{"not_picked":["Barricade","Bludgeon"],"picked":"Brutality","floor":16},{"not_picked":["Iron Wave","Wild Strike+1","Warcry"],"picked":"SKIP","floor":18},{"not_picked":["Hemokinesis","Fire Breathing"],"picked":"Power Through","floor":19},{"not_picked":["Sentinel","Bloodletting","Intimidate"],"picked":"SKIP","floor":23},{"not_picked":["Exhume","True Grit","Ghostly Armor"],"picked":"SKIP","floor":25},{"not_picked":["Twin Strike+1","Iron Wave+1","Disarm"],"picked":"SKIP","floor":30},{"not_picked":["Combust","Clash+1","Uppercut"],"picked":"SKIP","floor":31},{"not_picked":["Double Tap","Limit Break"],"picked":"Fiend Fire","floor":33},{"not_picked":["Twin Strike+1","Iron Wave","Armaments"],"picked":"SKIP","floor":35},{"not_picked":["Sentinel","Blood for Blood"],"picked":"Headbutt+1","floor":38},{"not_picked":["Pommel Strike+1","Burning Pact"],"picked":"Dropkick","floor":41},{"not_picked":["Rage","Carnage","Sever Soul"],"picked":"SKIP","floor":44},{"not_picked":["Flame Barrier","Searing Blow+1","Feed"],"picked":"SKIP","floor":46},{"not_picked":["Rage","Flex+1","Cleave"],"picked":"SKIP","floor":47},{"not_picked":["Clash+1","Ghostly Armor","Headbutt+1"],"picked":"SKIP","floor":48}],"player_experience":79977,"relics_obtained":[{"floor":6,"key":"Vajra"},{"floor":9,"key":"Pear"},{"floor":10,"key":"Pocketwatch"},{"floor":12,"key":"CaptainsWheel"},{"floor":23,"key":"Omamori"},{"floor":25,"key":"Blue Candle"},{"floor":26,"key":"Peace Pipe"},{"floor":38,"key":"Incense Burner"},{"floor":43,"key":"PreservedInsect"},{"floor":46,"key":"Juzu Bracelet"}],"event_choices":[{"damage_healed":0,"gold_gain":0,"player_choice":"Donut","damage_taken":0,"max_hp_gain":5,"max_hp_loss":0,"event_name":"Big Fish","floor":5,"gold_loss":0},{"damage_healed":0,"gold_gain":99,"player_choice":"Stole From Cult","damage_taken":0,"max_hp_gain":0,"max_hp_loss":0,"event_name":"Nest","floor":21,"gold_loss":0},{"cards_removed":["Perfected Strike"],"damage_healed":0,"gold_gain":0,"player_choice":"Elegance","damage_taken":0,"max_hp_gain":0,"max_hp_loss":0,"event_name":"Back to Basics","floor":22,"gold_loss":0},{"damage_healed":24,"gold_gain":0,"player_choice":"Writhe","damage_taken":0,"max_hp_gain":0,"max_hp_loss":0,"event_name":"Winding Halls","floor":37,"gold_loss":0,"cards_obtained":["Writhe"]},{"damage_healed":0,"gold_gain":0,"player_choice":"Fight","damage_taken":0,"max_hp_gain":0,"max_hp_loss":0,"event_name":"Mysterious Sphere","floor":38,"gold_loss":0}],"is_beta":false,"boss_relics":[{"not_picked":["Black Star","Mark of Pain"],"picked":"Pandora\u0027s Box"},{"not_picked":["Snecko Eye","Runic Pyramid"],"picked":"Cursed Key"}],"items_purged_floors":[20],"is_endless":false,"potions_floor_spawned":[2,6,12,14,16,30,44,47,48],"ascension_level":5}}