{"host":"32zn3snw3u87uic2","time":1608128876,"event":{"mods":["BaseMod","Colored Powertips","Conspire","Minty Spire (QoL Compilation)","MostiFishMod","Quick Restart","Robot Space Explorer","StSLib","TestMod","The Alterego","【功能Mod】混沌之环修复补丁"],"gold_per_floor":[-1288,-1288,-1275,-1263,-1246,-1221,-1221,-1204,-1204,-1191,-1191,-1177,-1160,-1142,-1142,-1041,-1041,-1030,-1017,-1017,-1017,-1007,-976,-976,-944,-944,-925,-908,-895,-495,-467,-467,-372,-372,-357,-357,-357,-342,-330,-330,-301,-301,-301,-286,-257,-238,-228,-210,-210,-210,-210,-210,-210,-178,-178],"floor_reached":56,"playtime":1631,"items_purged":[],"score":1634,"play_id":"14e362b5-9bc5-48f3-88c9-a375b607d244","local_time":"20201216222756","is_ascension_mode":false,"campfire_choices":[{"data":"RobotSpaceExplorer:MiniLasers","floor":7.0,"key":"SMITH"},{"data":"Pummel","floor":15.0,"key":"SMITH"},{"data":"Vault","floor":24.0,"key":"SMITH"},{"data":"Whirlwind","floor":32,"key":"SMITH"},{"data":"MostiFishMod:NightSea","floor":40,"key":"SMITH"},{"floor":49,"key":"RECALL"},{"data":"RobotSpaceExplorer:FranticSearch","floor":52,"key":"SMITH"}],"circlet_count":0,"master_deck":["conspire:GhostlyStrike","conspire:GhostlyStrike","conspire:GhostlyStrike","conspire:GhostlyStrike","conspire:GhostlyDefend","conspire:GhostlyDefend","conspire:GhostlyDefend","RobotSpaceExplorer:Scan","RobotSpaceExplorer:MiniLasers+1","Pummel+1","Vault+1","RobotSpaceExplorer:FranticSearch+1","Whirlwind+1","MostiFishMod:NightSea+1","CurseOfTheBell","alterego_mod:Cushion+1"],"relics":["RobotSpaceExplorer:RoboCore","testmod-TestBox","NeowsBlessing","testmod-ArcanaOfDestiny","SynthV:MejaisSoulstealer","Question Card","PrismaticShard","Bottled Flame","ImportantClient","PatriotShield","testmod-Justice","StrikeDummy","conspire:Dentures","Red Mask","Calling Bell","Bronze Scales","The Courier","RobotSpaceExplorer:ToughPlating","RobotSpaceExplorer:PlasmaHourglass","Frozen Egg 2","Bottled Lightning","testmod-AssaultLearning"],"acts_visited":["Exordium","TheCity","TheBeyond","TheEnding"],"potions_floor_usage":[55,55],"damage_taken":[{"damage":0.0,"enemies":"conspire:RoseBush","floor":1.0,"turns":1.0},{"damage":0.0,"enemies":"Small Slimes","floor":3.0,"turns":1.0},{"damage":0.0,"enemies":"Cultist","floor":4.0,"turns":1.0},{"damage":0.0,"enemies":"3 Louse","floor":5.0,"turns":2.0},{"damage":0.0,"enemies":"Gremlin Nob","floor":6.0,"turns":2.0},{"damage":0.0,"enemies":"2 Fungi Beasts","floor":8.0,"turns":1.0},{"damage":0.0,"enemies":"Large Slime","floor":10.0,"turns":1.0},{"damage":0.0,"enemies":"3 Louse","floor":12.0,"turns":2.0},{"damage":0.0,"enemies":"Exordium Thugs","floor":13.0,"turns":2.0},{"damage":0.0,"enemies":"Exordium Wildlife","floor":14.0,"turns":2.0},{"damage":9.0,"enemies":"The Guardian","floor":16.0,"turns":4.0},{"damage":0.0,"enemies":"Shell Parasite","floor":18.0,"turns":1.0},{"damage":0.0,"enemies":"Spheric Guardian","floor":19.0,"turns":1.0},{"damage":0.0,"enemies":"Shelled Parasite and Fungi","floor":22.0,"turns":1.0},{"damage":0.0,"enemies":"Book of Stabbing","floor":23.0,"turns":1.0},{"damage":0.0,"enemies":"Gremlin Leader","floor":25.0,"turns":1.0},{"damage":0.0,"enemies":"Snake Plant","floor":27.0,"turns":1.0},{"damage":0.0,"enemies":"Chosen and Byrds","floor":28.0,"turns":1.0},{"damage":0.0,"enemies":"3 Cultists","floor":29.0,"turns":2.0},{"damage":0,"enemies":"Masked Bandits","floor":31,"turns":1},{"damage":0,"enemies":"Champ","floor":33,"turns":1},{"damage":0,"enemies":"Orb Walker","floor":35,"turns":1},{"damage":0,"enemies":"3 Darklings","floor":38,"turns":2},{"damage":0,"enemies":"4 Shapes","floor":39,"turns":3},{"damage":0,"enemies":"Giant Head","floor":41,"turns":3},{"damage":0,"enemies":"Maw","floor":44,"turns":1},{"damage":0,"enemies":"Reptomancer","floor":45,"turns":1},{"damage":0,"enemies":"3 Darklings","floor":46,"turns":1},{"damage":0,"enemies":"Jaw Worm Horde","floor":47,"turns":1},{"damage":0,"enemies":"4 Shapes","floor":48,"turns":2},{"damage":0,"enemies":"Donu and Deca","floor":50,"turns":2},{"damage":0,"enemies":"Shield and Spear","floor":54,"turns":1},{"damage":0,"enemies":"The Heart","floor":55,"turns":3}],"seed_played":"-2835516476611511017","potions_obtained":[{"floor":3.0,"key":"SteroidPotion"},{"floor":10.0,"key":"EssenceOfSteel"},{"floor":12.0,"key":"SteroidPotion"},{"floor":14.0,"key":"ColorlessPotion"},{"floor":22.0,"key":"Swift Potion"},{"floor":25.0,"key":"testmod-SpacePotion"},{"floor":29.0,"key":"Swift Potion"},{"floor":33,"key":"EssenceOfSteel"}],"is_trial":false,"path_per_floor":["M","?","M","M","M","E","R","M","T","M","?","M","M","M","R","B",null,"M","M","?","?","M","E","R","E","T","M","M","M","?","?","R","B",null,"M","?","?","M","M","R","E","$","T","M","E","M","M","M","R","B",null,"R","$","E","B",null],"character_chosen":"RobotSpaceExplorer","items_purchased":[],"campfire_rested":0,"item_purchase_floors":[],"current_hp_per_floor":[75,75,75,75,75,75,75,75,75,75,75,75,75,75,75,66,75,75,75,75,69,69,69,69,69,69,69,69,69,69,69,69,69,75,75,71,71,71,71,71,71,71,71,71,71,71,71,71,71,71,71,71,71,71,71],"gold":-178,"neow_bonus":"THREE_ENEMY_KILL","is_daily":false,"chose_seed":false,"campfire_upgraded":6,"win_rate":0.0,"timestamp":1608128876,"path_taken":["M","?","M","M","M","E","R","M","T","M","?","M","M","M","R","BOSS","M","M","?","?","M","E","R","E","T","?","M","M","?","?","R","BOSS","M","?","?","M","?","R","E","?","T","M","E","M","M","M","R","BOSS","R","$","E","BOSS"],"items_purchased_type":[],"build_version":"2020-12-13","purchased_purges":0,"victory":true,"max_hp_per_floor":[75,75,75,75,75,75,75,75,75,75,75,75,75,75,75,75,75,75,75,75,75,75,75,75,75,75,75,75,75,75,75,75,75,75,75,71,71,71,71,71,71,71,71,71,71,71,71,71,71,71,71,71,71,71,71],"card_choices":[{"not_picked":["RobotSpaceExplorer:MetalStrike","RobotSpaceExplorer:SwiftStep","RobotSpaceExplorer:SlimeMissile"],"picked":"SKIP","floor":1.0},{"not_picked":["RobotSpaceExplorer:SlimeMissile","Beam Cell","alterego_mod:Clap","Leap"],"picked":"SKIP","floor":3.0},{"not_picked":["RobotSpaceExplorer:FranticSearch","Hologram","Bane"],"picked":"Pummel","floor":4.0},{"not_picked":["testmod-PowerStrike","Clash","Flying Knee","alterego_mod:Bloomers"],"picked":"SKIP","floor":5.0},{"not_picked":["alterego_mod:Cycle","MostiFishMod:PreservedThorns","Sucker Punch","Conserve Battery"],"picked":"SKIP","floor":6.0},{"not_picked":["Second Wind","Study","RobotSpaceExplorer:Discharger","Flex"],"picked":"SKIP","floor":8.0},{"not_picked":["Flechettes","alterego_mod:AlterEgo","alterego_mod:Skirt","alterego_mod:MagicResistance"],"picked":"SKIP","floor":10.0},{"not_picked":["alterego_mod:Mirror","testmod-HandmadeProducts","RobotSpaceExplorer:TurboDodge","Reckless Charge"],"picked":"SKIP","floor":12.0},{"not_picked":["Pommel Strike","Sweeping Beam","Perfected Strike","Deflect"],"picked":"SKIP","floor":13.0},{"not_picked":["Phantasmal Killer","Flying Knee","Pommel Strike","Poisoned Stab"],"picked":"SKIP","floor":14.0},{"not_picked":["MostiFishMod:Nomercy","alterego_mod:Tantrum","MostiFishMod:HellRitual"],"picked":"Vault","floor":16.0},{"not_picked":["Slice","FlyingSleeves+1","Halt","alterego_mod:TrashNCrash"],"picked":"SKIP","floor":18.0},{"not_picked":["alterego_mod:Undulate","testmod-BackupPower","Clothesline","MasterReality"],"picked":"SKIP","floor":19.0},{"not_picked":["alterego_mod:RocketPunch","Havoc","alterego_mod:PerceptionDisorder","Rebound"],"picked":"SKIP","floor":22.0},{"not_picked":["EmptyFist","Well Laid Plans+1","Reinforced Body","Undo+1"],"picked":"SKIP","floor":23.0},{"not_picked":["Blood for Blood+1","alterego_mod:SakuraPetals+1","testmod-LimitFlipper"],"picked":"Whirlwind","floor":25.0},{"not_picked":["RobotSpaceExplorer:Reload","Dagger Spray","Flying Knee","alterego_mod:Mirror"],"picked":"SKIP","floor":27.0},{"not_picked":["alterego_mod:Complex","testmod-LifeRuler+1","Anger","alterego_mod:DiscoLights+1"],"picked":"SKIP","floor":28.0},{"not_picked":["RobotSpaceExplorer:ScrapMissile+1","MostiFishMod:PerfectParry","True Grit","alterego_mod:Undulate"],"picked":"SKIP","floor":29.0},{"not_picked":["Grand Finale","alterego_mod:Weigh","Immolate"],"picked":"MostiFishMod:NightSea","floor":33},{"not_picked":["ReachHeaven","Turbo","White Noise","CrushJoints+1"],"picked":"SKIP","floor":35},{"not_picked":["Fasting2+1","Dropkick","Blade Dance","RobotSpaceExplorer:SurgingStrike"],"picked":"SKIP","floor":38},{"not_picked":["FlyingSleeves","Seeing Red","Perfected Strike","RobotSpaceExplorer:ScrapToss+1"],"picked":"SKIP","floor":39},{"not_picked":["Backstab+1","Blade Dance+1","RobotSpaceExplorer:StunGrenade+1","Rebound+1"],"picked":"SKIP","floor":41},{"not_picked":["Bouncing Flask+1","Go for the Eyes+1","MostiFishMod:InvigoratingSolution","Panacea"],"picked":"SKIP","floor":44},{"not_picked":["Bouncing Flask+1","Go for the Eyes+1","MostiFishMod:InvigoratingSolution","Panacea"],"picked":"SKIP","floor":44},{"not_picked":["alterego_mod:1TonWallop+1","Devotion+1","FlyingSleeves+1","Gash+1"],"picked":"SKIP","floor":45},{"not_picked":["alterego_mod:Complex","RobotSpaceExplorer:SurgingStrike+1","RobotSpaceExplorer:FrostMissile+1","alterego_mod:Support+1"],"picked":"SKIP","floor":46},{"not_picked":["FearNoEvil+1","Steam","Leg Sweep","Flying Knee+1"],"picked":"SKIP","floor":47},{"not_picked":["alterego_mod:BiFurious","Terror+1","RobotSpaceExplorer:SurgingShield"],"picked":"alterego_mod:Cushion+1","floor":48},{"not_picked":["Capacitor+1","Reckless Charge","Deflect+1","RobotSpaceExplorer:SelfCleaning+1"],"picked":"SKIP","floor":54}],"player_experience":974520,"relics_obtained":[{"floor":1.0,"key":"Question Card"},{"floor":1.0,"key":"PrismaticShard"},{"floor":6.0,"key":"Bottled Flame"},{"floor":16.0,"key":"ImportantClient"},{"floor":23.0,"key":"testmod-Justice"},{"floor":25.0,"key":"StrikeDummy"},{"floor":26.0,"key":"conspire:Dentures"},{"floor":31,"key":"Red Mask"},{"floor":34,"key":"Bronze Scales"},{"floor":34,"key":"The Courier"},{"floor":34,"key":"RobotSpaceExplorer:ToughPlating"},{"floor":41,"key":"RobotSpaceExplorer:PlasmaHourglass"},{"floor":43,"key":"Frozen Egg 2"},{"floor":45,"key":"Bottled Lightning"},{"floor":54,"key":"testmod-AssaultLearning"}],"event_choices":[{"damage_healed":0.0,"max_hp_gain":0.0,"max_hp_loss":0.0,"gold_gain":0.0,"event_name":"World of Goop","player_choice":"Left Gold","floor":2.0,"gold_loss":-1288.0,"damage_taken":0.0},{"damage_healed":0.0,"max_hp_gain":0.0,"max_hp_loss":0.0,"gold_gain":0.0,"event_name":"conspire:LoneGhost","player_choice":"Agree","floor":11.0,"gold_loss":0.0,"damage_taken":0.0},{"damage_healed":0.0,"max_hp_gain":0.0,"max_hp_loss":0.0,"gold_gain":0.0,"event_name":"The Library","player_choice":"Read","floor":20.0,"gold_loss":0.0,"damage_taken":0.0,"cards_obtained":["RobotSpaceExplorer:FranticSearch"]},{"damage_healed":0.0,"max_hp_gain":0.0,"max_hp_loss":0.0,"gold_gain":0.0,"event_name":"Knowing Skull","player_choice":"","floor":21.0,"potions_obtained":[],"gold_loss":0.0,"damage_taken":6.0,"cards_obtained":[]},{"damage_healed":0.0,"max_hp_gain":0.0,"max_hp_loss":0.0,"gold_gain":400.0,"event_name":"恩洛斯的盘子","player_choice":"Sell","floor":30.0,"relics_lost":["DaveBox"],"gold_loss":0.0,"damage_taken":0.0},{"damage_healed":0,"gold_gain":0,"player_choice":"Fought Bandits","damage_taken":0,"max_hp_gain":0,"max_hp_loss":0,"event_name":"Masked Bandits","floor":31,"gold_loss":0},{"damage_healed":0,"gold_gain":0,"player_choice":"Max HP","damage_taken":0,"max_hp_gain":0,"max_hp_loss":4,"event_name":"Winding Halls","floor":36,"gold_loss":0},{"cards_removed":["conspire:GhostlyDefend"],"damage_healed":5,"gold_gain":0,"player_choice":"Offered Special","damage_taken":0,"max_hp_gain":0,"max_hp_loss":0,"event_name":"Bonfire Elementals","floor":37,"gold_loss":0}],"is_beta":false,"boss_relics":[{"not_picked":["Astrolabe","Runic Pyramid"],"picked":"PatriotShield"},{"not_picked":["Velvet Choker","testmod-BatchProcessingSystem"],"picked":"Calling Bell"}],"items_purged_floors":[],"is_endless":false,"potions_floor_spawned":[3,10,12,14,22,23,25,29,33,41,44,45,46,54],"ascension_level":0}}