{"host":"zxezw9t7myeayiva","time":1608158515,"event":{"mods":["2.2 Compatiblity","Act Like it!","BaseMod","Colored Map","Downfall","Hallownest","Hermit","Infinite Spire","Lobotomy","Marisa????????","Minty Spire (QoL Compilation)","Replay The Spire","Somnambulant","StSLib","The Animator","The Cursed","The Disciple","The Hierophant","The Jungle","The Servant 0.9.4"],"gold_per_floor":[110,126,126,201,271,297,317,317,317,334,42,42,69,84,84,179,179,195,195,51,70,70,70,70],"floor_reached":23,"playtime":1507,"items_purged":[],"score":299,"play_id":"4b4900ac-a415-4658-813e-571435727ddf","local_time":"20201216164155","is_ascension_mode":false,"campfire_choices":[{"data":"ConjureBlade","floor":8,"key":"SMITH"},{"floor":15,"key":"DIG"}],"circlet_count":0,"master_deck":["Strike_P","Strike_P","Defend_P","Defend_P","Defend_P","Defend_P","Eruption","Vigilance","Tantrum","ThirdEye","CrushJoints","ConjureBlade+1","Replay:Vibes","Replay:Hum","MasterReality+1","Prostrate+1","infinitespire:Punishment"],"relics":["HolyWater","NeowsBlessing","Iron Hammer","Damaru","Vajra","Shovel","Golden Egg","Orichalcum","Replay:Mystery Machine"],"acts_visited":["Exordium","Exordium"],"potions_floor_usage":[13,13,16,21],"damage_taken":[{"damage":0,"enemies":"2 Louse","floor":1,"turns":1},{"damage":0,"enemies":"Small Slimes","floor":2,"turns":1},{"damage":0,"enemies":"Lagavulin","floor":6,"turns":1},{"damage":0,"enemies":"Jaw Worm","floor":7,"turns":1},{"damage":0,"enemies":"Blue Slaver","floor":10,"turns":1},{"damage":12,"enemies":"3 Sentries","floor":13,"turns":3},{"damage":14,"enemies":"Exordium Thugs","floor":14,"turns":3},{"damage":0,"enemies":"Slime Boss","floor":16,"turns":4},{"damage":26,"enemies":"theJungle:MUSHROOMGANG","floor":18,"turns":4},{"damage":19,"enemies":"theJungle:Flameango_and_Byrd","floor":21,"turns":3},{"damage":35,"enemies":"theJungle:Cassacara","floor":23,"turns":2}],"seed_played":"-717980748180696786","potions_obtained":[{"floor":1,"key":"Death Potion"},{"floor":2,"key":"sneckomod:MuddlingPotion"},{"floor":5,"key":"DuplicationPotion"},{"floor":5,"key":"SkillPotion"},{"floor":14,"key":"Milkshake"},{"floor":16,"key":"SteroidPotion"},{"floor":18,"key":"Fire Potion"}],"is_trial":false,"path_per_floor":["M","M","?","?","?","E","M","R","T","M","$","?","E","M","R_BF","B",null,"M","?","$","M","AVR","E"],"character_chosen":"WATCHER","items_purchased":["Shovel","Replay:Mystery Machine"],"campfire_rested":0,"item_purchase_floors":[11,20],"current_hp_per_floor":[72,72,65,54,36,36,36,36,36,36,36,29,17,3,3,3,72,46,46,46,27,27,0,0],"gold":70,"neow_bonus":"THREE_ENEMY_KILL","is_daily":false,"chose_seed":false,"campfire_upgraded":1,"win_rate":0.0,"timestamp":1608158515,"path_taken":["M","M","?","?","?","E","M","R","T","?","$","?","E","M","R_BF","BOSS","M","?","?","M","AVR","E"],"items_purchased_type":["Relic","Relic"],"build_version":"2020-12-13","purchased_purges":0,"victory":false,"max_hp_per_floor":[72,72,72,72,72,72,72,72,72,72,72,72,72,72,72,72,72,72,72,72,72,72,72,72],"card_choices":[{"not_picked":["BowlingBash","Halt"],"picked":"Tantrum","floor":1},{"not_picked":["EmptyBody","FlurryOfBlows"],"picked":"ThirdEye","floor":2},{"not_picked":["EmptyMind","Evaluate"],"picked":"CrushJoints","floor":6},{"not_picked":["Replay:AtTheReady","JustLucky"],"picked":"ConjureBlade","floor":7},{"not_picked":["CutThroughFate","CarveReality"],"picked":"Replay:Vibes","floor":10},{"not_picked":["CrushJoints","CutThroughFate"],"picked":"Replay:Hum","floor":13},{"not_picked":["CrushJoints","CarveReality","FlyingSleeves"],"picked":"SKIP","floor":14},{"not_picked":["Vault","DeusExMachina"],"picked":"MasterReality","floor":16},{"not_picked":["ThirdEye","MentalFortress"],"picked":"Prostrate+1","floor":18},{"not_picked":["Halt+1","ThirdEye+1","EmptyBody"],"picked":"SKIP","floor":21}],"player_experience":308454,"relics_obtained":[{"floor":6,"key":"Damaru"},{"floor":9,"key":"Vajra"},{"floor":13,"key":"Golden Egg"},{"floor":15,"key":"Orichalcum"}],"event_choices":[{"damage_healed":0,"gold_gain":0,"player_choice":"Success","damage_taken":7,"relics_obtained":["Iron Hammer"],"max_hp_gain":0,"max_hp_loss":0,"event_name":"Scrap Ooze","floor":3,"gold_loss":0},{"damage_healed":0,"gold_gain":75,"player_choice":"Gather Gold","damage_taken":11,"max_hp_gain":0,"max_hp_loss":0,"event_name":"World of Goop","floor":4,"gold_loss":0},{"cards_removed":["Strike_P"],"damage_healed":0,"gold_gain":0,"player_choice":"Card Removal","damage_taken":7,"max_hp_gain":0,"max_hp_loss":0,"event_name":"Golden Wing","floor":12,"gold_loss":0},{"cards_removed":["Strike_P"],"damage_healed":0,"gold_gain":0,"player_choice":"Card Removal","damage_taken":0,"max_hp_gain":0,"max_hp_loss":0,"event_name":"Wheel of Change","floor":19,"gold_loss":0}],"is_beta":false,"boss_relics":[{"not_picked":["Empty Cage","ReplayTheSpireMod:DimensionalGlitch"],"picked":"HolyWater"}],"items_purged_floors":[],"is_endless":false,"potions_floor_spawned":[1,2,14,16,18],"killed_by":"theJungle:Cassacara","ascension_level":0}}