{"host":"99ad87xtd5ypi7ii","time":1608101246,"event":{"mods":["BaseMod","Hermit","Highlight Path","Marisa????????","Minty Spire (QoL Compilation)","Robot Space Explorer","StSLib","The Bladedancer","The Construct","The Cursed","The Disciple","The Elementalist","The Gatherer","The Hierophant","The Runesmith","The Servant 0.9.4","TheVacant"],"gold_per_floor":[119,169,169,169,244,273,273,128,152,178,196,196,215,234,234,330,330,349,349,367,13,13,43,43,73,73,98,98,23,23,36,36,137,137,148,148,164,20,30,30,57,57,57,57,73,73,73,102,114,126],"floor_reached":51,"playtime":2879,"items_purged":["RobotSpaceExplorer:Strike","RobotSpaceExplorer:Strike"],"score":1127,"play_id":"520fd910-1123-4a0a-b605-f832e46f6bfd","local_time":"20201216074726","is_ascension_mode":true,"campfire_choices":[{"data":"RobotSpaceExplorer:MiniLasers","floor":7,"key":"SMITH"},{"data":"RobotSpaceExplorer:LaserBurst","floor":12,"key":"SMITH"},{"data":"RobotSpaceExplorer:Fix","floor":15,"key":"SMITH"},{"data":"RobotSpaceExplorer:Accelerator","floor":24,"key":"SMITH"},{"floor":28,"key":"REST"},{"data":"RobotSpaceExplorer:TrailblazerForm","floor":30,"key":"SMITH"},{"data":"RobotSpaceExplorer:IronShell","floor":32,"key":"SMITH"},{"data":"RobotSpaceExplorer:ChargingLaser","floor":40,"key":"SMITH"},{"floor":42,"key":"REST"},{"floor":44,"key":"REST"},{"floor":49,"key":"REST"}],"circlet_count":0,"master_deck":["RobotSpaceExplorer:Strike","RobotSpaceExplorer:Defend","RobotSpaceExplorer:Defend","RobotSpaceExplorer:Defend","RobotSpaceExplorer:Defend","RobotSpaceExplorer:Scan","RobotSpaceExplorer:MiniLasers+1","RobotSpaceExplorer:LuckyStrike","RobotSpaceExplorer:ImprovisedAttack","RobotSpaceExplorer:LaserBurst+1","RobotSpaceExplorer:IronShell+1","RobotSpaceExplorer:Fix+1","RobotSpaceExplorer:LuckyStrike","RobotSpaceExplorer:ImprovisedAttack","RobotSpaceExplorer:Accelerator+1","RobotSpaceExplorer:ShovelStrike+1","RobotSpaceExplorer:MiniDrones+1","RobotSpaceExplorer:TrailblazerForm+1","RobotSpaceExplorer:ScrapMissile+1","RobotSpaceExplorer:Fix","RobotSpaceExplorer:Jetpack+1","RobotSpaceExplorer:ChargingLaser+1","RobotSpaceExplorer:ScrapToss","RobotSpaceExplorer:TrailblazerForm+1","Madness","Madness"],"relics":["RobotSpaceExplorer:RoboCore","NeowsBlessing","Torii","Akabeko","Happy Flower","Bottled Flame","RobotSpaceExplorer:Reprocessor","Prayer Wheel","Runesmith:Nanobots","Singing Bowl","PreservedInsect","Frozen Egg 2","Tiny Chest","construct:ClawGrip","DollysMirror","Vajra","RobotSpaceExplorer:BottledGravity","MawBank"],"acts_visited":["Exordium","TheCity","TheBeyond"],"potions_floor_usage":[16,16,27,36,37,39,45,45,48],"damage_taken":[{"damage":0,"enemies":"Cultist","floor":1,"turns":1},{"damage":0,"enemies":"Lagavulin","floor":6,"turns":1},{"damage":0,"enemies":"Gremlin Nob","floor":10,"turns":1},{"damage":0,"enemies":"Small Slimes","floor":11,"turns":1},{"damage":0,"enemies":"2 Louse","floor":13,"turns":1},{"damage":0,"enemies":"2 Fungi Beasts","floor":14,"turns":1},{"damage":10,"enemies":"The Guardian","floor":16,"turns":15},{"damage":6,"enemies":"3 Byrds","floor":18,"turns":5},{"damage":1,"enemies":"2 Thieves","floor":20,"turns":2},{"damage":8,"enemies":"Slavers","floor":23,"turns":4},{"damage":12,"enemies":"Gremlin Leader","floor":25,"turns":7},{"damage":27,"enemies":"Slavers","floor":27,"turns":2},{"damage":14,"enemies":"Centurion and Healer","floor":31,"turns":3},{"damage":12,"enemies":"Collector","floor":33,"turns":15},{"damage":0,"enemies":"3 Darklings","floor":35,"turns":2},{"damage":13,"enemies":"3 Shapes","floor":36,"turns":3},{"damage":20,"enemies":"Maw","floor":37,"turns":6},{"damage":31,"enemies":"Jaw Worm Horde","floor":39,"turns":4},{"damage":40,"enemies":"Giant Head","floor":41,"turns":8},{"damage":0,"enemies":"Spire Growth","floor":45,"turns":1},{"damage":30,"enemies":"Reptomancer","floor":48,"turns":6},{"damage":49,"enemies":"Awakened One","floor":50,"turns":12}],"seed_played":"-5517997504514327546","potions_obtained":[{"floor":6,"key":"PowerPotion"},{"floor":10,"key":"Dexterity Potion"},{"floor":13,"key":"SmokeBomb"},{"floor":16,"key":"Swift Potion"},{"floor":18,"key":"Strength Potion"},{"floor":27,"key":"FearPotion"},{"floor":37,"key":"LiquidMemories"},{"floor":39,"key":"Strength Potion"},{"floor":45,"key":"BlessingOfTheForge"}],"is_trial":false,"path_per_floor":["M","?","?","?","?","E","R","$","T","E","M","R","M","M","R","B",null,"M","?","M","$","?","E","R","E","T","E","R","$","R","M","R","B",null,"M","M","M","$","M","R","E","R","T","R","M","?","T","E","R","B",null],"character_chosen":"RobotSpaceExplorer","items_purchased":["RobotSpaceExplorer:LaserBurst","Runesmith:Nanobots","RobotSpaceExplorer:Fix","DollysMirror"],"campfire_rested":4,"item_purchase_floors":[8,21,29,38],"current_hp_per_floor":[68,68,61,54,43,43,43,43,43,43,43,43,43,47,47,43,67,67,67,66,66,66,64,64,60,60,33,56,56,56,54,54,52,72,76,73,65,65,42,42,14,41,41,68,72,60,60,44,73,34],"gold":138,"neow_bonus":"THREE_ENEMY_KILL","is_daily":false,"chose_seed":false,"campfire_upgraded":7,"win_rate":0.0,"timestamp":1608101246,"path_taken":["M","?","?","?","?","E","R","$","T","E","M","R","M","M","R","BOSS","M","?","M","$","?","E","R","E","T","E","R","$","R","?","R","BOSS","M","M","?","$","M","R","E","R","T","R","M","?","?","E","R","BOSS"],"items_purchased_type":["Card","Relic","Card","Relic"],"build_version":"2020-12-13","purchased_purges":2,"victory":true,"max_hp_per_floor":[75,75,75,75,75,75,75,75,75,75,75,75,75,75,75,75,75,75,75,75,75,75,75,75,77,77,77,77,77,77,79,79,79,79,83,83,85,85,89,89,91,91,91,91,95,95,95,97,97,97],"card_choices":[{"not_picked":["RobotSpaceExplorer:FranticSearch","RobotSpaceExplorer:SurgingStrike"],"picked":"RobotSpaceExplorer:LuckyStrike","floor":1},{"not_picked":["RobotSpaceExplorer:SurgingStrike","RobotSpaceExplorer:ToxicBomb"],"picked":"RobotSpaceExplorer:ImprovisedAttack","floor":6},{"not_picked":["RobotSpaceExplorer:FreezingShield","RobotSpaceExplorer:MiniBoosters"],"picked":"RobotSpaceExplorer:IronShell","floor":10},{"not_picked":["RobotSpaceExplorer:ExhaustFan","RobotSpaceExplorer:GlueSpray"],"picked":"RobotSpaceExplorer:Fix","floor":11},{"not_picked":["RobotSpaceExplorer:SurgingShield","RobotSpaceExplorer:FrostMissile"],"picked":"RobotSpaceExplorer:LuckyStrike","floor":13},{"not_picked":["RobotSpaceExplorer:MiniDrones","RobotSpaceExplorer:FrostMissile"],"picked":"RobotSpaceExplorer:ImprovisedAttack","floor":14},{"not_picked":["RobotSpaceExplorer:Asteroid","RobotSpaceExplorer:Scanner"],"picked":"RobotSpaceExplorer:Accelerator","floor":16},{"not_picked":["RobotSpaceExplorer:GlueShot","RobotSpaceExplorer:SurgingStrike+1","RobotSpaceExplorer:SwiftStep"],"picked":"SKIP","floor":18},{"not_picked":["RobotSpaceExplorer:StunGrenade+1","RobotSpaceExplorer:PowerCollector"],"picked":"RobotSpaceExplorer:ShovelStrike+1","floor":20},{"not_picked":["RobotSpaceExplorer:SlimeMissile","RobotSpaceExplorer:FreezingShield"],"picked":"RobotSpaceExplorer:MiniDrones+1","floor":20},{"not_picked":["RobotSpaceExplorer:Smokescreen","RobotSpaceExplorer:MiniDrones"],"picked":"RobotSpaceExplorer:TrailblazerForm","floor":23},{"not_picked":["RobotSpaceExplorer:ScrapMissile","RobotSpaceExplorer:ShovelStrike","RobotSpaceExplorer:MiniBoosters"],"picked":"Singing Bowl","floor":25},{"not_picked":["RobotSpaceExplorer:FranticSearch+1","RobotSpaceExplorer:Counterblock"],"picked":"RobotSpaceExplorer:ScrapMissile+1","floor":27},{"not_picked":["RobotSpaceExplorer:MetalStrike","RobotSpaceExplorer:ToxicBomb+1","RobotSpaceExplorer:Ammunition+1"],"picked":"Singing Bowl","floor":31},{"not_picked":["RobotSpaceExplorer:ExhaustFan+1","RobotSpaceExplorer:Fix"],"picked":"RobotSpaceExplorer:Jetpack+1","floor":31},{"not_picked":["RobotSpaceExplorer:Scanner+1","RobotSpaceExplorer:ShockMissile"],"picked":"RobotSpaceExplorer:ChargingLaser","floor":33},{"not_picked":["RobotSpaceExplorer:Blitz+1","RobotSpaceExplorer:MakeshiftVolley","RobotSpaceExplorer:Ammunition+1"],"picked":"Singing Bowl","floor":35},{"not_picked":["RobotSpaceExplorer:GlueShot","RobotSpaceExplorer:FrostMissile+1","RobotSpaceExplorer:Calculate+1"],"picked":"Singing Bowl","floor":35},{"not_picked":["RobotSpaceExplorer:ExhaustFan+1","RobotSpaceExplorer:ScrapMissile"],"picked":"RobotSpaceExplorer:ScrapToss","floor":37},{"not_picked":["RobotSpaceExplorer:StunGrenade+1","RobotSpaceExplorer:SelfCleaning","RobotSpaceExplorer:ShockKick+1"],"picked":"Singing Bowl","floor":37},{"not_picked":["RobotSpaceExplorer:Counterblock+1","RobotSpaceExplorer:FranticSearch","RobotSpaceExplorer:StunGrenade"],"picked":"Singing Bowl","floor":39},{"not_picked":["RobotSpaceExplorer:SelfCleaning","RobotSpaceExplorer:ShockKick","RobotSpaceExplorer:ShovelStrike+1"],"picked":"Singing Bowl","floor":39},{"not_picked":["RobotSpaceExplorer:FrostMissile","RobotSpaceExplorer:SwiftStep+1","RobotSpaceExplorer:ImprovisedAttack+1"],"picked":"Singing Bowl","floor":41},{"not_picked":["RobotSpaceExplorer:Calculate","RobotSpaceExplorer:GlueShot+1","RobotSpaceExplorer:Ammunition"],"picked":"Singing Bowl","floor":45},{"not_picked":["RobotSpaceExplorer:Electropulse+1","RobotSpaceExplorer:BlastShield","RobotSpaceExplorer:ScrapMissile"],"picked":"Singing Bowl","floor":45},{"not_picked":["RobotSpaceExplorer:ScrapShield+1","RobotSpaceExplorer:FranticSearch","RobotSpaceExplorer:SurgingStrike"],"picked":"Singing Bowl","floor":48}],"player_experience":758780,"relics_obtained":[{"floor":6,"key":"Akabeko"},{"floor":9,"key":"Happy Flower"},{"floor":10,"key":"Bottled Flame"},{"floor":23,"key":"Singing Bowl"},{"floor":25,"key":"PreservedInsect"},{"floor":26,"key":"Frozen Egg 2"},{"floor":27,"key":"Tiny Chest"},{"floor":41,"key":"Vajra"},{"floor":47,"key":"RobotSpaceExplorer:BottledGravity"},{"floor":48,"key":"MawBank"}],"event_choices":[{"cards_removed":["RobotSpaceExplorer:Strike"],"damage_healed":0,"gold_gain":0,"player_choice":"Card Removal","damage_taken":7,"max_hp_gain":0,"max_hp_loss":0,"event_name":"Golden Wing","floor":3,"gold_loss":0},{"damage_healed":0,"gold_gain":0,"player_choice":"Success","damage_taken":7,"relics_obtained":["Torii"],"max_hp_gain":0,"max_hp_loss":0,"event_name":"Scrap Ooze","floor":4,"gold_loss":0},{"damage_healed":0,"gold_gain":75,"player_choice":"Gather Gold","damage_taken":11,"max_hp_gain":0,"max_hp_loss":0,"event_name":"World of Goop","floor":5,"gold_loss":0},{"damage_healed":0,"gold_gain":0,"player_choice":"Opened","damage_taken":0,"relics_obtained":["Prayer Wheel"],"max_hp_gain":0,"max_hp_loss":0,"event_name":"The Mausoleum","floor":19,"gold_loss":0},{"damage_healed":0,"gold_gain":0,"player_choice":"Ignored","damage_taken":0,"max_hp_gain":0,"max_hp_loss":0,"event_name":"Vampires","floor":22,"gold_loss":0},{"damage_healed":0,"gold_gain":0,"player_choice":"Embrace Madness","damage_taken":12,"max_hp_gain":0,"max_hp_loss":0,"event_name":"Winding Halls","floor":46,"gold_loss":0,"cards_obtained":["Madness","Madness"]}],"is_beta":false,"boss_relics":[{"not_picked":["Snecko Eye","Runesmith:UraniumAnvil"],"picked":"RobotSpaceExplorer:Reprocessor"},{"not_picked":["Empty Cage","Tiny House"],"picked":"construct:ClawGrip"}],"items_purged_floors":[8,21],"is_endless":false,"potions_floor_spawned":[6,10,13,16,18,27,37,39,45],"ascension_level":8}}