{"host":"6xsbn6ynqlzwllfm","time":1608127917,"event":{"mods":["2.2 Compatiblity","BaseMod","Bestiary","Colored Map","Colored Powertips","Downfall","Googly Eyes","Highlight Path","Minty Spire (QoL Compilation)","Relic Stats","Slay the Relics Exporter","StSLib"],"gold_per_floor":[113,113,130,49,68,68,85,85,85,119,119,180,180,192,192,290,290,310,310,310,322,91,116,116,150,150,166,186,38,38,56,56,152,152,171,222,241,255,267,267,177,177,200,211,211,224,250,263,263,263],"floor_reached":51,"playtime":1821,"items_purged":["Guardian:Suspension"],"score":1340,"play_id":"64d16623-2927-4919-8fe0-2690c2eabf11","local_time":"20201216091157","is_ascension_mode":true,"campfire_choices":[{"data":"Guardian:CurlUp","floor":6,"key":"SMITH"},{"floor":8,"key":"REST"},{"data":"Guardian:Harden","floor":13,"key":"SMITH"},{"data":"Guardian:Planning","floor":15,"key":"SMITH"},{"data":"Guardian:Orbwalk","floor":24,"key":"SMITH"},{"data":"1","floor":30,"key":"LIFT"},{"data":"2","floor":32,"key":"LIFT"},{"data":"3","floor":40,"key":"LIFT"},{"floor":42,"key":"REST"},{"floor":45,"key":"REST"},{"floor":49,"key":"RECALL"}],"circlet_count":0,"master_deck":["AscendersBane","Guardian:CurlUp+1","Guardian:TwinSlam","Guardian:Reroute","Guardian:Harden+1","Guardian:FloatingOrbs","Guardian:VentSteam","Guardian:Planning+1","Guardian:StasisEngine+1","Guardian:GemFire+1","Guardian:PrismaticBarrier","Guardian:Orbwalk+1","Guardian:StasisStrike+1","Guardian:PiercingHide+1","Guardian:PrismaticBeam+1","Guardian:TemporalShield","Guardian:RevengeProtocol","Guardian:Clone","Guardian:PolyBeam+1","Guardian:SphericShield","Guardian:MultiBeam+1"],"relics":["Philosopher\u0027s Stone","Guardian:PickAxe","Mercury Hourglass","Ornamental Fan","Molten Egg 2","Pandora\u0027s Box","MutagenicStrength","Guardian:BottledStasis","Ancient Tea Set","CaptainsWheel","Girya","Strawberry","Fusion Hammer","Bird Faced Urn","Centennial Puzzle","Nunchaku"],"acts_visited":["Exordium","TheCity","TheBeyond"],"potions_floor_usage":[5,5,7,21,25,28],"damage_taken":[{"damage":6,"enemies":"Small Slimes","floor":1,"turns":4},{"damage":15,"enemies":"2 Louse","floor":3,"turns":3},{"damage":8,"enemies":"Jaw Worm","floor":5,"turns":2},{"damage":0,"enemies":"Red Slaver","floor":7,"turns":2},{"damage":1,"enemies":"3 Sentries","floor":10,"turns":5},{"damage":2,"enemies":"Gremlin Nob","floor":12,"turns":4},{"damage":0,"enemies":"3 Louse","floor":14,"turns":3},{"damage":7,"enemies":"Hexaghost","floor":16,"turns":9},{"damage":0,"enemies":"Shell Parasite","floor":18,"turns":1},{"damage":0,"enemies":"3 Byrds","floor":21,"turns":3},{"damage":0,"enemies":"Gremlin Leader","floor":23,"turns":1},{"damage":15,"enemies":"Slavers","floor":25,"turns":2},{"damage":5,"enemies":"Shelled Parasite and Fungi","floor":27,"turns":3},{"damage":10,"enemies":"Snake Plant","floor":28,"turns":3},{"damage":0,"enemies":"Centurion and Healer","floor":31,"turns":3},{"damage":0,"enemies":"Champ","floor":33,"turns":4},{"damage":9,"enemies":"3 Darklings","floor":35,"turns":3},{"damage":10,"enemies":"2 Orb Walkers","floor":36,"turns":2},{"damage":1,"enemies":"3 Shapes","floor":37,"turns":3},{"damage":0,"enemies":"Maw","floor":38,"turns":2},{"damage":23,"enemies":"Writhing Mass","floor":39,"turns":2},{"damage":0,"enemies":"Jaw Worm Horde","floor":44,"turns":1},{"damage":4,"enemies":"Sphere and 2 Shapes","floor":46,"turns":3},{"damage":8,"enemies":"Nemesis","floor":47,"turns":3},{"damage":0,"enemies":"Writhing Mass","floor":48,"turns":2},{"damage":32,"enemies":"Donu and Deca","floor":50,"turns":3}],"seed_played":"-1469422777653661588","potions_obtained":[{"floor":3,"key":"EntropicBrew"},{"floor":5,"key":"GamblersBrew"},{"floor":12,"key":"Regen Potion"},{"floor":16,"key":"LiquidMemories"},{"floor":18,"key":"Swift Potion"},{"floor":23,"key":"Weak Potion"},{"floor":25,"key":"champ:CounterPotion"},{"floor":31,"key":"Energy Potion"},{"floor":35,"key":"DuplicationPotion"},{"floor":48,"key":"Regen Potion"}],"is_trial":false,"path_per_floor":["M","?","M","$","M","R","M","R","T","E","?","?","R","M","R","B",null,"M","?","?","M","$","E","R","E","T","M","M","$","R","M","R","B",null,"M","?","M","M","M","R","?","R","T","M","R","M","E","M","R","B",null],"character_chosen":"GUARDIAN","items_purchased":["Guardian:FloatingOrbs","Guardian:BottledStasis","Strawberry"],"campfire_rested":3,"item_purchase_floors":[4,22,29],"current_hp_per_floor":[66,42,27,27,19,19,19,43,43,42,26,24,24,24,24,17,64,64,64,64,64,64,64,64,49,49,44,34,41,41,41,41,41,76,67,57,64,66,45,45,45,71,71,73,87,87,83,85,85,55],"gold":263,"neow_bonus":"BOSS_RELIC","is_daily":false,"chose_seed":false,"campfire_upgraded":4,"win_rate":0.0,"timestamp":1608127917,"path_taken":["M","?","M","$","M","R","M","R","T","E","?","?","R","M","R","BOSS","M","?","?","?","$","E","R","E","T","M","M","?","R","M","R","BOSS","M","?","M","M","M","R","?","R","T","M","R","?","E","M","R","BOSS"],"items_purchased_type":["Card","Relic","Relic"],"build_version":"2020-12-13","purchased_purges":1,"victory":true,"max_hp_per_floor":[80,80,80,80,80,80,80,80,80,80,80,80,80,80,80,80,80,80,80,80,80,80,80,80,80,80,80,80,87,87,87,87,87,87,87,87,87,87,87,87,87,87,87,87,87,87,87,87,87,87],"relic_stats":{"Centennial Puzzle":[9],"Nunchaku":[1],"counters":[26,74],"Ornamental Fan":[92],"Bird Faced Urn":[26],"Pandora\u0027s Box":["Guardian:StasisEngine","Guardian:GemFire","Guardian:PrismaticBarrier","Guardian:Orbwalk","Guardian:StasisStrike","Guardian:Planning","Guardian:Gem_Yellow","Guardian:Suspension"],"obtain_stats":[{"Guardian:BottledStasis":22,"Girya":26,"Guardian:ModeShifter":0,"Ancient Tea Set":23,"Mercury Hourglass":9,"Guardian:PickAxe":2,"CaptainsWheel":25,"Centennial Puzzle":43,"Nunchaku":47,"Ornamental Fan":10,"MutagenicStrength":19,"Strawberry":29,"Bird Faced Urn":36,"Philosopher\u0027s Stone":0,"Molten Egg 2":12,"Pandora\u0027s Box":17,"Fusion Hammer":34},{"Guardian:BottledStasis":10,"Girya":12,"Guardian:ModeShifter":0,"Ancient Tea Set":11,"Mercury Hourglass":4,"Guardian:PickAxe":1,"CaptainsWheel":12,"Centennial Puzzle":21,"Nunchaku":24,"Ornamental Fan":5,"MutagenicStrength":9,"Strawberry":14,"Bird Faced Urn":18,"Philosopher\u0027s Stone":0,"Molten Egg 2":6,"Pandora\u0027s Box":8,"Fusion Hammer":16},{"Guardian:BottledStasis":34,"Girya":37,"Guardian:ModeShifter":0,"Ancient Tea Set":35,"Mercury Hourglass":11,"Guardian:PickAxe":4,"CaptainsWheel":37,"Centennial Puzzle":62,"Nunchaku":69,"Ornamental Fan":15,"MutagenicStrength":31,"Strawberry":43,"Bird Faced Urn":55,"Philosopher\u0027s Stone":0,"Molten Egg 2":19,"Pandora\u0027s Box":30,"Fusion Hammer":50}],"Mercury Hourglass":[271]},"card_choices":[{"not_picked":["Guardian:ChargeCore","Guardian:Incinerate"],"picked":"Guardian:Reroute","floor":1},{"not_picked":["Guardian:Clone","Guardian:SpikerProtocol"],"picked":"Guardian:Harden","floor":3},{"not_picked":["Guardian:Recover","Guardian:TemporalStrike"],"picked":"Guardian:VentSteam","floor":5},{"not_picked":["Guardian:ShieldCharger","Guardian:CrystalBeam"],"picked":"Guardian:Gem_Synthetic","floor":7},{"not_picked":["Guardian:DecasProtection","Guardian:BronzeOrb"],"picked":"Guardian:Gem_Purple","floor":10},{"not_picked":["Guardian:Suspension","Guardian:TemporalStrike+1"],"picked":"Guardian:Gem_Blue","floor":12},{"not_picked":["Guardian:Reroute+1","Guardian:Recover"],"picked":"Guardian:Planning","floor":14},{"not_picked":["Guardian:AncientConstruct","Guardian:BaubleBeam+1"],"picked":"Guardian:Gem_Synthetic","floor":16},{"not_picked":["Guardian:Orbwalk+1","Guardian:Gem_Blue"],"picked":"Guardian:PiercingHide+1","floor":18},{"not_picked":["Guardian:PrimingBeam+1","Guardian:ChargeCore+1"],"picked":"Guardian:GemFinder","floor":23},{"not_picked":["Guardian:WalkerClaw+1","Guardian:PrismaticBeam+1","Guardian:Incinerate+1"],"picked":"SKIP","floor":25},{"not_picked":["Guardian:WalkerClaw+1","Guardian:Incinerate+1"],"picked":"Guardian:PrismaticBeam+1","floor":25},{"not_picked":["Guardian:Gem_Green","Guardian:Gem_Lightblue"],"picked":"Guardian:Gem_Red","floor":25},{"not_picked":["Guardian:Gem_Cyan","Guardian:Gem_Green"],"picked":"Guardian:Gem_Red","floor":27},{"not_picked":["Guardian:TimeBomb","Guardian:Incinerate+1","Guardian:WalkerClaw+1"],"picked":"SKIP","floor":27},{"not_picked":["Guardian:Gem_Lightblue","Guardian:Gem_Green"],"picked":"Guardian:Gem_Cyan","floor":28},{"not_picked":["Guardian:WalkerClaw+1","Guardian:Preprogram"],"picked":"Guardian:TemporalShield","floor":28},{"not_picked":["Guardian:Reroute+1","Guardian:WalkerClaw+1"],"picked":"Guardian:Gem_Red","floor":31},{"not_picked":["Guardian:ConstructionForm","Guardian:BaubleBeam+1"],"picked":"Guardian:RevengeProtocol","floor":33},{"not_picked":["Guardian:PiercingHide+1","Guardian:ShieldCharger"],"picked":"Guardian:Clone","floor":35},{"not_picked":["Guardian:ShieldCharger+1","Guardian:WalkerClaw+1"],"picked":"Guardian:PolyBeam+1","floor":36},{"not_picked":["Guardian:Gem_Red","Guardian:Gem_Green"],"picked":"Guardian:Gem_Cyan","floor":37},{"not_picked":["Guardian:VentSteam","Guardian:Gem_Red","Guardian:Planning"],"picked":"SKIP","floor":38},{"not_picked":["Guardian:Planning","Guardian:Gem_Red"],"picked":"Guardian:SphericShield","floor":39},{"not_picked":["Guardian:DonusPower+1","Guardian:PiercingHide","Guardian:Gem_Lightblue"],"picked":"SKIP","floor":46},{"not_picked":["Guardian:DonusPower","Guardian:PolyBeam+1"],"picked":"Guardian:MultiBeam+1","floor":47},{"not_picked":["Guardian:Gem_White","Guardian:Gem_Cyan","Guardian:WalkerClaw+1"],"picked":"SKIP","floor":48}],"player_experience":1213397,"relics_obtained":[{"floor":9,"key":"Mercury Hourglass"},{"floor":10,"key":"Ornamental Fan"},{"floor":12,"key":"Molten Egg 2"},{"floor":23,"key":"Ancient Tea Set"},{"floor":25,"key":"CaptainsWheel"},{"floor":26,"key":"Girya"},{"floor":36,"key":"Bird Faced Urn"},{"floor":43,"key":"Centennial Puzzle"},{"floor":47,"key":"Nunchaku"}],"event_choices":[{"damage_healed":0,"gold_gain":0,"player_choice":"Entered Light","damage_taken":16,"max_hp_gain":0,"max_hp_loss":0,"event_name":"Shining Light","floor":11,"gold_loss":0,"cards_upgraded":["Guardian:Defend_Guardian","Guardian:Defend_Guardian"]},{"damage_healed":0,"gold_gain":30,"player_choice":"Searched \u00272\u0027 times","damage_taken":0,"max_hp_gain":0,"max_hp_loss":0,"event_name":"Dead Adventurer","floor":12,"gold_loss":0},{"damage_healed":0,"gold_gain":0,"player_choice":"Inject Mutagens","damage_taken":0,"relics_obtained":["MutagenicStrength"],"max_hp_gain":0,"max_hp_loss":0,"event_name":"Drug Dealer","floor":19,"gold_loss":0},{"cards_removed":["Guardian:Planning"],"damage_healed":0,"gold_gain":0,"player_choice":"Elegance","damage_taken":0,"max_hp_gain":0,"max_hp_loss":0,"event_name":"Back to Basics","floor":20,"gold_loss":0},{"damage_healed":0,"gold_gain":0,"player_choice":"Fight","damage_taken":0,"max_hp_gain":0,"max_hp_loss":0,"event_name":"Mysterious Sphere","floor":36,"gold_loss":0},{"cards_removed":["Guardian:GemFinder"],"damage_healed":0,"gold_gain":0,"player_choice":"Upgrade and Remove","damage_taken":0,"max_hp_gain":0,"max_hp_loss":0,"event_name":"Designer","floor":41,"gold_loss":90,"cards_upgraded":["Guardian:StasisEngine"]}],"is_beta":false,"boss_relics":[{"not_picked":["SlaversCollar","SacredBark"],"picked":"Pandora\u0027s Box"},{"not_picked":["Velvet Choker","Guardian:StasisSlotReductionRelic"],"picked":"Fusion Hammer"}],"items_purged_floors":[22],"is_endless":false,"potions_floor_spawned":[3,5,12,16,18,23,25,31,33,35,39,46,48],"ascension_level":12}}