{"host":"hf8yoqke32w15p1q","time":1608158870,"event":{"mods":["Aspiration","BaseMod","BetterRewards","Colored Powertips","Conspire","Hermit","Hubris","Infinite Spire","Minty Spire (QoL Compilation)","Shop Mod","StSLib","The Animator"],"gold_per_floor":[114,114,114,132,132,178,201,235,235,252,252,263,294,316,316,420,420,437,451,451,451,451,451],"floor_reached":22,"playtime":1249,"items_purged":[],"score":266,"play_id":"55973b23-f004-4ee7-b6c6-ac9a252a5d0e","local_time":"20201216174750","is_ascension_mode":true,"campfire_choices":[{"floor":11,"key":"REST"},{"floor":15,"key":"REST"}],"circlet_count":0,"master_deck":["animator:Strike_Overlord","animator:Defend_Overlord","animator:Strike","animator:Strike","animator:Defend","animator:Defend","animator:Defend","animator:Cocytus","animator:Demiurge","infinitespire:Starlight","animator:ChaikaBohdan","animator:Nanami","animator:Entoma+5","animator:Tatsumaki","animator:Viivi","animator:Benimaru","animator:DolaRiku","animator:Sora","animator:PandorasActor+1","animator:NarberalGamma","animator:Fredrika+1","animator:Vesta"],"relics":["animator:LivingPicture","animator:TheMissingPiece","NeowsBlessing","MealTicket","infinitespire:Satchel","PreservedInsect","Whetstone","animator:RacePiece","hubris:BottledHeart"],"acts_visited":["Exordium","TheCity"],"potions_floor_usage":[8,13,13,14,22,22],"damage_taken":[{"damage":0,"enemies":"Small Slimes","floor":1,"turns":2},{"damage":0,"enemies":"Jaw Worm","floor":4,"turns":1},{"damage":0,"enemies":"Gremlin Nob","floor":6,"turns":1},{"damage":5,"enemies":"conspire:RoseBush","floor":7,"turns":5},{"damage":40,"enemies":"3 Sentries","floor":8,"turns":13},{"damage":25,"enemies":"3 Louse","floor":10,"turns":3},{"damage":19,"enemies":"Blue Slaver","floor":12,"turns":4},{"damage":11,"enemies":"Lagavulin","floor":13,"turns":3},{"damage":7,"enemies":"Looter","floor":14,"turns":3},{"damage":34,"enemies":"The Guardian","floor":16,"turns":10},{"damage":23,"enemies":"Spheric Guardian","floor":18,"turns":4},{"damage":45,"enemies":"Shell Parasite","floor":19,"turns":7},{"damage":1,"enemies":"Cultist and Chosen","floor":22,"turns":6}],"seed_played":"-6281027083894205482","potions_obtained":[{"floor":6,"key":"PowerPotion"},{"floor":7,"key":"ColorlessPotion"},{"floor":8,"key":"LiquidMemories"},{"floor":12,"key":"PowerPotion"},{"floor":18,"key":"BlessingOfTheForge"},{"floor":19,"key":"DuplicationPotion"}],"is_trial":false,"path_per_floor":["M","$","?","M","?","E","M","E","T","M","R","M","E","M","R","B",null,"M","M","?","?","M"],"character_chosen":"THE_ANIMATOR","items_purchased":[],"campfire_rested":2,"item_purchase_floors":[],"current_hp_per_floor":[66,66,51,51,51,51,56,26,26,13,33,26,17,10,31,8,73,50,15,15,1,0,0],"gold":451,"neow_bonus":"THREE_ENEMY_KILL","is_daily":false,"chose_seed":false,"campfire_upgraded":0,"win_rate":0.0,"timestamp":1608158870,"path_taken":["M","$","?","M","?","E","M","E","T","M","R","M","E","M","R","BOSS","M","M","?","?","M"],"items_purchased_type":[],"build_version":"2020-12-13","purchased_purges":0,"victory":false,"max_hp_per_floor":[66,66,66,66,66,66,66,66,66,68,68,70,72,72,72,73,73,73,73,73,1,1,1],"card_choices":[{"not_picked":["animator:ChlammyZell","animator:Fredrika"],"picked":"animator:Sonic","floor":1},{"not_picked":["hubris:Rewind","infinitespire:UltimateForm"],"picked":"infinitespire:Starlight","floor":3},{"not_picked":["animator:MetalKnight","animator:Benimaru"],"picked":"animator:ChaikaBohdan","floor":4},{"not_picked":["animator:Souei","animator:Envy"],"picked":"animator:Nanami","floor":6},{"not_picked":["animator:Cocytus","animator:Demiurge"],"picked":"animator:Entoma","floor":7},{"not_picked":["animator:Layla","animator:WinryRockbell"],"picked":"animator:Tatsumaki","floor":8},{"not_picked":["animator:DolaCouronne","animator:Tet"],"picked":"animator:Viivi","floor":10},{"not_picked":["animator:ElricEdward","animator:ChaikaBohdan"],"picked":"animator:Benimaru","floor":12},{"not_picked":["animator:SilverFang","animator:Boros"],"picked":"animator:Genos","floor":13},{"not_picked":["animator:ChlammyZell","animator:Fredrika"],"picked":"animator:DolaRiku","floor":14},{"not_picked":["animator:AcuraShin","animator:ChaikaTrabant"],"picked":"animator:Sora","floor":16},{"not_picked":["animator:Souei","animator:Hakurou+1"],"picked":"animator:Fredrika+1","floor":18},{"not_picked":["animator:Konayuki","animator:Sloth","animator:Benimaru"],"picked":"SKIP","floor":19}],"player_experience":425234,"relics_obtained":[{"floor":6,"key":"MealTicket"},{"floor":8,"key":"infinitespire:Satchel"},{"floor":9,"key":"PreservedInsect"},{"floor":13,"key":"Whetstone"}],"event_choices":[],"is_beta":false,"boss_relics":[{"not_picked":["Calling Bell","Busted Crown"],"picked":"animator:RacePiece"}],"items_purged_floors":[],"is_endless":false,"potions_floor_spawned":[6,7,8,12,18,19],"killed_by":"Cultist and Chosen","ascension_level":3}}