{"host":"utqe55yv0jihe4d6","time":1608093666,"event":{"mods":["2.2 Compatiblity","AchievementEnabler","BaseMod","Block Reminder","Colored Map","Colored Powertips","Minty Spire (QoL Compilation)","Quick Restart","Rare Cards Sparkle","Relic Stats","SuperFastMode"],"gold_per_floor":[13,26,26,41,57,57,84,84,84,110,110,110,127,146,146,219,219,230,230,280,298,298,298,326,346,370,398,415,415,415,415],"floor_reached":30,"playtime":785,"items_purged":[],"score":660,"play_id":"4c35697a-155b-43dc-a019-cf7216005239","local_time":"20201215234106","is_ascension_mode":true,"campfire_choices":[{"data":"Hyperbeam","floor":6,"key":"SMITH"},{"data":"Sunder","floor":8,"key":"SMITH"},{"floor":11,"key":"REST"},{"data":"Conserve Battery","floor":15,"key":"SMITH"},{"floor":23,"key":"REST"}],"circlet_count":0,"master_deck":["AscendersBane","Strike_B","Strike_B","Strike_B","Defend_B","Defend_B","Defend_B","Defend_B","Zap","Dualcast","Streamline","Ball Lightning","Hyperbeam+1","Sunder+1","Conserve Battery+1","Cold Snap","Ball Lightning","BootSequence","Buffer","Skim","Sunder","Consume","Doom and Gloom","Turbo+1"],"relics":["Cracked Core","Thread and Needle","Akabeko","Gremlin Horn","StoneCalendar","Art of War","Snecko Eye","Nilry\u0027s Codex","Ornamental Fan","Omamori","Bag of Preparation","Blue Candle"],"acts_visited":["Exordium","TheCity"],"potions_floor_usage":[7,10,10,24,30,30],"damage_taken":[{"damage":5,"enemies":"Small Slimes","floor":1,"turns":3},{"damage":0,"enemies":"Cultist","floor":2,"turns":3},{"damage":0,"enemies":"2 Louse","floor":4,"turns":3},{"damage":0,"enemies":"Large Slime","floor":5,"turns":4},{"damage":0,"enemies":"3 Sentries","floor":7,"turns":2},{"damage":33,"enemies":"Gremlin Nob","floor":10,"turns":4},{"damage":9,"enemies":"Blue Slaver","floor":13,"turns":2},{"damage":0,"enemies":"Looter","floor":14,"turns":2},{"damage":24,"enemies":"Slime Boss","floor":16,"turns":6},{"damage":8,"enemies":"3 Byrds","floor":18,"turns":3},{"damage":0,"enemies":"Spheric Guardian","floor":21,"turns":4},{"damage":0,"enemies":"Slavers","floor":24,"turns":2},{"damage":3,"enemies":"Shelled Parasite and Fungi","floor":25,"turns":3},{"damage":11,"enemies":"Gremlin Leader","floor":27,"turns":5},{"damage":10,"enemies":"Snake Plant","floor":28,"turns":3},{"damage":25,"enemies":"Book of Stabbing","floor":30,"turns":3}],"seed_played":"3024934692956733331","potions_obtained":[{"floor":2,"key":"SpeedPotion"},{"floor":4,"key":"Strength Potion"},{"floor":7,"key":"Ancient Potion"},{"floor":13,"key":"GamblersBrew"},{"floor":16,"key":"Ancient Potion"},{"floor":21,"key":"Energy Potion"},{"floor":25,"key":"BlessingOfTheForge"}],"is_trial":false,"path_per_floor":["M","M","?","M","M","R","E","R","T","E","R","T","M","M","R","B",null,"M","?","?","M","?","R","E","M","T","E","M","?","E"],"character_chosen":"DEFECT","items_purchased":[],"campfire_rested":2,"item_purchase_floors":[],"current_hp_per_floor":[59,59,59,59,59,59,59,59,59,26,47,47,38,38,38,14,57,49,49,49,49,28,49,49,46,46,35,25,25,0,0],"gold":415,"neow_bonus":"ONE_RARE_RELIC","is_daily":false,"chose_seed":false,"campfire_upgraded":3,"win_rate":0.0,"timestamp":1608093666,"path_taken":["M","M","?","?","M","R","E","R","T","E","R","?","M","M","R","BOSS","M","?","?","M","?","R","E","M","T","E","M","?","E"],"items_purchased_type":[],"build_version":"2020-12-13","purchased_purges":0,"victory":false,"max_hp_per_floor":[71,71,71,71,71,71,71,71,71,71,71,71,71,71,71,71,71,71,71,71,71,71,71,71,71,71,71,71,71,71,71],"relic_stats":{"Gremlin Horn":[11,11],"counters":[16,52],"Ornamental Fan":[16],"Blue Candle":[0],"Snecko Eye":[43,53,51,44],"StoneCalendar":[0],"Art of War":[0],"Bag of Preparation":[4],"obtain_stats":[{"Gremlin Horn":9,"Nilry\u0027s Codex":22,"Ornamental Fan":24,"Blue Candle":29,"Snecko Eye":17,"Thread and Needle":0,"StoneCalendar":10,"Art of War":12,"Omamori":26,"Bag of Preparation":27,"Cracked Core":0,"Akabeko":7},{"Gremlin Horn":5,"Nilry\u0027s Codex":11,"Ornamental Fan":12,"Blue Candle":15,"Snecko Eye":9,"Thread and Needle":0,"StoneCalendar":6,"Art of War":6,"Omamori":13,"Bag of Preparation":14,"Cracked Core":0,"Akabeko":5},{"Gremlin Horn":15,"Nilry\u0027s Codex":36,"Ornamental Fan":38,"Blue Candle":49,"Snecko Eye":29,"Thread and Needle":0,"StoneCalendar":19,"Art of War":19,"Omamori":41,"Bag of Preparation":46,"Cracked Core":0,"Akabeko":15}]},"card_choices":[{"not_picked":["Stack","Chill"],"picked":"Streamline","floor":1},{"not_picked":["Barrage","Redo"],"picked":"Ball Lightning","floor":2},{"not_picked":["Hologram","Static Discharge"],"picked":"Hyperbeam","floor":4},{"not_picked":["Steam","Compile Driver"],"picked":"Sunder","floor":5},{"not_picked":["Hologram","Auto Shields"],"picked":"Conserve Battery","floor":7},{"not_picked":["Compile Driver","Go for the Eyes"],"picked":"Cold Snap","floor":10},{"not_picked":["Auto Shields","Turbo"],"picked":"Ball Lightning","floor":13},{"not_picked":["Reprogram","Gash"],"picked":"BootSequence","floor":14},{"not_picked":["Seek","All For One"],"picked":"Buffer","floor":16},{"not_picked":["Cold Snap","Ball Lightning+1"],"picked":"Skim","floor":18},{"not_picked":["Chaos","Darkness"],"picked":"Sunder","floor":21},{"not_picked":["Go for the Eyes","Barrage"],"picked":"Consume","floor":24},{"not_picked":["Scrape","Gash"],"picked":"Doom and Gloom","floor":25},{"not_picked":["Hyperbeam","Darkness"],"picked":"Turbo+1","floor":27},{"not_picked":["Storm","Coolheaded","Gash+1"],"picked":"SKIP","floor":28}],"player_experience":2765105,"relics_obtained":[{"floor":7,"key":"Akabeko"},{"floor":9,"key":"Gremlin Horn"},{"floor":10,"key":"StoneCalendar"},{"floor":12,"key":"Art of War"},{"floor":22,"key":"Nilry\u0027s Codex"},{"floor":24,"key":"Ornamental Fan"},{"floor":26,"key":"Omamori"},{"floor":27,"key":"Bag of Preparation"}],"event_choices":[{"cards_removed":["Strike_B"],"damage_healed":0,"gold_gain":0,"player_choice":"Card Removal","damage_taken":0,"max_hp_gain":0,"max_hp_loss":0,"event_name":"Wheel of Change","floor":3,"gold_loss":0},{"damage_healed":0,"gold_gain":0,"player_choice":"Ignored","damage_taken":0,"max_hp_gain":0,"max_hp_loss":0,"event_name":"Vampires","floor":19,"gold_loss":0},{"damage_healed":0,"gold_gain":50,"player_choice":"Stole From Cult","damage_taken":0,"max_hp_gain":0,"max_hp_loss":0,"event_name":"Nest","floor":20,"gold_loss":0},{"damage_healed":0,"gold_gain":0,"player_choice":"Obtained Book","damage_taken":21,"max_hp_gain":0,"max_hp_loss":0,"event_name":"Cursed Tome","floor":22,"gold_loss":0},{"damage_healed":0,"gold_gain":0,"player_choice":"Opened","damage_taken":0,"relics_obtained":["Blue Candle"],"max_hp_gain":0,"max_hp_loss":0,"event_name":"The Mausoleum","floor":29,"gold_loss":0,"cards_obtained":["Writhe"]}],"is_beta":false,"boss_relics":[{"not_picked":["Runic Dome","Velvet Choker"],"picked":"Snecko Eye"}],"items_purged_floors":[],"is_endless":false,"potions_floor_spawned":[2,4,7,13,16,21,25],"killed_by":"Book of Stabbing","ascension_level":20}}