{"host":"i41n6wh529970c2c","time":1608080756,"event":{"mods":["Act Like it!","BaseMod","BetterRewards","Friendly Minions","Gold Saver","Hermit","Minty Spire (QoL Compilation)","Replay The Spire","Shop Mod","StSLib"],"gold_per_floor":[1392,1412,1362,1362,1025,1053,1066,1066,1066,1095,1114,563,582,594,594,689,739,759,759,759,772,783,817,817,847,847,857,886,886,912,9,9,104,104,119,119,131,146,156,186,186,186,186,186,186,236,265,285,285,285],"floor_reached":51,"playtime":2510,"items_purged":["Defend_B","Dualcast","Defend_B"],"score":1079,"play_id":"6e638fd6-f8ef-412d-8968-79c5a8adb2e1","local_time":"20201215200556","is_ascension_mode":true,"campfire_choices":[{"data":"Steam","floor":8.0,"key":"SMITH"},{"data":"ReplayTheSpireMod:Omega Cannon","floor":15.0,"key":"SMITH"},{"data":"Seek","floor":24,"key":"SMITH"},{"data":"Go for the Eyes","floor":29,"key":"SMITH"},{"floor":42,"key":"REST"},{"floor":44,"key":"REST"},{"data":"Reprogram","floor":49,"key":"SMITH"}],"circlet_count":0,"master_deck":["Strike_B","Strike_B","Strike_B","Defend_B","Zap","Steam+1","Leap","Steam","Sweeping Beam","Hologram+1","ReplayTheSpireMod:Omega Cannon+1","Rebound+1","Go for the Eyes+1","Seek+1","FTL","Conserve Battery","Hologram+1","Conserve Battery","Beam Cell+1","Sunder","Hologram","Thinking Ahead","J.A.X.","ReplayTheSpireMod:Omega Cannon+1","Reprogram+1","Reprogram+1","Writhe","Conserve Battery","Double Energy+1"],"relics":["Cracked Core","Garlic","Question Card","Replay:Accelerometer","Bag of Preparation","Replay:Bottled Steam","Pen Nib","Tiny House","Chameleon Ring","PreservedInsect","Matryoshka","Lizard Tail","Lantern","Bottled Flame","Centennial Puzzle","Cursed Key","Molten Egg 2","Onion Ring","Toy Ornithopter","Pet Ghost","BranchBurnRelic"],"acts_visited":["TheCity","TheBeyond"],"potions_floor_usage":[22,25,30,33,37,50,50,50],"damage_taken":[{"damage":6.0,"enemies":"2 Louse","floor":1.0,"turns":2.0},{"damage":0.0,"enemies":"Small Slimes","floor":2.0,"turns":3.0},{"damage":23.0,"enemies":"Gremlin Nob","floor":6.0,"turns":5.0},{"damage":0.0,"enemies":"Cultist","floor":7.0,"turns":3.0},{"damage":11.0,"enemies":"Lagavulin","floor":10.0,"turns":7.0},{"damage":3.0,"enemies":"Looter","floor":11.0,"turns":3.0},{"damage":1.0,"enemies":"Gremlin Gang","floor":13.0,"turns":2.0},{"damage":0.0,"enemies":"Large Slime","floor":14.0,"turns":3.0},{"damage":0.0,"enemies":"Slime Boss","floor":16.0,"turns":4.0},{"damage":0.0,"enemies":"Shell Parasite","floor":18.0,"turns":3.0},{"damage":0,"enemies":"Spheric Guardian","floor":21,"turns":2},{"damage":0,"enemies":"Shelled Parasite and Fungi","floor":22,"turns":1},{"damage":0,"enemies":"Slavers","floor":23,"turns":3},{"damage":1,"enemies":"Book of Stabbing","floor":25,"turns":3},{"damage":5,"enemies":"Centurion and Healer","floor":27,"turns":2},{"damage":0,"enemies":"Slavers","floor":28,"turns":1},{"damage":0,"enemies":"Gremlin Leader","floor":30,"turns":2},{"damage":61,"enemies":"Automaton","floor":33,"turns":7},{"damage":0,"enemies":"3 Darklings","floor":35,"turns":1},{"damage":2,"enemies":"3 Shapes","floor":37,"turns":1},{"damage":62,"enemies":"Transient","floor":38,"turns":5},{"damage":3,"enemies":"Maw","floor":39,"turns":4},{"damage":0,"enemies":"Reptomancer","floor":40,"turns":2},{"damage":3,"enemies":"Mind Bloom Boss Battle","floor":46,"turns":4},{"damage":20,"enemies":"Nemesis","floor":47,"turns":3},{"damage":0,"enemies":"Jaw Worm Horde","floor":48,"turns":2},{"damage":9,"enemies":"Time Eater","floor":50,"turns":5}],"seed_played":"1061397083931339163","potions_obtained":[{"floor":4.0,"key":"Dexterity Potion"},{"floor":4.0,"key":"Reflective Coating"},{"floor":4.0,"key":"Milkshake"},{"floor":6.0,"key":"PotionOfCapacity"},{"floor":10.0,"key":"BlessingOfTheForge"},{"floor":11.0,"key":"SteroidPotion"},{"floor":17.0,"key":"Fruit Juice"},{"floor":21,"key":"AttackPotion"},{"floor":23,"key":"Energy Potion"},{"floor":27,"key":"AttackPotion"},{"floor":28,"key":"Dexterity Potion"},{"floor":37,"key":"CultistPotion"},{"floor":38,"key":"Fire Potion"},{"floor":40,"key":"Energy Potion"},{"floor":48,"key":"Regen Potion"}],"is_trial":false,"path_per_floor":["M","M","?","?","$","E","M","R","T","E","M","$","M","M","R","B",null,"M","?","?","M","M","E","R","E","T","M","E","R","E","$","R","B",null,"M","?","M","M","M","E","?","R","T","R","?","?","E","M","R","B",null],"character_chosen":"DEFECT","items_purchased":["Garlic","Replay:Bottled Steam","Pen Nib","Rebound","Bottled Flame","Centennial Puzzle","Hologram","Doom Potion","Fire Potion","Thinking Ahead"],"campfire_rested":2,"item_purchase_floors":[5,12,12,12,31,31,31,31,31,31],"current_hp_per_floor":[69,69,69,69,69,46,46,46,46,35,32,32,31,31,31,31,80,85,85,85,85,85,85,85,84,84,79,79,79,79,79,79,18,85,85,85,83,21,18,18,18,42,42,66,66,63,43,43,43,81],"gold":285,"neow_bonus":"RANDOM_EVENT","is_daily":false,"chose_seed":false,"campfire_upgraded":5,"win_rate":0.0,"timestamp":1608080756,"path_taken":["M","M","?","?","$","E","M","R","T","E","M","$","M","M","R","BOSS","M","?","?","?","?","E","R","E","T","M","E","R","E","$","R","BOSS","M","?","M","M","?","E","?","R","T","R","?","?","E","?","R","BOSS"],"items_purchased_type":["Relic","Relic","Relic","Card","Relic","Relic","Card","Potion","Potion","Card"],"build_version":"2020-12-13","purchased_purges":3,"victory":true,"max_hp_per_floor":[75,75,75,75,75,75,75,75,75,75,75,75,75,75,75,75,80,85,85,85,85,85,85,85,85,85,85,85,85,85,85,85,85,85,85,85,85,85,85,85,81,81,81,81,81,81,81,81,81,81],"card_choices":[{"not_picked":["Ball Lightning","Compile Driver"],"picked":"Steam","floor":1.0},{"not_picked":["Skim","BootSequence"],"picked":"Leap","floor":2.0},{"not_picked":["Thunder Strike","Turbo"],"picked":"Steam","floor":6.0},{"not_picked":["Steam Power","Glacier","Panic Button"],"picked":"Sweeping Beam","floor":7.0},{"not_picked":["Lockon","Rebound","ReplayTheSpireMod:Reroute Power"],"picked":"Hologram","floor":10.0},{"not_picked":["Steam Power","Panic Button","Sweeping Beam"],"picked":"ReplayTheSpireMod:Omega Cannon","floor":11.0},{"not_picked":["Rebound","Auto Shields","Go for the Eyes"],"picked":"ReplayTheSpireMod:GoodbyeWorld","floor":13.0},{"not_picked":["Coolheaded","Crystallizer","Panic Button"],"picked":"Go for the Eyes","floor":14.0},{"not_picked":["Buffer","Mirror Shield","ReplayTheSpireMod:Fabricate Wheel"],"picked":"Seek","floor":16.0},{"not_picked":["Stack","Steam","Gash"],"picked":"FTL","floor":17.0},{"not_picked":["Time Bomb","Cold Snap","Undo","Sweeping Beam"],"picked":"SKIP","floor":18.0},{"not_picked":["Panic Button","Self Repair+1","Reprogram"],"picked":"Conserve Battery","floor":21},{"not_picked":["Stack","FIFO Queue+1","Gash+1","Lockon"],"picked":"SKIP","floor":22},{"not_picked":["Rebound","Stack+1","BasicCrystalCard","Lockon"],"picked":"SKIP","floor":23},{"not_picked":["Consume","Storm+1","Coolheaded+1"],"picked":"Hologram+1","floor":25},{"not_picked":["Rebound","Go for the Eyes+1","Panic Button"],"picked":"Conserve Battery","floor":27},{"not_picked":["Blizzard","Time Bomb","Turbo+1"],"picked":"Beam Cell+1","floor":28},{"not_picked":["Auto Shields","Streamline","ReplayRNGCard"],"picked":"Sunder","floor":30},{"not_picked":["Meteor Strike","ReplayRNGCard","Electrodynamics"],"picked":"ReplayTheSpireMod:Omega Cannon","floor":33},{"not_picked":["Rebound","Streamline","Blizzard","Skim"],"picked":"SKIP","floor":35},{"not_picked":["ReplaySolidLightProjector","Blizzard+1","Go for the Eyes+1","Force Field"],"picked":"SKIP","floor":37},{"not_picked":["Compile Driver","Beam Cell+1","Stack"],"picked":"Reprogram+1","floor":38},{"not_picked":["ReplayTheSpireMod:System Scan","Heatsinks","Coolheaded","BasicCrystalCard+1"],"picked":"SKIP","floor":39},{"not_picked":["Heatsinks+1","Barrage+1","Consume"],"picked":"Reprogram","floor":40},{"not_picked":["Compile Driver+1","Creative AI","Gash+1"],"picked":"Conserve Battery","floor":47},{"not_picked":["Turbo","Barrage+1","Ball Lightning+1"],"picked":"Double Energy+1","floor":48}],"player_experience":774785,"relics_obtained":[{"floor":6.0,"key":"Question Card"},{"floor":9.0,"key":"Replay:Accelerometer"},{"floor":10.0,"key":"Bag of Preparation"},{"floor":23,"key":"Chameleon Ring"},{"floor":25,"key":"PreservedInsect"},{"floor":26,"key":"Matryoshka"},{"floor":28,"key":"Lizard Tail"},{"floor":30,"key":"Lantern"},{"floor":40,"key":"Molten Egg 2"},{"floor":43,"key":"Onion Ring"},{"floor":43,"key":"Toy Ornithopter"},{"floor":46,"key":"Dead Branch"},{"floor":47,"key":"Pet Ghost"}],"event_choices":[{"cards_removed":["Defend_B"],"damage_healed":0.0,"max_hp_gain":0.0,"max_hp_loss":0.0,"gold_gain":0.0,"event_name":"The Cleric","player_choice":"Card Removal","floor":3.0,"gold_loss":50.0,"damage_taken":0.0},{"damage_healed":0.0,"max_hp_gain":0.0,"max_hp_loss":0.0,"gold_gain":0.0,"event_name":"Lab","player_choice":"Got Potions","floor":4.0,"gold_loss":0.0,"damage_taken":0.0},{"damage_healed":0.0,"max_hp_gain":0.0,"max_hp_loss":0.0,"gold_gain":0.0,"event_name":"Ghosts","player_choice":"Ignored","floor":19.0,"gold_loss":0.0,"damage_taken":0.0},{"damage_healed":0.0,"max_hp_gain":0.0,"max_hp_loss":0.0,"gold_gain":0.0,"event_name":"Upgrade Shrine","player_choice":"Upgraded","floor":20.0,"gold_loss":0.0,"damage_taken":0.0,"cards_upgraded":["Hologram"]},{"damage_healed":0,"gold_gain":0,"player_choice":"Obtain J.A.X.","damage_taken":0,"max_hp_gain":0,"max_hp_loss":0,"event_name":"Drug Dealer","floor":32,"gold_loss":0,"cards_obtained":["J.A.X."]},{"damage_healed":0,"gold_gain":0,"player_choice":"Upgraded","damage_taken":0,"max_hp_gain":0,"max_hp_loss":0,"event_name":"Upgrade Shrine","floor":36,"gold_loss":0,"cards_upgraded":["ReplayTheSpireMod:Omega Cannon"]},{"damage_healed":0,"gold_gain":0,"player_choice":"Max HP","damage_taken":0,"max_hp_gain":0,"max_hp_loss":4,"event_name":"Winding Halls","floor":41,"gold_loss":0},{"cards_removed":["ReplayTheSpireMod:GoodbyeWorld"],"damage_healed":0,"gold_gain":0,"player_choice":"Removed Power","damage_taken":0,"max_hp_gain":0,"max_hp_loss":0,"event_name":"Falling","floor":45,"gold_loss":0},{"damage_healed":0,"gold_gain":0,"player_choice":"Fight","damage_taken":0,"max_hp_gain":0,"max_hp_loss":0,"event_name":"MindBloom","floor":46,"gold_loss":0}],"is_beta":false,"boss_relics":[{"not_picked":["SacredBark","Astrolabe"],"picked":"Tiny House"},{"not_picked":["Sozu","Honey Jar"],"picked":"Cursed Key"}],"items_purged_floors":[5,12,31],"is_endless":false,"potions_floor_spawned":[6,10,11,21,23,27,28,37,38,40,48],"ascension_level":3}}