{"host":"j61pjxqytd94o6ng","time":1608104948,"event":{"mods":["BaseMod","Bestiary","Colored Map","Colored Powertips","Curses Come First","Filter the Spire","Minty Spire (QoL Compilation)","StSLib"],"gold_per_floor":[109,119,135,105,119,119,144,319,345,374,374,32,51,51,51,175,175,191,106,106,119,119,119,119,119],"floor_reached":24,"playtime":1081,"items_purged":[],"score":252,"play_id":"0ac52dbb-eaec-41b9-98cf-21413d8bab68","local_time":"20201216004908","is_ascension_mode":true,"campfire_choices":[{"data":"Zap","floor":6.0,"key":"SMITH"},{"floor":15,"key":"REST"},{"floor":23,"key":"REST"}],"circlet_count":0,"master_deck":["Strike_B","Strike_B","Defend_B","Defend_B","Defend_B","Defend_B","Zap+1","Dualcast","Coolheaded","Hologram","Undo","Ball Lightning","Echo Form","Fission","Doubt","Cold Snap","Loop","Injury","Electrodynamics","Fusion","Barrage","Writhe","Sunder"],"relics":["Inserter","Regal Pillow","Bag of Preparation","Odd Mushroom","Calipers","Bloody Idol","Empty Cage","Dream Catcher","Ginger"],"acts_visited":["Exordium","TheCity"],"potions_floor_usage":[13],"damage_taken":[{"damage":0.0,"enemies":"Small Slimes","floor":1.0,"turns":4.0},{"damage":2.0,"enemies":"2 Louse","floor":2.0,"turns":4.0},{"damage":6.0,"enemies":"Jaw Worm","floor":3.0,"turns":6.0},{"damage":0.0,"enemies":"Looter","floor":4.0,"turns":4.0},{"damage":25.0,"enemies":"Gremlin Gang","floor":5.0,"turns":7.0},{"damage":8.0,"enemies":"Gremlin Nob","floor":7.0,"turns":4.0},{"damage":22.0,"enemies":"The Mushroom Lair","floor":10.0,"turns":5.0},{"damage":1,"enemies":"Exordium Thugs","floor":13,"turns":3},{"damage":25,"enemies":"Hexaghost","floor":16,"turns":10},{"damage":17,"enemies":"Chosen","floor":18,"turns":6},{"damage":25,"enemies":"Shell Parasite","floor":21,"turns":9},{"damage":64,"enemies":"Book of Stabbing","floor":24,"turns":6}],"seed_played":"-2180368630726586571","potions_obtained":[{"floor":3.0,"key":"FearPotion"},{"floor":5.0,"key":"SneckoOil"},{"floor":7.0,"key":"Ancient Potion"},{"floor":10.0,"key":"PowerPotion"}],"is_trial":false,"path_per_floor":["M","M","M","M","M","R","E","?","T","?","?","$","M","?","R","B",null,"M","?","?","M","?","R","E"],"character_chosen":"DEFECT","items_purchased":["Calipers","Loop"],"campfire_rested":2,"item_purchase_floors":[12,12],"current_hp_per_floor":[68,66,60,60,35,35,27,27,27,5,5,5,4,4,41,16,60,43,43,43,23,23,60,0,0],"gold":119,"neow_bonus":"BOSS_RELIC","is_daily":false,"chose_seed":false,"campfire_upgraded":1,"win_rate":0.0,"timestamp":1608104948,"path_taken":["M","M","M","M","M","R","E","?","T","?","?","$","M","?","R","BOSS","M","?","?","M","?","R","E"],"items_purchased_type":["Relic","Card"],"build_version":"2020-12-13","purchased_purges":0,"victory":false,"max_hp_per_floor":[75,75,75,75,75,75,75,75,75,75,75,75,75,75,75,75,75,75,75,75,75,75,75,75,75],"card_choices":[{"not_picked":["Sweeping Beam","Reprogram"],"picked":"Coolheaded","floor":1.0},{"not_picked":["Stack","Steam"],"picked":"Hologram","floor":2.0},{"not_picked":["Sweeping Beam","Steam"],"picked":"Undo","floor":3.0},{"not_picked":["Conserve Battery","Redo"],"picked":"Ball Lightning","floor":4.0},{"not_picked":["Cold Snap","Turbo"],"picked":"Echo Form","floor":5.0},{"not_picked":["Melter","Glacier"],"picked":"Fission","floor":7.0},{"not_picked":["Hologram","Heatsinks"],"picked":"Cold Snap","floor":10.0},{"not_picked":["Stack","Capacitor","Steam"],"picked":"SKIP","floor":13},{"not_picked":["Seek","Machine Learning"],"picked":"Electrodynamics","floor":16},{"not_picked":["Auto Shields","Compile Driver"],"picked":"Fusion","floor":18},{"not_picked":["Rebound","Conserve Battery"],"picked":"Barrage","floor":21},{"not_picked":["Gash","Stack+1"],"picked":"Sunder","floor":23}],"player_experience":459754,"relics_obtained":[{"floor":7.0,"key":"Regal Pillow"},{"floor":9.0,"key":"Bag of Preparation"},{"floor":10.0,"key":"Odd Mushroom"}],"event_choices":[{"damage_healed":0.0,"max_hp_gain":0.0,"max_hp_loss":0.0,"gold_gain":175.0,"event_name":"Liars Game","player_choice":"AGREE","floor":8.0,"gold_loss":0.0,"damage_taken":0.0,"cards_obtained":["Doubt"]},{"damage_healed":0.0,"max_hp_gain":0.0,"max_hp_loss":0.0,"gold_gain":0.0,"event_name":"Mushrooms","player_choice":"Fought Mushrooms","floor":10.0,"gold_loss":0.0,"damage_taken":0.0},{"damage_healed":0.0,"max_hp_gain":0.0,"max_hp_loss":0.0,"gold_gain":0.0,"event_name":"Shining Light","player_choice":"Ignored","floor":11.0,"gold_loss":0.0,"damage_taken":0.0},{"damage_healed":0,"gold_gain":0,"player_choice":"Take Wound","damage_taken":0,"relics_obtained":["Golden Idol"],"max_hp_gain":0,"max_hp_loss":0,"event_name":"Golden Idol","floor":14,"gold_loss":0,"cards_obtained":["Injury"]},{"damage_healed":0,"gold_gain":0,"player_choice":"Obtained Relic","damage_taken":0,"relics_obtained":["Dream Catcher"],"max_hp_gain":0,"max_hp_loss":0,"event_name":"Addict","floor":19,"gold_loss":85},{"damage_healed":0,"gold_gain":0,"player_choice":"Gave Idol","damage_taken":0,"relics_obtained":["Bloody Idol"],"max_hp_gain":0,"max_hp_loss":0,"event_name":"Forgotten Altar","floor":20,"relics_lost":["Golden Idol"],"gold_loss":0},{"damage_healed":0,"gold_gain":0,"player_choice":"Opened","damage_taken":0,"relics_obtained":["Ginger"],"max_hp_gain":0,"max_hp_loss":0,"event_name":"The Mausoleum","floor":22,"gold_loss":0,"cards_obtained":["Writhe"]}],"is_beta":false,"boss_relics":[{"not_picked":["Coffee Dripper","Cursed Key"],"picked":"Empty Cage"}],"items_purged_floors":[],"is_endless":false,"potions_floor_spawned":[3,5,7,10],"killed_by":"Book of Stabbing","ascension_level":6}}