{"host":"m9i7qe3hvz6jihjh","time":1608129526,"event":{"mods":["BaseMod","Colored Powertips","Infinite Spire","Minty Spire (QoL Compilation)","Quick Restart","StSLib","The Animator","Waifu the Spire"],"gold_per_floor":[114,114,289,289,303,303,327,327,327],"floor_reached":8,"playtime":198,"items_purged":[],"score":46,"play_id":"193c6ec1-e946-4bd9-9e85-c31205f650b9","local_time":"20201216153846","is_ascension_mode":false,"campfire_choices":[{"data":"Eruption","floor":6,"key":"SMITH"}],"circlet_count":0,"master_deck":["Strike_P","Strike_P","Strike_P","Strike_P","Defend_P","Defend_P","Defend_P","Defend_P","Eruption+1","Vigilance","Dark Shackles","Prostrate","infinitespire:NeuralNetwork","Doubt","Injury","FlurryOfBlows","ClearTheMind"],"relics":["PureWater","Golden Idol"],"acts_visited":["Exordium"],"potions_floor_usage":[],"damage_taken":[{"damage":0,"enemies":"Cultist","floor":1,"turns":3},{"damage":2,"enemies":"Jaw Worm","floor":5,"turns":4},{"damage":0,"enemies":"2 Louse","floor":7,"turns":3},{"damage":63,"enemies":"Gremlin Nob","floor":8,"turns":3}],"seed_played":"8726019460981614997","potions_obtained":[{"floor":5,"key":"SteroidPotion"}],"is_trial":false,"path_per_floor":["M","?","?","?","M","R","M","E"],"character_chosen":"WATCHER","items_purchased":[],"campfire_rested":0,"item_purchase_floors":[],"current_hp_per_floor":[72,55,55,55,53,53,53,0,0],"gold":327,"neow_bonus":"RANDOM_COLORLESS","is_daily":false,"chose_seed":false,"campfire_upgraded":1,"win_rate":0.0,"timestamp":1608129526,"path_taken":["M","?","?","?","M","R","?","E"],"items_purchased_type":[],"build_version":"2020-12-13","purchased_purges":0,"victory":false,"max_hp_per_floor":[72,72,72,72,72,72,72,72,72],"card_choices":[{"not_picked":["Swift Strike","Trip"],"picked":"Dark Shackles","floor":0},{"not_picked":["Nirvana","CrushJoints"],"picked":"Prostrate","floor":1},{"not_picked":["infinitespire:Execution","infinitespire:FinalStrike"],"picked":"infinitespire:NeuralNetwork","floor":2},{"not_picked":["EmptyFist","Consecrate"],"picked":"FlurryOfBlows","floor":5},{"not_picked":["SignatureMove","FlyingSleeves"],"picked":"ClearTheMind","floor":7}],"player_experience":861920,"relics_obtained":[],"event_choices":[{"damage_healed":0,"gold_gain":175,"player_choice":"AGREE","damage_taken":0,"max_hp_gain":0,"max_hp_loss":0,"event_name":"Liars Game","floor":3,"gold_loss":0,"cards_obtained":["Doubt"]},{"damage_healed":0,"gold_gain":0,"player_choice":"Take Wound","damage_taken":0,"relics_obtained":["Golden Idol"],"max_hp_gain":0,"max_hp_loss":0,"event_name":"Golden Idol","floor":4,"gold_loss":0,"cards_obtained":["Injury"]}],"is_beta":false,"boss_relics":[],"items_purged_floors":[],"is_endless":false,"potions_floor_spawned":[5],"killed_by":"Gremlin Nob","ascension_level":0}}