{"host":"6xsbn6ynqlzwllfm","time":1608152737,"event":{"mods":["2.2 Compatiblity","BaseMod","Bestiary","Colored Map","Colored Powertips","Curses Come First","Downfall","Highlight Path","Keyboard Shortcuts","Minty Spire (QoL Compilation)","Quick Restart","Relic Stats","Slay the Relics Exporter","StSLib","SuperFastMode"],"gold_per_floor":[116,131,131,144,161,189,201,227,227,240,240,240,254,287,287,287,287],"floor_reached":16,"playtime":665,"items_purged":[],"score":156,"play_id":"db0caeb0-1b2a-4bc7-9228-b2900332dc4e","local_time":"20201216160537","is_ascension_mode":true,"campfire_choices":[{"data":"hexamod:GhostOfSpirePresent","floor":12,"key":"SMITH"},{"data":"hexamod:RainOfEmbers","floor":15,"key":"SMITH"}],"circlet_count":0,"master_deck":["hexamod:Strike","hexamod:Strike","hexamod:Strike","hexamod:Defend","hexamod:Defend","hexamod:Defend","hexamod:Defend","hexamod:Sear","hexamod:Float","hexamod:ThermalTransfer","hexamod:EmpoweredFlame","hexamod:SwordOfDarkness","hexamod:StepThrough","hexamod:GhostOfSpirePresent+1","hexamod:InspiringFlames","hexamod:SpectersWail","hexamod:Again","hexamod:UnleashSpirits","hexamod:RainOfEmbers+1","hexamod:SpectersWail"],"relics":["hexamod:SpiritBrand","NeowsBlessing","GremlinMask","Lantern","Calipers","Strawberry","Omamori"],"acts_visited":["Exordium"],"potions_floor_usage":[],"damage_taken":[{"damage":0,"enemies":"Cultist","floor":1,"turns":1},{"damage":0,"enemies":"Small Slimes","floor":2,"turns":1},{"damage":0,"enemies":"2 Louse","floor":4,"turns":2},{"damage":0,"enemies":"2 Fungi Beasts","floor":5,"turns":3},{"damage":17,"enemies":"3 Sentries","floor":6,"turns":7},{"damage":0,"enemies":"Large Slime","floor":7,"turns":5},{"damage":0,"enemies":"Lagavulin","floor":8,"turns":7},{"damage":5,"enemies":"Lots of Slimes","floor":10,"turns":3},{"damage":0,"enemies":"Blue Slaver","floor":13,"turns":4},{"damage":20,"enemies":"Gremlin Nob","floor":14,"turns":5},{"damage":42,"enemies":"Slime Boss","floor":16,"turns":7}],"seed_played":"-5954686145705238390","potions_obtained":[{"floor":1,"key":"SmokeBomb"},{"floor":4,"key":"Ancient Potion"},{"floor":7,"key":"SkillPotion"},{"floor":13,"key":"Block Potion"}],"is_trial":false,"path_per_floor":["M","M","?","M","M","E","M","E","T","M","?","R","M","E","R","B"],"character_chosen":"THE_SPIRIT","items_purchased":[],"campfire_rested":0,"item_purchase_floors":[],"current_hp_per_floor":[70,70,70,70,70,53,53,53,60,55,55,55,55,35,35,0,0],"gold":287,"neow_bonus":"THREE_ENEMY_KILL","is_daily":false,"chose_seed":false,"campfire_upgraded":2,"win_rate":0.0,"timestamp":1608152737,"path_taken":["M","M","?","?","?","E","M","E","T","M","?","R","M","E","R","BOSS"],"items_purchased_type":[],"build_version":"2020-12-13","purchased_purges":0,"victory":false,"max_hp_per_floor":[70,70,70,70,70,70,70,70,77,77,77,77,77,77,77,77,77],"relic_stats":{"counters":[11,45],"obtain_stats":[{"Lantern":6,"Calipers":8,"NeowsBlessing":0,"Strawberry":9,"GremlinMask":3,"Omamori":14,"hexamod:SpiritBrand":0},{"Lantern":5,"Calipers":7,"NeowsBlessing":0,"Strawberry":7,"GremlinMask":2,"Omamori":10,"hexamod:SpiritBrand":0},{"Lantern":14,"Calipers":26,"NeowsBlessing":0,"Strawberry":26,"GremlinMask":2,"Omamori":38,"hexamod:SpiritBrand":0}]},"card_choices":[{"not_picked":["hexamod:FirstSeal","hexamod:GhostLash"],"picked":"hexamod:ThermalTransfer","floor":1},{"not_picked":["hexamod:Again","hexamod:InspiringFlames"],"picked":"hexamod:EmpoweredFlame","floor":2},{"not_picked":["hexamod:RetreatToShadows","hexamod:HeatShield"],"picked":"hexamod:SwordOfDarkness","floor":4},{"not_picked":["hexamod:NightmareGuise","hexamod:AdvancingGuard"],"picked":"hexamod:StepThrough","floor":5},{"not_picked":["hexamod:SoulSteal","hexamod:SpectralAdrenaline"],"picked":"hexamod:GhostOfSpirePresent","floor":6},{"not_picked":["hexamod:ThermalTransfer","hexamod:ExtraCrispy"],"picked":"hexamod:InspiringFlames","floor":7},{"not_picked":["hexamod:InspiringFlames","hexamod:SwordOfDarkness"],"picked":"hexamod:SpectersWail","floor":8},{"not_picked":["hexamod:HeatShield","hexamod:GhostOfSpireFuture"],"picked":"hexamod:Again","floor":10},{"not_picked":["hexamod:Firestarter","hexamod:SwordOfDarkness"],"picked":"hexamod:RainOfEmbers","floor":13},{"not_picked":["hexamod:Firestarter","hexamod:SearingWound"],"picked":"hexamod:SpectersWail","floor":14}],"player_experience":1234443,"relics_obtained":[{"floor":6,"key":"Lantern"},{"floor":8,"key":"Calipers"},{"floor":9,"key":"Strawberry"},{"floor":14,"key":"Omamori"}],"event_choices":[{"damage_healed":0,"gold_gain":0,"player_choice":"Trade","damage_taken":0,"relics_obtained":["GremlinMask"],"max_hp_gain":0,"max_hp_loss":0,"event_name":"FaceTrader","floor":3,"gold_loss":0},{"damage_healed":0,"gold_gain":0,"cards_transformed":["hexamod:Strike"],"player_choice":"Transformed","damage_taken":0,"max_hp_gain":0,"max_hp_loss":0,"event_name":"Transmorgrifier","floor":11,"gold_loss":0,"cards_obtained":["hexamod:UnleashSpirits"]}],"is_beta":false,"boss_relics":[],"items_purged_floors":[],"is_endless":false,"potions_floor_spawned":[1,4,7,13],"killed_by":"Slime Boss","ascension_level":1}}