{"host":"2d0rd30cigwncx1y","time":1608080472,"event":{"mods":["BaseMod","Colored Map","Colored Powertips","Downfall","MarisaÅiñ∂âJÅ@ñÇóùçπÅj","Minty Spire (QoL Compilation)","Replay The Spire","StSLib","The Alterego","The Servant 0.9.4"],"gold_per_floor":[99,99,99,124,180,28,28,62,162,162,174,187,202,652,670,773,773,773,873,873,900,914,914,914,945,180,180,194,205,218,218,237,334,334,259,279,279,279,306,306,306,231,231,156,156,172,172,197,212,212,212,245,33,33,33],"floor_reached":56,"playtime":4953,"items_purged":["Guardian:Strike_Guardian"],"score":1444,"play_id":"c1b402fc-11f2-45d8-9fbb-d7d7164d89c9","local_time":"20201216020112","is_ascension_mode":false,"campfire_choices":[{"data":"Guardian:TwinSlam","floor":1,"key":"SMITH"},{"data":"Guardian:WalkerClaw","floor":3,"key":"SMITH"},{"data":"Guardian:BronzeOrb","floor":10,"key":"SMITH"},{"data":"Guardian:FloatingOrbs","floor":18,"key":"SMITH"},{"data":"Guardian:Emergency","floor":23,"key":"SMITH"},{"data":"Guardian:BaubleBeam","floor":27,"key":"SMITH"},{"data":"Guardian:RevengeProtocol","floor":35,"key":"SMITH"},{"data":"Guardian:DonusPower","floor":38,"key":"SMITH"},{"data":"Guardian:CurlUp","floor":40,"key":"SMITH"},{"floor":42,"key":"RECALL"},{"data":"Guardian:VentSteam","floor":44,"key":"SMITH"},{"data":"Guardian:DonusPower","floor":54,"key":"SMITH"}],"circlet_count":0,"master_deck":["Guardian:Defend_Guardian","Guardian:Defend_Guardian","Guardian:Defend_Guardian","Guardian:CurlUp+1","Guardian:TwinSlam+1","Guardian:WalkerClaw+1","Guardian:Emergency+1","Guardian:VentSteam+1","Guardian:SpikerProtocol","Guardian:BronzeOrb+1","Guardian:TemporalStrike","Slimebound:Icky","Slimebound:Icky","Slimebound:Icky","Guardian:FloatingOrbs+1","Guardian:RevengeProtocol+1","Guardian:BronzeOrb","Guardian:Incinerate","Guardian:EvasiveProtocol","Guardian:PrismaticBarrier+1","Guardian:BaubleBeam+1","Guardian:BronzeArmor","Guardian:DonusPower+1","Guardian:TimeSifter","Bite","Bite","Bite","Bite","Guardian:Aged","Guardian:WalkerClaw","Guardian:WalkerClaw","Parasite","Guardian:BronzeOrb+1","Guardian:DonusPower","Guardian:DonusPower+1"],"relics":["Guardian:ModeShifter","downfall:HeartsMalice","Replay:Mystery Machine","MawBank","Calipers","Mummified Hand","Coffee Dripper","CaptainsWheel","Shuriken","Bag of Preparation","HornCleat","Du-Vu Doll","Ice Cream","ChewingGum","downfall:HeartBlessingGreen","Pantograph","downfall:HeartBlessingBlue","downfall:HeartBlessingRed","Guardian:StasisEgg","Letter Opener","Mirror","Guardian:BottledStasis"],"acts_visited":["Exordium","TheCity","TheBeyond","TheEnding"],"potions_floor_usage":[16,16],"damage_taken":[{"damage":0,"enemies":"Jaw Worm","floor":2,"turns":1},{"damage":0,"enemies":"Gremlin Nob","floor":4,"turns":1},{"damage":0,"enemies":"Lagavulin Event","floor":5,"turns":1},{"damage":5,"enemies":"downfall:FleeingMerchant","floor":6,"turns":4},{"damage":30,"enemies":"Lagavulin","floor":8,"turns":8},{"damage":0,"enemies":"Small Slimes","floor":11,"turns":2},{"damage":0,"enemies":"2 Louse","floor":12,"turns":2},{"damage":7,"enemies":"Gremlin Gang","floor":13,"turns":4},{"damage":0,"enemies":"3 Louse","floor":15,"turns":3},{"damage":19,"enemies":"downfall:Watcher","floor":16,"turns":6},{"damage":15,"enemies":"downfall:Silent","floor":19,"turns":6},{"damage":23,"enemies":"Replay:Snechameleon","floor":21,"turns":6},{"damage":0,"enemies":"3 Byrds","floor":22,"turns":3},{"damage":5,"enemies":"Gremlin Leader","floor":25,"turns":5},{"damage":0,"enemies":"downfall:FleeingMerchant","floor":26,"turns":4},{"damage":0,"enemies":"Spheric Guardian","floor":28,"turns":1},{"damage":0,"enemies":"Centurion and Healer","floor":29,"turns":3},{"damage":0,"enemies":"3 Cultists","floor":30,"turns":4},{"damage":0,"enemies":"Shelled Parasite and Fungi","floor":32,"turns":4},{"damage":0,"enemies":"downfall:Defect","floor":33,"turns":4},{"damage":0,"enemies":"3 Darklings","floor":36,"turns":4},{"damage":0,"enemies":"Giant Head","floor":39,"turns":5},{"damage":0,"enemies":"3 Shapes","floor":46,"turns":2},{"damage":0,"enemies":"downfall:FleeingMerchant","floor":48,"turns":2},{"damage":0,"enemies":"Writhing Mass","floor":49,"turns":3},{"damage":1,"enemies":"downfall:Ironclad","floor":50,"turns":6},{"damage":9,"enemies":"downfall:CharBossMerchant","floor":52,"turns":6},{"damage":4,"enemies":"downfall:NeowBoss","floor":55,"turns":14}],"seed_played":"4862691521304886086","potions_obtained":[{"floor":8,"key":"PowerPotion"},{"floor":12,"key":"Guardian:BlockOnCardUsePotion"},{"floor":13,"key":"Adrenaline Potion"},{"floor":15,"key":"CultistPotion"},{"floor":25,"key":"Guardian:DefensiveModePotion"},{"floor":28,"key":"SpeedPotion"},{"floor":45,"key":"DuplicationPotion"},{"floor":45,"key":"Doom Potion"}],"is_trial":false,"path_per_floor":["R","M","R","E","?","$","T","E","?","R","M","M","M","?","M","B",null,"R","?","?","E","M","R","T","E","$","R","M","M","M","?","M","B",null,"R","M","?","R","E","R","T","R","?","R","?","M","?","$","M","B",null,"E","$","R","B",null],"character_chosen":"GUARDIAN","items_purchased":["Guardian:SpikerProtocol","Guardian:BronzeOrb","Ice Cream","Guardian:Gem_Purple","Guardian:Incinerate","Guardian:EvasiveProtocol","Guardian:PrismaticBarrier+1","Guardian:BaubleBeam","Guardian:WalkerClaw","Letter Opener","Guardian:BottledStasis","Guardian:DonusPower"],"campfire_rested":0,"item_purchase_floors":[6,6,26,26,26,26,26,26,48,48,53,53],"current_hp_per_floor":[80,80,80,80,80,75,75,45,45,45,45,45,38,38,38,19,80,80,65,65,42,42,42,42,37,37,37,37,37,37,37,43,47,56,56,56,56,56,56,56,56,66,66,66,66,66,66,66,66,66,66,57,57,57,62],"gold":33,"neow_bonus":"THREE_ENEMY_KILL","is_daily":false,"chose_seed":false,"campfire_upgraded":11,"win_rate":0.0,"timestamp":1608080472,"path_taken":["R","M","R","E","?","$","T","E","?","R","M","?","M","?","M","BOSS","R","?","?","E","M","R","T","E","$","R","M","M","?","?","M","BOSS","R","M","?","R","E","R","T","R","?","R","?","?","?","$","M","BOSS","E","$","R","BOSS"],"items_purchased_type":["Card","Card","Relic","Card","Card","Card","Card","Card","Card","Relic","Relic","Card"],"build_version":"2020-12-13","purchased_purges":1,"victory":true,"max_hp_per_floor":[80,80,80,80,80,80,80,80,80,80,80,80,80,80,80,80,80,80,80,80,80,80,80,80,80,80,80,80,80,80,56,56,56,56,56,56,56,56,56,56,56,66,66,66,66,66,66,66,66,66,66,66,66,66,66],"card_choices":[{"not_picked":["Guardian:TemporalShield","Guardian:MultiBeam"],"picked":"Guardian:WalkerClaw","floor":2},{"not_picked":["Guardian:PiercingHide","Guardian:SentryBeam"],"picked":"Guardian:Suspension","floor":4},{"not_picked":["Guardian:Suspension","Guardian:Gem_Blue"],"picked":"Guardian:Emergency","floor":5},{"not_picked":["Guardian:Gem_Green","Guardian:Planning"],"picked":"Guardian:VentSteam","floor":6},{"not_picked":["Guardian:Harden","Guardian:ExploitGems"],"picked":"Guardian:TemporalStrike","floor":8},{"not_picked":["Guardian:Gem_Lightblue","Guardian:Gem_Cyan"],"picked":"Guardian:Gem_Red","floor":11},{"not_picked":["Guardian:Gem_Green","Guardian:WalkerClaw"],"picked":"Guardian:Gem_Red","floor":12},{"not_picked":["Guardian:Planning","Guardian:WalkerClaw","Guardian:MultiBeam"],"picked":"SKIP","floor":13},{"not_picked":["Guardian:Gem_Crimson","Guardian:Reroute"],"picked":"Guardian:FloatingOrbs","floor":15},{"not_picked":["Guardian:ExploitGems","Guardian:StasisField"],"picked":"Guardian:RevengeProtocol","floor":16},{"not_picked":["Guardian:Gem_Lightblue","Guardian:PiercingHide"],"picked":"Guardian:Gem_Red","floor":19},{"not_picked":["Guardian:BronzeArmor","Guardian:Incinerate"],"picked":"Guardian:Gem_Fragmented","floor":21},{"not_picked":["Guardian:PiercingHide","Guardian:ShieldCharger"],"picked":"Guardian:Gem_Green","floor":22},{"not_picked":["Guardian:Preprogram","Guardian:Reroute+1"],"picked":"Guardian:BronzeOrb","floor":25},{"not_picked":["Guardian:VentSteam","Guardian:DonusPower"],"picked":"Guardian:Gem_Fragmented","floor":26},{"not_picked":["Guardian:Gem_Lightblue","Guardian:Gem_Green"],"picked":"Guardian:BronzeArmor","floor":28},{"not_picked":["Guardian:TemporalShield","Guardian:RollAttack"],"picked":"Guardian:DonusPower","floor":29},{"not_picked":["Guardian:PrismaticBeam","Guardian:CrystalBeam"],"picked":"Guardian:TimeSifter","floor":30},{"not_picked":["Guardian:ChargeCore","Guardian:Gem_Red"],"picked":"Guardian:Gem_Green","floor":32},{"not_picked":["Guardian:FastForward","Guardian:SphericShield"],"picked":"Guardian:Gem_Synthetic","floor":33},{"not_picked":["Guardian:PiercingHide","Guardian:DecasProtection"],"picked":"Guardian:Gem_Lightblue","floor":36},{"not_picked":["Guardian:SentryBeam+1","Guardian:TemporalStrike"],"picked":"Guardian:Gem_Purple","floor":39},{"not_picked":["Guardian:Planning+1","Guardian:Gem_Lightblue"],"picked":"Guardian:Gem_Crimson","floor":46},{"not_picked":["Guardian:Preprogram+1","Guardian:Gem_Synthetic"],"picked":"Guardian:WalkerClaw","floor":48},{"not_picked":["Guardian:RollAttack+1","Guardian:Incinerate+1","Guardian:Emergency"],"picked":"SKIP","floor":49},{"not_picked":["Guardian:TemporalShield+1","Guardian:RollAttack"],"picked":"Guardian:BronzeOrb+1","floor":52}],"player_experience":55996,"relics_obtained":[{"floor":4,"key":"Replay:Mystery Machine"},{"floor":5,"key":"MawBank"},{"floor":7,"key":"Calipers"},{"floor":8,"key":"Mummified Hand"},{"floor":19,"key":"CaptainsWheel"},{"floor":19,"key":"Shuriken"},{"floor":21,"key":"Bag of Preparation"},{"floor":24,"key":"HornCleat"},{"floor":25,"key":"Du-Vu Doll"},{"floor":39,"key":"Pantograph"},{"floor":52,"key":"Mirror"}],"event_choices":[{"damage_healed":0,"gold_gain":0,"player_choice":"Became a vampire","damage_taken":0,"max_hp_gain":0,"max_hp_loss":24,"event_name":"Vampires","floor":31,"gold_loss":0,"cards_obtained":["Bite","Bite","Bite","Bite","Bite"]},{"cards_removed":["Guardian:Defend_Guardian"],"damage_healed":0,"gold_gain":0,"player_choice":"Removed Skill","damage_taken":0,"max_hp_gain":0,"max_hp_loss":0,"event_name":"Falling","floor":43,"gold_loss":0},{"damage_healed":0,"gold_gain":0,"player_choice":"Got Potions","damage_taken":0,"max_hp_gain":0,"max_hp_loss":0,"event_name":"Lab","floor":45,"gold_loss":0}],"is_beta":false,"boss_relics":[{"not_picked":["Philosopher\u0027s Stone","Ring of Chaos"],"picked":"Coffee Dripper"},{"not_picked":["SlaversCollar","Empty Cage"],"picked":"ChewingGum"}],"items_purged_floors":[26],"is_endless":false,"potions_floor_spawned":[8,12,13,15,25,28,29,32,39,46,52],"ascension_level":0}}