{"host":"da4a6z8aof69aasy","time":1608154843,"event":{"mods":["AchievementEnabler","BaseMod","Block Reminder","Colored Powertips","DeckTracker","Highlight Path","Minty Spire (QoL Compilation)","Permanent Neow","Relic Stats","StSLib"],"gold_per_floor":[115,40,40,53,70,101,125,167,167,195,231,156,156,176,176,260,260,274,189,209,229,241,268,288,288,297,330,220,220,220],"floor_reached":29,"playtime":3175,"items_purged":["Pain"],"score":502,"play_id":"46be511f-55e8-48cd-904f-95c791acf416","local_time":"20201216234043","is_ascension_mode":true,"campfire_choices":[{"floor":13,"key":"REST"},{"data":"Carnage","floor":15,"key":"SMITH"},{"data":"Bludgeon","floor":25,"key":"SMITH"}],"circlet_count":0,"master_deck":["AscendersBane","Strike_R","Strike_R","Strike_R+1","Defend_R","Defend_R","Defend_R","Defend_R","Bash","Shrug It Off","Burning Pact","Wild Strike","Twin Strike","Shockwave","Carnage+1","Bludgeon+1","Feed","Whirlwind+1","Shockwave"],"relics":["Cursed Key","WarpedTongs","CeramicFish","Happy Flower","Empty Cage","Matryoshka","Kunai","Singing Bowl","Omamori","Oddly Smooth Stone"],"acts_visited":["Exordium","TheCity"],"potions_floor_usage":[11,23,27],"damage_taken":[{"damage":3.0,"enemies":"Small Slimes","floor":1.0,"turns":4.0},{"damage":3.0,"enemies":"Cultist","floor":4.0,"turns":4.0},{"damage":4.0,"enemies":"2 Louse","floor":5.0,"turns":4.0},{"damage":28.0,"enemies":"3 Sentries","floor":6.0,"turns":9.0},{"damage":6.0,"enemies":"Red Slaver","floor":7.0,"turns":4.0},{"damage":12.0,"enemies":"Gremlin Nob","floor":8.0,"turns":4.0},{"damage":3.0,"enemies":"Large Slime","floor":10.0,"turns":6.0},{"damage":6,"enemies":"3 Sentries","floor":11,"turns":5},{"damage":6,"enemies":"Exordium Thugs","floor":14,"turns":4},{"damage":3,"enemies":"The Guardian","floor":16,"turns":8},{"damage":4,"enemies":"Chosen","floor":18,"turns":6},{"damage":0,"enemies":"Spheric Guardian","floor":20,"turns":2},{"damage":1,"enemies":"3 Cultists","floor":21,"turns":3},{"damage":4,"enemies":"Centurion and Healer","floor":22,"turns":9},{"damage":15,"enemies":"Book of Stabbing","floor":23,"turns":4},{"damage":15,"enemies":"Chosen and Byrds","floor":24,"turns":7},{"damage":35,"enemies":"Slavers","floor":27,"turns":3},{"damage":20,"enemies":"Book of Stabbing","floor":29,"turns":3}],"seed_played":"-422683614006489848","potions_obtained":[{"floor":4.0,"key":"Explosive Potion"},{"floor":5.0,"key":"FearPotion"},{"floor":6.0,"key":"ColorlessPotion"},{"floor":8.0,"key":"Dexterity Potion"},{"floor":20,"key":"Strength Potion"},{"floor":22,"key":"BloodPotion"}],"is_trial":false,"path_per_floor":["M","?","?","M","M","E","M","E","T","M","E","$","R","M","R","B",null,"M","?","M","M","M","E","M","R","T","E","?","E"],"character_chosen":"IRONCLAD","items_purchased":[],"campfire_rested":1,"item_purchase_floors":[],"current_hp_per_floor":[65,65,65,62,58,30,24,12,12,9,3,3,25,19,19,16,60,60,60,60,62,61,63,48,48,48,19,19,0,0],"gold":220,"neow_bonus":"BOSS_RELIC","is_daily":false,"chose_seed":false,"campfire_upgraded":2,"win_rate":0.0,"timestamp":1608154843,"path_taken":["M","?","?","M","M","E","M","E","T","M","E","?","R","M","R","BOSS","M","?","M","M","M","E","M","R","T","E","?","E"],"items_purchased_type":[],"build_version":"2020-12-13","purchased_purges":1,"victory":false,"max_hp_per_floor":[75,75,75,75,75,75,75,75,75,75,75,75,75,75,75,75,75,79,79,79,82,85,85,85,85,85,91,91,91,91],"relic_stats":{"Happy Flower":[16],"Singing Bowl":2,"counters":[18,89],"CeramicFish":81,"Kunai":[2],"Cursed Key":1,"obtain_stats":[{"Matryoshka":19,"Happy Flower":11,"Singing Bowl":26,"CeramicFish":6,"Oddly Smooth Stone":27,"Omamori":26,"Kunai":23,"Cursed Key":0,"Empty Cage":17,"Burning Blood":0,"WarpedTongs":3},{"Matryoshka":11,"Happy Flower":8,"Singing Bowl":16,"CeramicFish":4,"Oddly Smooth Stone":17,"Omamori":16,"Kunai":15,"Cursed Key":0,"Empty Cage":10,"Burning Blood":0,"WarpedTongs":1},{"Matryoshka":58,"Happy Flower":40,"Singing Bowl":83,"CeramicFish":21,"Oddly Smooth Stone":86,"Omamori":83,"Kunai":76,"Cursed Key":0,"Empty Cage":52,"Burning Blood":0,"WarpedTongs":4}],"WarpedTongs":[83]},"card_choices":[{"not_picked":["Headbutt","Metallicize"],"picked":"Shrug It Off","floor":1.0},{"not_picked":["Havoc","Reckless Charge"],"picked":"Burning Pact","floor":4.0},{"not_picked":["Thunderclap","Fire Breathing"],"picked":"Wild Strike","floor":5.0},{"not_picked":["Cleave","Shrug It Off","Thunderclap"],"picked":"SKIP","floor":6.0},{"not_picked":["Clash","Shrug It Off"],"picked":"Twin Strike","floor":7.0},{"not_picked":["Body Slam","Anger"],"picked":"Perfected Strike","floor":8.0},{"not_picked":["Rupture","Iron Wave"],"picked":"Shockwave","floor":10.0},{"not_picked":["Wild Strike","Flex"],"picked":"Carnage","floor":11},{"not_picked":["Rupture","Wild Strike"],"picked":"Bludgeon","floor":14},{"not_picked":["Berserk","Barricade"],"picked":"Feed","floor":16},{"not_picked":["Body Slam","Anger","Havoc"],"picked":"SKIP","floor":18},{"not_picked":["Armaments","Rage+1"],"picked":"Whirlwind+1","floor":20},{"not_picked":["Headbutt","Heavy Blade"],"picked":"Shockwave","floor":21},{"not_picked":["Twin Strike","Headbutt","Sword Boomerang"],"picked":"SKIP","floor":22},{"not_picked":["Brutality","Perfected Strike","Sword Boomerang"],"picked":"SKIP","floor":23},{"not_picked":["Intimidate","Twin Strike","Thunderclap"],"picked":"SKIP","floor":24},{"not_picked":["Dropkick","Havoc","Fiend Fire"],"picked":"Singing Bowl","floor":27}],"player_experience":1923571,"relics_obtained":[{"floor":6.0,"key":"CeramicFish"},{"floor":11,"key":"Happy Flower"},{"floor":23,"key":"Kunai"},{"floor":26,"key":"Singing Bowl"},{"floor":26,"key":"Omamori"},{"floor":27,"key":"Oddly Smooth Stone"}],"event_choices":[{"cards_removed":["Strike_R"],"damage_healed":0.0,"max_hp_gain":0.0,"max_hp_loss":0.0,"gold_gain":0.0,"event_name":"The Cleric","player_choice":"Card Removal","floor":2.0,"gold_loss":75.0,"damage_taken":0.0},{"damage_healed":0.0,"max_hp_gain":0.0,"max_hp_loss":0.0,"gold_gain":0.0,"event_name":"Accursed Blacksmith","player_choice":"Rummage","floor":3.0,"gold_loss":0.0,"damage_taken":0.0,"relics_obtained":["WarpedTongs"],"cards_obtained":["Pain"]},{"damage_healed":0,"gold_gain":0,"player_choice":"Obtained Relic","damage_taken":0,"relics_obtained":["Matryoshka"],"max_hp_gain":0,"max_hp_loss":0,"event_name":"Addict","floor":19,"gold_loss":85},{"cards_removed":["Regret"],"damage_healed":0,"gold_gain":0,"player_choice":"Upgrade and Remove","damage_taken":0,"max_hp_gain":0,"max_hp_loss":0,"event_name":"Designer","floor":28,"gold_loss":110,"cards_upgraded":["Strike_R"]}],"is_beta":false,"boss_relics":[{"not_picked":["Tiny House","Runic Cube"],"picked":"Empty Cage"}],"items_purged_floors":[12],"is_endless":false,"potions_floor_spawned":[4,5,6,8,20,22],"killed_by":"Book of Stabbing","ascension_level":15}}