{"host":"9ndbo4kgsfoemf7y","time":1608119781,"event":{"mods":["AchievementEnabler","BaseMod","Colored Map","DeckTracker","Keyboard Shortcuts","Minty Spire (QoL Compilation)","Permanent Neow","Quick Restart","Relic Stats","StSLib","SuperFastMode"],"gold_per_floor":[110,110,131,150,75,0,0,150,176,76,76,115,115,115,115,115,115],"floor_reached":16,"playtime":349,"items_purged":["Strike_R","Doubt"],"score":182,"play_id":"d57b8df9-b3cb-4e82-8797-6b2a1e8e59e2","local_time":"20201216205621","is_ascension_mode":true,"campfire_choices":[{"data":"Corruption","floor":7.0,"key":"SMITH"},{"data":"Pommel Strike","floor":11.0,"key":"SMITH"},{"floor":13,"key":"REST"},{"data":"Bash","floor":15,"key":"SMITH"}],"circlet_count":0,"master_deck":["AscendersBane","Strike_R","Strike_R","Strike_R","Defend_R","Defend_R","Defend_R","Defend_R","Bash+1","Corruption+1","Shrug It Off","Pommel Strike+1","Pommel Strike"],"relics":["Burning Blood","Golden Idol","Bag of Preparation","Singing Bowl","Blue Candle"],"acts_visited":["Exordium"],"potions_floor_usage":[],"damage_taken":[{"damage":8.0,"enemies":"Small Slimes","floor":1.0,"turns":5.0},{"damage":21.0,"enemies":"Jaw Worm","floor":3.0,"turns":6.0},{"damage":6.0,"enemies":"2 Louse","floor":4.0,"turns":3.0},{"damage":12,"enemies":"Lagavulin","floor":12,"turns":6},{"damage":57,"enemies":"Hexaghost","floor":16,"turns":8}],"seed_played":"8356033887400848708","potions_obtained":[{"floor":3.0,"key":"DistilledChaos"},{"floor":4.0,"key":"DuplicationPotion"}],"is_trial":false,"path_per_floor":["M","?","M","M","$","?","R","?","T","$","R","E","R","T","R","B"],"character_chosen":"IRONCLAD","items_purchased":[],"campfire_rested":1,"item_purchase_floors":[],"current_hp_per_floor":[48,48,33,33,33,33,33,33,33,33,33,29,50,50,50,0,0],"gold":115,"neow_bonus":"THREE_RARE_CARDS","is_daily":false,"chose_seed":false,"campfire_upgraded":3,"win_rate":0.0,"timestamp":1608119781,"path_taken":["M","?","M","M","$","?","R","?","T","$","R","E","R","?","R","BOSS"],"items_purchased_type":[],"build_version":"2020-12-13","purchased_purges":2,"victory":false,"max_hp_per_floor":[75,68,68,68,68,68,68,68,68,68,68,70,70,70,70,70,70],"relic_stats":{"Singing Bowl":2,"counters":[5,28],"Golden Idol":16,"Blue Candle":[0],"Bag of Preparation":[4],"obtain_stats":[{"Singing Bowl":12,"Golden Idol":2,"Blue Candle":14,"Bag of Preparation":9,"Burning Blood":0},{"Singing Bowl":4,"Golden Idol":1,"Blue Candle":4,"Bag of Preparation":3,"Burning Blood":0},{"Singing Bowl":20,"Golden Idol":5,"Blue Candle":20,"Bag of Preparation":14,"Burning Blood":0}],"Burning Blood":24},"card_choices":[{"not_picked":["Barricade","Brutality"],"picked":"Corruption","floor":0.0},{"not_picked":["Armaments","Metallicize"],"picked":"Shrug It Off","floor":1.0},{"not_picked":["Clash","Metallicize"],"picked":"Pommel Strike","floor":3.0},{"not_picked":["Whirlwind","Sentinel"],"picked":"Pommel Strike","floor":4.0},{"not_picked":["Body Slam","Shrug It Off","Twin Strike"],"picked":"Singing Bowl","floor":12}],"player_experience":686208,"relics_obtained":[{"floor":9.0,"key":"Bag of Preparation"},{"floor":12,"key":"Singing Bowl"},{"floor":14,"key":"Blue Candle"}],"event_choices":[{"damage_healed":0.0,"max_hp_gain":0.0,"max_hp_loss":7.0,"gold_gain":0.0,"event_name":"Golden Idol","player_choice":"Lose Max HP","floor":2.0,"gold_loss":0.0,"damage_taken":0.0,"relics_obtained":["Golden Idol"]},{"cards_removed":["Strike_R"],"damage_healed":0.0,"max_hp_gain":0.0,"max_hp_loss":0.0,"gold_gain":0.0,"event_name":"The Cleric","player_choice":"Card Removal","floor":6.0,"gold_loss":75.0,"damage_taken":0.0},{"damage_healed":0.0,"max_hp_gain":0.0,"max_hp_loss":0.0,"gold_gain":150.0,"event_name":"Liars Game","player_choice":"AGREE","floor":8.0,"gold_loss":0.0,"damage_taken":0.0,"cards_obtained":["Doubt"]}],"is_beta":false,"boss_relics":[],"items_purged_floors":[5,10],"is_endless":false,"potions_floor_spawned":[3,4,12],"killed_by":"Hexaghost","ascension_level":18}}