{"host":"j5gdvqtwmxqn6tw6","time":1608121254,"event":{"mods":["BaseMod","Colored Map","Colored Powertips","Downfall","Minty Spire (QoL Compilation)","Replay The Spire","StSLib","SuperFastMode"],"gold_per_floor":[99,113,113,130,40,40,67,101,101,130,150,197,197,212,224,328,328,328,347,363,391,402,434,434,434,434,434],"floor_reached":26,"playtime":1166,"items_purged":["Guardian:Defend_Guardian"],"score":281,"play_id":"6796af07-d71e-45d4-bfa7-77f328c18de5","local_time":"20201216132054","is_ascension_mode":false,"campfire_choices":[{"floor":1,"key":"DIG"},{"data":"Guardian:TwinSlam","floor":6,"key":"SMITH"},{"data":"Guardian:ShieldSpikes","floor":9,"key":"SMITH"},{"data":"Guardian:DecasProtection","floor":25,"key":"SMITH"}],"circlet_count":0,"master_deck":["Guardian:Strike_Guardian","Guardian:Strike_Guardian","Guardian:Strike_Guardian","Guardian:Defend_Guardian","Guardian:Defend_Guardian","Guardian:Defend_Guardian","Guardian:CurlUp","Guardian:TwinSlam+1","Guardian:ShieldSpikes+1","Guardian:RollAttack","Guardian:SpikerProtocol","Guardian:RefractedBeam","Guardian:ChargeUp","Guardian:AncientConstruct","Guardian:Gem_Purple","Guardian:Gem_Synthetic","Guardian:ArmoredProtocol","Guardian:EvasiveProtocol","Guardian:Gem_Lightblue","Guardian:DecasProtection+1"],"relics":["Guardian:ModeShifter","White Beast Statue","Guardian:PickAxe","Divine Protection","Omamori","Bottled Flame","ReplayTheSpireMod:Ring of Exchange","Ring of Panic","Chemical X","Frozen Egg 2","Lantern","Darkstone Periapt"],"acts_visited":["Exordium","TheCity"],"potions_floor_usage":[2,8,8,16,16,16,21,23],"damage_taken":[{"damage":0,"enemies":"Small Slimes","floor":2,"turns":4},{"damage":0,"enemies":"Jaw Worm","floor":4,"turns":4},{"damage":0,"enemies":"downfall:FleeingMerchant","floor":5,"turns":4},{"damage":13,"enemies":"Lagavulin","floor":8,"turns":7},{"damage":0,"enemies":"Gremlin Nob","floor":10,"turns":4},{"damage":0,"enemies":"2 Louse","floor":11,"turns":1},{"damage":0,"enemies":"2 Fungi Beasts","floor":14,"turns":3},{"damage":0,"enemies":"Large Slime","floor":15,"turns":4},{"damage":17,"enemies":"downfall:Ironclad","floor":16,"turns":8},{"damage":0,"enemies":"3 Byrds","floor":19,"turns":3},{"damage":0,"enemies":"Chosen","floor":20,"turns":5},{"damage":5,"enemies":"Book of Stabbing","floor":21,"turns":7},{"damage":0,"enemies":"3 Cultists","floor":22,"turns":5},{"damage":64,"enemies":"Gremlin Leader","floor":23,"turns":10},{"damage":12,"enemies":"Shelled Parasite and Fungi","floor":26,"turns":5}],"seed_played":"-6942181543918212013","potions_obtained":[{"floor":0,"key":"LiquidBronze"},{"floor":0,"key":"Languid Potion"},{"floor":0,"key":"Flashbang"},{"floor":2,"key":"SmokeBomb"},{"floor":8,"key":"sneckomod:MuddlingPotion"},{"floor":10,"key":"Dexterity Potion"},{"floor":11,"key":"hexamod:EctoCoolerPotion"},{"floor":14,"key":"BlessingOfTheForge"},{"floor":16,"key":"ColorlessPotion"},{"floor":19,"key":"Weak Potion"},{"floor":20,"key":"Dexterity Potion"},{"floor":21,"key":"Milkshake"},{"floor":23,"key":"LiquidMemories"}],"is_trial":false,"path_per_floor":["R_BF","M","?","M","$","R","T","E","R","E","M","?","?","M","M","B",null,"R_BF","M","M","E","M","E","T","R","M"],"character_chosen":"GUARDIAN","items_purchased":[],"campfire_rested":0,"item_purchase_floors":[],"current_hp_per_floor":[80,80,80,80,80,80,80,67,67,67,67,47,47,47,47,30,80,80,80,80,75,75,11,11,11,0,0],"gold":434,"neow_bonus":"THREE_SMALL_POTIONS","is_daily":false,"chose_seed":false,"campfire_upgraded":3,"win_rate":0.0,"timestamp":1608121254,"path_taken":["R_BF","M","?","M","$","R","T","E","R","E","M","?","?","M","M","BOSS","R_BF","M","M","E","M","E","T","R","M"],"items_purchased_type":[],"build_version":"2020-12-13","purchased_purges":1,"victory":false,"max_hp_per_floor":[80,80,80,80,80,80,80,80,80,80,80,80,80,80,80,80,80,80,80,80,80,80,80,80,80,80,80],"card_choices":[{"not_picked":["Guardian:Emergency","Guardian:Incinerate"],"picked":"Guardian:ShieldSpikes","floor":2},{"not_picked":["Guardian:Incinerate","Guardian:ChargeCore"],"picked":"Guardian:Gem_Fragmented","floor":4},{"not_picked":["Guardian:Harden","Guardian:Orbwalk"],"picked":"Guardian:RollAttack","floor":5},{"not_picked":["Guardian:ArmoredProtocol","Guardian:MultiBeam"],"picked":"Guardian:Gem_Purple","floor":8},{"not_picked":["Guardian:Gem_Green","Guardian:Suspension"],"picked":"Guardian:SpikerProtocol","floor":10},{"not_picked":["Guardian:Orbwalk","Guardian:TimeCapacitor"],"picked":"Guardian:RefractedBeam","floor":11},{"not_picked":["Guardian:CrystalBeam","Guardian:TemporalStrike"],"picked":"Guardian:ChargeUp","floor":14},{"not_picked":["Guardian:Recover","Guardian:SphericShield"],"picked":"Guardian:Gem_Green","floor":15},{"not_picked":["Guardian:RevengeProtocol","Guardian:ExploitGems"],"picked":"Guardian:AncientConstruct","floor":16},{"not_picked":["Guardian:Planning+1","Guardian:Gem_Green"],"picked":"Guardian:ArmoredProtocol","floor":19},{"not_picked":["Guardian:Gem_Cyan","Guardian:ArmoredProtocol"],"picked":"Guardian:EvasiveProtocol","floor":20},{"not_picked":["Guardian:RollAttack","Guardian:Reroute+1"],"picked":"Guardian:Gem_Lightblue","floor":21},{"not_picked":["Guardian:Gem_Cyan","Guardian:MultiBeam+1","Guardian:Gem_Blue"],"picked":"SKIP","floor":22},{"not_picked":["Guardian:PolyBeam+1","Guardian:Harden"],"picked":"Guardian:DecasProtection","floor":23}],"player_experience":29502,"relics_obtained":[{"floor":1,"key":"White Beast Statue"},{"floor":7,"key":"Guardian:PickAxe"},{"floor":8,"key":"Divine Protection"},{"floor":10,"key":"Omamori"},{"floor":12,"key":"Bottled Flame"},{"floor":13,"key":"ReplayTheSpireMod:Ring of Exchange"},{"floor":13,"key":"Ring of Panic"},{"floor":21,"key":"Frozen Egg 2"},{"floor":23,"key":"Lantern"},{"floor":24,"key":"Darkstone Periapt"}],"event_choices":[{"cards_removed":["Guardian:Strike_Guardian"],"damage_healed":0,"gold_gain":0,"player_choice":"Card Removal","damage_taken":0,"max_hp_gain":0,"max_hp_loss":0,"event_name":"The Cleric","floor":3,"gold_loss":0}],"is_beta":false,"boss_relics":[{"not_picked":["SlaversCollar","Velvet Choker"],"picked":"Chemical X"}],"items_purged_floors":[5],"is_endless":false,"potions_floor_spawned":[2,4,5,8,10,11,14,15,16,19,20,21,22,23],"killed_by":"Shelled Parasite and Fungi","ascension_level":0}}