{"host":"2nw7vjz0sy04etg3","time":1608114751,"event":{"mods":["BaseMod","DeckTracker","Minty Spire (QoL Compilation)","Quick Restart"],"gold_per_floor":[110,127,202,202,202,202,236,236,311,311,322,349,369,381,381,455,455,470,486,124,134,134,134,145,176,224,224,236,254,285,285,285,363,363,374,374,388,29,49,49,61,89,89,117,136,136,167,180,180,180,180,180,130,163,163],"floor_reached":56,"playtime":4449,"items_purged":["Defend_B+1","Strike_B"],"score":2225,"play_id":"dfde3074-1d7c-4e17-b8ed-5a6c1e21984a","local_time":"20201216193231","is_ascension_mode":true,"campfire_choices":[{"data":"Dualcast","floor":6.0,"key":"SMITH"},{"data":"Defragment","floor":8.0,"key":"SMITH"},{"data":"Coolheaded","floor":10.0,"key":"SMITH"},{"floor":15.0,"key":"REST"},{"floor":23.0,"key":"RECALL"},{"floor":27.0,"key":"REST"},{"floor":32.0,"key":"REST"},{"floor":40.0,"key":"REST"},{"floor":46.0,"key":"REST"},{"floor":49.0,"key":"REST"},{"floor":52.0,"key":"REST"}],"circlet_count":0,"master_deck":["AscendersBane","Strike_B+1","Strike_B","Defend_B+1","Defend_B","Defend_B","Zap","Dualcast+1","Coolheaded+1","Leap","Defragment+1","Chill+1","Turbo+1","Coolheaded+1","White Noise+1","Electrodynamics","Scrape","Skim+1","Seek+1","Fission+1","Deep Breath+1","Sweeping Beam+1","Sweeping Beam+1","Conserve Battery+1","Coolheaded+1","Creative AI","Glacier+1","Chaos+1","FTL","Rainbow+1","Skim+1","Turbo+1","Ball Lightning","Purity+1","Recycle+1","Stack+1","Aggregate+1","Machine Learning","Stack+1","Doom and Gloom","Aggregate+1","Compile Driver+1","Rebound+1","Hologram+1"],"relics":["Cracked Core","NeowsBlessing","Regal Pillow","Toxic Egg 2","Odd Mushroom","Fusion Hammer","War Paint","Dream Catcher","Smiling Mask","Inserter","Anchor","Mummified Hand","White Beast Statue","Blue Candle","Whetstone"],"acts_visited":["Exordium","TheCity","TheBeyond","TheEnding"],"potions_floor_usage":[55],"damage_taken":[{"damage":0.0,"enemies":"Small Slimes","floor":1.0,"turns":1.0},{"damage":0.0,"enemies":"Jaw Worm","floor":2.0,"turns":1.0},{"damage":0.0,"enemies":"Lagavulin","floor":7.0,"turns":1.0},{"damage":11.0,"enemies":"2 Louse","floor":11.0,"turns":2.0},{"damage":26.0,"enemies":"The Mushroom Lair","floor":12.0,"turns":6.0},{"damage":0.0,"enemies":"2 Fungi Beasts","floor":13.0,"turns":3.0},{"damage":3.0,"enemies":"Exordium Wildlife","floor":14.0,"turns":5.0},{"damage":8.0,"enemies":"Slime Boss","floor":16.0,"turns":11.0},{"damage":9.0,"enemies":"Shell Parasite","floor":18.0,"turns":6.0},{"damage":2.0,"enemies":"Chosen","floor":19.0,"turns":8.0},{"damage":0.0,"enemies":"Snecko","floor":21.0,"turns":5.0},{"damage":0.0,"enemies":"3 Cultists","floor":24.0,"turns":3.0},{"damage":9.0,"enemies":"Gremlin Leader","floor":25.0,"turns":5.0},{"damage":0.0,"enemies":"Sentry and Sphere","floor":28.0,"turns":3.0},{"damage":31.0,"enemies":"Centurion and Healer","floor":29.0,"turns":7.0},{"damage":0.0,"enemies":"Book of Stabbing","floor":30.0,"turns":5.0},{"damage":24.0,"enemies":"Collector","floor":33.0,"turns":12.0},{"damage":0.0,"enemies":"3 Darklings","floor":35.0,"turns":1.0},{"damage":0.0,"enemies":"3 Shapes","floor":37.0,"turns":2.0},{"damage":5.0,"enemies":"Maw","floor":39.0,"turns":8.0},{"damage":0.0,"enemies":"4 Shapes","floor":41.0,"turns":3.0},{"damage":20.0,"enemies":"Giant Head","floor":42.0,"turns":10.0},{"damage":18.0,"enemies":"Reptomancer","floor":44.0,"turns":6.0},{"damage":0.0,"enemies":"3 Darklings","floor":45.0,"turns":1.0},{"damage":0.0,"enemies":"Nemesis","floor":47.0,"turns":6.0},{"damage":32.0,"enemies":"Transient","floor":48.0,"turns":6.0},{"damage":40.0,"enemies":"Donu and Deca","floor":50.0,"turns":9.0},{"damage":29.0,"enemies":"Shield and Spear","floor":54.0,"turns":7.0},{"damage":42,"enemies":"The Heart","floor":55,"turns":12}],"seed_played":"6598185016573428851","potions_obtained":[{"floor":7.0,"key":"EntropicBrew"},{"floor":12.0,"key":"EssenceOfSteel"},{"floor":16.0,"key":"Block Potion"},{"floor":24.0,"key":"Ancient Potion"},{"floor":44.0,"key":"SteroidPotion"},{"floor":54.0,"key":"FearPotion"}],"is_trial":false,"path_per_floor":["M","M","?","?","?","R","E","R","T","R","M","?","M","M","R","B",null,"M","M","$","M","?","R","M","E","T","R","M","M","E","?","R","B",null,"M","?","M","$","M","R","M","E","T","E","M","R","E","M","R","B",null,"R","$","E","B",null],"character_chosen":"DEFECT","items_purchased":["Seek+1","Fission+1","Deep Breath+1","Ball Lightning","Purity+1","Anchor"],"campfire_rested":7,"item_purchase_floors":[20,20,20,38,38,38],"current_hp_per_floor":[64,64,53,46,51,51,51,51,51,51,40,14,14,11,48,40,67,58,56,56,56,56,56,56,47,47,76,76,45,45,45,76,52,70,70,70,70,70,65,76,76,56,56,38,38,75,75,43,76,36,66,76,76,47,5],"gold":163,"neow_bonus":"THREE_ENEMY_KILL","is_daily":false,"chose_seed":false,"campfire_upgraded":3,"win_rate":0.0,"timestamp":1608114751,"path_taken":["M","M","?","?","?","R","E","R","T","R","M","?","M","?","R","BOSS","M","M","$","M","?","R","M","E","T","R","M","M","E","?","R","BOSS","M","?","M","$","M","R","M","E","T","E","M","R","E","M","R","BOSS","R","$","E","BOSS"],"items_purchased_type":["Card","Card","Card","Card","Card","Relic"],"build_version":"2020-12-13","purchased_purges":2,"victory":true,"max_hp_per_floor":[71,71,71,71,76,76,76,76,76,76,76,76,76,76,76,76,76,76,76,76,76,76,76,76,76,76,76,76,76,76,76,76,76,76,76,76,76,76,76,76,76,76,76,76,76,76,76,76,76,76,76,76,76,76,76],"card_choices":[{"not_picked":["Rebound","Heatsinks"],"picked":"Coolheaded","floor":1.0},{"not_picked":["Barrage","Redo"],"picked":"Leap","floor":2.0},{"not_picked":["Double Energy","Barrage"],"picked":"Defragment","floor":7.0},{"not_picked":["Loop","All For One"],"picked":"Chill+1","floor":11.0},{"not_picked":["Redo+1","Go for the Eyes"],"picked":"Turbo+1","floor":12.0},{"not_picked":["Reprogram+1","Thunder Strike"],"picked":"Coolheaded+1","floor":13.0},{"not_picked":["Leap+1","Steam+1"],"picked":"White Noise+1","floor":14.0},{"not_picked":["Machine Learning","Meteor Strike"],"picked":"Electrodynamics","floor":16.0},{"not_picked":["Self Repair","Steam+1"],"picked":"Scrape","floor":18.0},{"not_picked":["Leap+1","Redo+1"],"picked":"Skim+1","floor":19.0},{"not_picked":["Gash","White Noise+1"],"picked":"Sweeping Beam","floor":21.0},{"not_picked":["Self Repair","Leap+1"],"picked":"Sweeping Beam+1","floor":24.0},{"not_picked":["Self Repair","Streamline"],"picked":"Conserve Battery+1","floor":25.0},{"not_picked":["Cold Snap","Conserve Battery+1"],"picked":"Coolheaded+1","floor":27.0},{"not_picked":["Steam+1","Conserve Battery+1","Force Field+1"],"picked":"SKIP","floor":28.0},{"not_picked":["Auto Shields+1","Storm"],"picked":"Creative AI","floor":29.0},{"not_picked":["Sweeping Beam","Double Energy+1"],"picked":"Glacier+1","floor":30.0},{"not_picked":["Undo+1","Self Repair"],"picked":"FTL","floor":32.0},{"not_picked":["All For One","Amplify+1"],"picked":"Rainbow+1","floor":33.0},{"not_picked":["Streamline","Self Repair"],"picked":"Skim+1","floor":35.0},{"not_picked":["Gash+1","Compile Driver"],"picked":"Turbo+1","floor":37.0},{"not_picked":["Ball Lightning+1","Rebound"],"picked":"Recycle+1","floor":39.0},{"not_picked":["Gash+1","Lockon"],"picked":"Stack+1","floor":40.0},{"not_picked":["Streamline","Reprogram+1","Turbo+1"],"picked":"SKIP","floor":41.0},{"not_picked":["Compile Driver+1","Steam+1"],"picked":"Aggregate+1","floor":42.0},{"not_picked":["Recycle+1","Static Discharge"],"picked":"Machine Learning","floor":44.0},{"not_picked":["Conserve Battery+1","Streamline","Genetic Algorithm+1"],"picked":"SKIP","floor":45.0},{"not_picked":["Coolheaded+1","White Noise+1"],"picked":"Stack+1","floor":46.0},{"not_picked":["Stack+1","Static Discharge"],"picked":"Doom and Gloom","floor":47.0},{"not_picked":["Leap+1","Genetic Algorithm+1"],"picked":"Aggregate+1","floor":48.0},{"not_picked":["Leap+1","Chaos+1"],"picked":"Compile Driver+1","floor":49.0},{"not_picked":["Chill+1","Cold Snap"],"picked":"Rebound+1","floor":52.0},{"not_picked":["Streamline","Core Surge"],"picked":"Hologram+1","floor":54.0}],"player_experience":232471,"relics_obtained":[{"floor":7.0,"key":"Regal Pillow"},{"floor":9.0,"key":"Toxic Egg 2"},{"floor":12.0,"key":"Odd Mushroom"},{"floor":25.0,"key":"War Paint"},{"floor":26.0,"key":"Dream Catcher"},{"floor":30.0,"key":"Smiling Mask"},{"floor":42.0,"key":"Mummified Hand"},{"floor":44.0,"key":"White Beast Statue"},{"floor":47.0,"key":"Blue Candle"},{"floor":54.0,"key":"Whetstone"}],"event_choices":[{"damage_healed":0.0,"max_hp_gain":0.0,"max_hp_loss":0.0,"gold_gain":75.0,"event_name":"World of Goop","player_choice":"Gather Gold","floor":3.0,"gold_loss":0.0,"damage_taken":11.0},{"cards_removed":["Strike_B"],"damage_healed":0.0,"max_hp_gain":0.0,"max_hp_loss":0.0,"gold_gain":0.0,"event_name":"Golden Wing","player_choice":"Card Removal","floor":4.0,"gold_loss":0.0,"damage_taken":7.0},{"damage_healed":0.0,"max_hp_gain":5.0,"max_hp_loss":0.0,"gold_gain":0.0,"event_name":"Big Fish","player_choice":"Donut","floor":5.0,"gold_loss":0.0,"damage_taken":0.0},{"damage_healed":0.0,"max_hp_gain":0.0,"max_hp_loss":0.0,"gold_gain":0.0,"event_name":"Mushrooms","player_choice":"Fought Mushrooms","floor":12.0,"gold_loss":0.0,"damage_taken":0.0},{"damage_healed":0.0,"max_hp_gain":0.0,"max_hp_loss":0.0,"gold_gain":0.0,"event_name":"Vampires","player_choice":"Ignored","floor":22.0,"gold_loss":0.0,"damage_taken":0.0},{"damage_healed":0.0,"max_hp_gain":0.0,"max_hp_loss":0.0,"gold_gain":0.0,"event_name":"The Library","player_choice":"Read","floor":31.0,"gold_loss":0.0,"damage_taken":0.0,"cards_obtained":["Chaos"]},{"damage_healed":0.0,"max_hp_gain":0.0,"max_hp_loss":0.0,"gold_gain":0.0,"event_name":"Lab","player_choice":"Got Potions","floor":36.0,"gold_loss":0.0,"damage_taken":0.0}],"is_beta":false,"boss_relics":[{"not_picked":["Runic Dome","Runic Pyramid"],"picked":"Fusion Hammer"},{"not_picked":["Nuclear Battery","Calling Bell"],"picked":"Inserter"}],"items_purged_floors":[38,53],"is_endless":false,"potions_floor_spawned":[7,12,16,24,28,30,33,37,39,41,44,45,47,48,54],"ascension_level":17}}