{"host":"2bb43zy5ktuvl8oc","time":1608130079,"event":{"mods":["Act Like it!","BaseMod","Downfall","Gensokyo","Hermit","Koishi","Marisa（F雨　魔理沙）","Minty Spire (QoL Compilation)","Remilia（蕾米莉亚）","Replay The Spire","Shop Mod","StSLib","The Administrix","The Animator","The Bug Knight","The Cursed","The Hierophant","The Mystic","The Runesmith","The Senshi","The Servant 0.9.4","Youmu（魂魄妖梦）","Yuyuko","【东方二次创作】八云紫mod"],"gold_per_floor":[112,112,125,400,420,420,2,28,28,58,233,255,32,52,52,161,161,178,183,183],"floor_reached":19,"playtime":1184,"items_purged":[],"score":177,"play_id":"2f2a5a80-5bf1-4cf4-ba1c-a0f1be7aa9bf","local_time":"20201216224759","is_ascension_mode":false,"campfire_choices":[{"data":"hermit:Maintenance","floor":6,"key":"SMITH"},{"floor":15,"key":"REST"}],"circlet_count":0,"master_deck":["hermit:Strike_Hermit","hermit:Strike_Hermit","hermit:Strike_Hermit+1","hermit:Defend_Hermit","hermit:Defend_Hermit","hermit:Defend_Hermit","hermit:Snapshot","hermit:Covet","hermit:Maintenance+1","Regret","hermit:Manifest","hermit:TakeAim","hermit:Scavenge","Doubt","hermit:GoldenBullet","hermit:ShadowCloak","hermit:Deadeye","hermit:DeadOrAlive","hermit:Glare"],"relics":["hermit:Momento","Juzu Bracelet","hermit:Horseshoe","Incense Burner","Orichalcum","Medical Kit","Replay:Drink Me"],"acts_visited":["Exordium","TheCity"],"potions_floor_usage":[16,16,18],"damage_taken":[{"damage":5,"enemies":"Jaw Worm","floor":1,"turns":4},{"damage":5,"enemies":"Cultist","floor":3,"turns":4},{"damage":0,"enemies":"2 Louse","floor":5,"turns":2},{"damage":36,"enemies":"Gremlin Nob","floor":8,"turns":7},{"damage":12,"enemies":"Lagavulin","floor":10,"turns":8},{"damage":2,"enemies":"Exordium Thugs","floor":12,"turns":4},{"damage":0,"enemies":"Exordium Wildlife","floor":14,"turns":9},{"damage":20,"enemies":"Fading Forest","floor":16,"turns":11},{"damage":15,"enemies":"Chosen","floor":18,"turns":8},{"damage":18,"enemies":"Masked Bandits","floor":19,"turns":4}],"seed_played":"8343016745891761423","potions_obtained":[{"floor":1,"key":"Ancient Potion"},{"floor":3,"key":"Fire Potion"},{"floor":12,"key":"ColorlessPotion"},{"floor":16,"key":"Energy Potion"}],"is_trial":false,"path_per_floor":["M","?","M","?","M","R","$","E","T","E","?","M","$","M","R","B",null,"M","?"],"character_chosen":"HERMIT","items_purchased":["hermit:TakeAim","Juzu Bracelet","hermit:Horseshoe","hermit:ShadowCloak","Medical Kit"],"campfire_rested":1,"item_purchase_floors":[7,7,7,13,13],"current_hp_per_floor":[70,75,70,70,70,70,70,34,34,22,22,20,20,20,42,22,57,42,24,24],"gold":183,"neow_bonus":"RANDOM_EVENT","is_daily":false,"chose_seed":false,"campfire_upgraded":1,"win_rate":0.0,"timestamp":1608130079,"path_taken":["M","?","?","?","?","R","$","E","T","E","?","M","$","M","R","BOSS","M","?"],"items_purchased_type":["Card","Relic","Relic","Card","Relic"],"build_version":"2020-12-13","purchased_purges":0,"victory":false,"max_hp_per_floor":[75,75,75,75,75,75,75,75,75,75,75,75,75,75,75,75,57,57,57,57],"card_choices":[{"not_picked":["hermit:Midnight","hermit:LoneWolf"],"picked":"hermit:Malice","floor":1},{"not_picked":["hermit:Snipe","hermit:Dive"],"picked":"hermit:Maintenance","floor":3},{"not_picked":["hermit:Headshot","hermit:Glare"],"picked":"hermit:Manifest","floor":5},{"not_picked":["hermit:CalledShot","hermit:Feint"],"picked":"hermit:FinalCanter","floor":8},{"not_picked":["hermit:LoneWolf","hermit:GhostlyPresence"],"picked":"hermit:Scavenge","floor":10},{"not_picked":["hermit:FlashPowder","hermit:Quickdraw"],"picked":"hermit:GoldenBullet","floor":12},{"not_picked":["hermit:Quickdraw","hermit:Malice"],"picked":"hermit:Deadeye","floor":14},{"not_picked":["hermit:Gambit","hermit:Purgatory"],"picked":"hermit:DeadOrAlive","floor":16},{"not_picked":["hermit:Misfire","hermit:Snipe"],"picked":"hermit:Glare","floor":18}],"player_experience":436308,"relics_obtained":[{"floor":8,"key":"Incense Burner"},{"floor":10,"key":"Orichalcum"}],"event_choices":[{"cards_removed":["hermit:Malice"],"damage_healed":5,"gold_gain":0,"player_choice":"Offered Uncommon","damage_taken":0,"max_hp_gain":0,"max_hp_loss":0,"event_name":"Bonfire Elementals","floor":2,"gold_loss":0},{"damage_healed":0,"gold_gain":275,"player_choice":"Desecrate","damage_taken":0,"max_hp_gain":0,"max_hp_loss":0,"event_name":"Golden Shrine","floor":4,"gold_loss":0,"cards_obtained":["Regret"]},{"damage_healed":0,"gold_gain":175,"player_choice":"AGREE","damage_taken":0,"max_hp_gain":0,"max_hp_loss":0,"event_name":"Liars Game","floor":11,"gold_loss":0,"cards_obtained":["Doubt"]},{"damage_healed":0,"gold_gain":0,"player_choice":"Fought Bandits","damage_taken":0,"max_hp_gain":0,"max_hp_loss":0,"event_name":"Masked Bandits","floor":19,"gold_loss":0}],"is_beta":false,"boss_relics":[{"not_picked":["hermit:DentedPlate","Abe\u0027s Treasure"],"picked":"Replay:Drink Me"}],"items_purged_floors":[],"is_endless":false,"potions_floor_spawned":[1,3,12,16],"killed_by":"Masked Bandits","ascension_level":0}}