{"host":"fne7yx97fnz7kq05","time":1608077240,"event":{"mods":["BaseMod","Colored Map","Colored Powertips","Highlight Path","Minty Spire (QoL Compilation)","Relic Stats"],"gold_per_floor":[99,99,99,99,99,99,99,69,69,69,69,69,69,69,69,69,69,69,69,69,69,69,69,69,69,69,69,69],"floor_reached":27,"playtime":987,"items_purged":[],"score":264,"play_id":"6e8d3ac0-e210-4f01-8d70-0fe8f23fa4b0","local_time":"20201215180720","is_ascension_mode":true,"campfire_choices":[{"data":"Pommel Strike","floor":6,"key":"SMITH"},{"data":"Shockwave","floor":13,"key":"SMITH"},{"floor":15,"key":"REST"},{"floor":24,"key":"REST"}],"circlet_count":0,"master_deck":["Strike_R","Strike_R","Strike_R","Strike_R","Defend_R","Defend_R","Defend_R","Defend_R","Bash","Pommel Strike+1","Rampage","Shockwave+1","Shrug It Off","Headbutt+1","Limit Break","CurseOfTheBell","Pommel Strike+1","Sword Boomerang+1","Twin Strike+1"],"relics":["Ectoplasm","Golden Idol","Boot","Question Card","Lantern","Pantograph","Molten Egg 2","Girya","Calling Bell","Happy Flower","Mummified Hand","WingedGreaves","Bottled Flame","Pen Nib"],"acts_visited":["Exordium","TheCity"],"potions_floor_usage":[7,11,23,27],"damage_taken":[{"damage":0,"enemies":"Cultist","floor":1,"turns":2},{"damage":3,"enemies":"2 Louse","floor":3,"turns":2},{"damage":1,"enemies":"Jaw Worm","floor":5,"turns":2},{"damage":14,"enemies":"Lagavulin","floor":7,"turns":5},{"damage":15,"enemies":"Exordium Thugs","floor":8,"turns":5},{"damage":1,"enemies":"2 Fungi Beasts","floor":10,"turns":3},{"damage":3,"enemies":"Gremlin Nob","floor":11,"turns":3},{"damage":17,"enemies":"3 Sentries","floor":14,"turns":6},{"damage":7,"enemies":"Slime Boss","floor":16,"turns":8},{"damage":9,"enemies":"3 Byrds","floor":18,"turns":6},{"damage":0,"enemies":"Chosen","floor":22,"turns":3},{"damage":46,"enemies":"Slavers","floor":23,"turns":5},{"damage":23,"enemies":"Snake Plant","floor":25,"turns":4},{"damage":27,"enemies":"Book of Stabbing","floor":27,"turns":2}],"seed_played":"-809740786239222928","potions_obtained":[{"floor":1,"key":"EssenceOfSteel"},{"floor":3,"key":"FearPotion"},{"floor":10,"key":"PowerPotion"},{"floor":14,"key":"Dexterity Potion"},{"floor":23,"key":"Strength Potion"},{"floor":25,"key":"ColorlessPotion"}],"is_trial":false,"path_per_floor":["M","?","M","?","M","R","E","M","T","M","E","?","R","E","R","B",null,"M","?","$","?","M","E","R","M","T","E"],"character_chosen":"IRONCLAD","items_purchased":[],"campfire_rested":2,"item_purchase_floors":[],"current_hp_per_floor":[80,74,71,64,63,63,49,34,34,33,30,30,30,13,35,53,74,65,65,65,65,65,19,41,18,18,0,0],"gold":69,"neow_bonus":"BOSS_RELIC","is_daily":false,"chose_seed":false,"campfire_upgraded":2,"win_rate":0.0,"timestamp":1608077240,"path_taken":["M","?","M","?","M","R","E","M","T","M","E","?","R","E","R","BOSS","M","?","?","?","M","E","R","M","T","E"],"items_purchased_type":[],"build_version":"2020-12-13","purchased_purges":0,"victory":false,"max_hp_per_floor":[80,74,74,74,74,74,74,74,74,74,74,74,74,74,74,74,74,74,74,74,74,74,74,74,74,74,74,74],"relic_stats":{"Happy Flower":[6],"counters":[14,56],"Golden Idol":85,"Mummified Hand":[1],"Pantograph":25,"Ectoplasm":489,"Pen Nib":[0],"Boot":[26],"Question Card":10,"obtain_stats":[{"Girya":14,"Lantern":9,"Happy Flower":17,"Golden Idol":2,"Pen Nib":26,"Boot":4,"Question Card":7,"Burning Blood":0,"Calling Bell":17,"Bottled Flame":23,"Mummified Hand":17,"Pantograph":11,"Molten Egg 2":12,"Ectoplasm":0,"WingedGreaves":17},{"Girya":8,"Lantern":5,"Happy Flower":9,"Golden Idol":1,"Pen Nib":13,"Boot":2,"Question Card":4,"Burning Blood":0,"Calling Bell":9,"Bottled Flame":12,"Mummified Hand":9,"Pantograph":7,"Molten Egg 2":7,"Ectoplasm":0,"WingedGreaves":9},{"Girya":28,"Lantern":16,"Happy Flower":36,"Golden Idol":2,"Pen Nib":54,"Boot":4,"Question Card":11,"Burning Blood":0,"Calling Bell":36,"Bottled Flame":50,"Mummified Hand":36,"Pantograph":22,"Molten Egg 2":22,"Ectoplasm":0,"WingedGreaves":36}]},"card_choices":[{"not_picked":["Shrug It Off","Rampage"],"picked":"Pommel Strike","floor":1},{"not_picked":["Clothesline","Sword Boomerang","Intimidate"],"picked":"SKIP","floor":3},{"not_picked":["Seeing Red","Heavy Blade","Iron Wave"],"picked":"SKIP","floor":5},{"not_picked":["Hemokinesis","Entrench","Body Slam"],"picked":"SKIP","floor":7},{"not_picked":["Anger","Iron Wave","Flame Barrier"],"picked":"Rampage","floor":8},{"not_picked":["Berserk","Body Slam","Warcry"],"picked":"Shockwave","floor":10},{"not_picked":["Perfected Strike","Thunderclap","Dual Wield"],"picked":"Shrug It Off","floor":11},{"not_picked":["Hemokinesis+1","Spot Weakness","Dropkick+1"],"picked":"Headbutt+1","floor":14},{"not_picked":["Demon Form","Juggernaut","Offering"],"picked":"Limit Break","floor":16},{"not_picked":["Inflame","Anger+1","Metallicize"],"picked":"Pommel Strike+1","floor":18},{"not_picked":["Hemokinesis+1","Anger+1","Warcry","Shockwave+1"],"picked":"SKIP","floor":22},{"not_picked":["Shockwave","Warcry+1","Clash+1"],"picked":"Sword Boomerang+1","floor":23},{"not_picked":["Carnage+1","Flex","True Grit"],"picked":"Twin Strike+1","floor":25}],"player_experience":12561,"relics_obtained":[{"floor":7,"key":"Question Card"},{"floor":9,"key":"Lantern"},{"floor":11,"key":"Pantograph"},{"floor":14,"key":"Girya"},{"floor":17,"key":"Happy Flower"},{"floor":17,"key":"Mummified Hand"},{"floor":17,"key":"WingedGreaves"},{"floor":23,"key":"Bottled Flame"},{"floor":26,"key":"Pen Nib"}],"event_choices":[{"damage_healed":0,"gold_gain":0,"player_choice":"Lose Max HP","damage_taken":0,"relics_obtained":["Golden Idol"],"max_hp_gain":0,"max_hp_loss":6,"event_name":"Golden Idol","floor":2,"gold_loss":0},{"damage_healed":0,"gold_gain":0,"player_choice":"Success","damage_taken":7,"relics_obtained":["Boot"],"max_hp_gain":0,"max_hp_loss":0,"event_name":"Scrap Ooze","floor":4,"gold_loss":0},{"damage_healed":0,"gold_gain":0,"player_choice":"Searched \u00271\u0027 times","damage_taken":0,"relics_obtained":["Molten Egg 2"],"max_hp_gain":0,"max_hp_loss":0,"event_name":"Dead Adventurer","floor":12,"gold_loss":0},{"cards_removed":["Strike_R"],"damage_healed":0,"gold_gain":0,"player_choice":"Purged","damage_taken":0,"max_hp_gain":0,"max_hp_loss":0,"event_name":"Purifier","floor":19,"gold_loss":0},{"damage_healed":0,"gold_gain":0,"player_choice":"Ignored","damage_taken":0,"max_hp_gain":0,"max_hp_loss":0,"event_name":"Vampires","floor":21,"gold_loss":0}],"is_beta":false,"boss_relics":[{"not_picked":["Sozu","Runic Cube"],"picked":"Calling Bell"}],"items_purged_floors":[],"is_endless":false,"potions_floor_spawned":[1,3,10,14,23,25],"killed_by":"Book of Stabbing","ascension_level":1}}