{"host":"wxm9nhpxzwflah6x","time":1608088416,"event":{"mods":["2.2 Compatiblity","AchievementEnabler","Bartender","BaseMod","Bestiary","Better Third Choice","ChefMod","Curses Come First","Minty Spire (QoL Compilation)","Quick Restart","Rare Cards Sparkle","Replay The Spire","StSLib"],"gold_per_floor":[119,132,132,132,132,132,157,122,176,189,153,153,328,340,340,443,543,557,479,419,509,528,528,557,557,582,592,592,607,607,624,624,727,727,741,741,741,807,826,826,839,839,888,888,888,888,908,927,927,927],"floor_reached":51,"playtime":4519,"items_purged":[],"score":863,"play_id":"4b8992df-f233-479a-9099-1a3109bc1f0a","local_time":"20201215191336","is_ascension_mode":false,"campfire_choices":[{"data":"Momentum","floor":6,"key":"SMITH"},{"floor":23,"key":"REST"},{"floor":25,"key":"REST"},{"floor":28,"key":"REST"},{"floor":32,"key":"REST"},{"floor":40,"key":"REST"},{"floor":42,"key":"REST"},{"floor":45,"key":"REST"},{"floor":49,"key":"REST"}],"circlet_count":0,"master_deck":["Somersault","Momentum+1","Glare","Meditate","Axe_Heel_Kick","Momentum","Doubt","Bloodbath_Bartender","Delirium","Form_Shift","Coeurl_Form+1","Mirage","Moonsault_Kick","Ball_Of_Ice","Rope_A_Dope","Mirage","Form_Shift","Power_Up_Punch","Pony_Shot","ThreeSidedStar","Well_Drinks","Power_Up_Punch","Vortex","On_The_House","Scowl","Panacea","Tornado_Kick+1","Torment+1","Voices","Momentum+1"],"relics":["Sneakers","Happy Flower","War Paint","ReplayFunnel","Ring of Fury","Ring of Searing","Replay:Wanted Poster","HornCleat","Bag of Marbles","Pandora\u0027s Box","Protect_Vest","Ring of Chaos","Ring of Hypnosis"],"acts_visited":["Exordium","TheCity","TheBeyond"],"potions_floor_usage":[16,18,31,33,35,50,50,50],"damage_taken":[{"damage":2,"enemies":"Small Slimes","floor":1,"turns":3},{"damage":1,"enemies":"Cultist","floor":2,"turns":3},{"damage":8,"enemies":"Lagavulin","floor":7,"turns":7},{"damage":4,"enemies":"2 Louse","floor":10,"turns":2},{"damage":9,"enemies":"Exordium Thugs","floor":14,"turns":4},{"damage":36,"enemies":"Slime Boss","floor":16,"turns":7},{"damage":20,"enemies":"Chosen","floor":18,"turns":3},{"damage":2,"enemies":"Spheric Guardian","floor":22,"turns":4},{"damage":27,"enemies":"Book of Stabbing","floor":24,"turns":4},{"damage":7,"enemies":"3 Cultists","floor":27,"turns":4},{"damage":25,"enemies":"Snake Plant","floor":29,"turns":4},{"damage":10,"enemies":"Cultist and Chosen","floor":31,"turns":4},{"damage":24,"enemies":"Pondfish","floor":33,"turns":8},{"damage":28,"enemies":"3 Darklings","floor":35,"turns":5},{"damage":10,"enemies":"Orb Walker","floor":39,"turns":3},{"damage":29,"enemies":"Sphere and 2 Shapes","floor":41,"turns":4},{"damage":17,"enemies":"3 Darklings","floor":47,"turns":5},{"damage":5,"enemies":"Spire Growth","floor":48,"turns":5},{"damage":52,"enemies":"Time Eater","floor":50,"turns":8}],"seed_played":"5107219196617470825","potions_obtained":[{"floor":1,"key":"Strength Potion"},{"floor":7,"key":"Elixir"},{"floor":10,"key":"Explosive Potion"},{"floor":16,"key":"GamblersBrew"},{"floor":22,"key":"Dexterity Potion"},{"floor":31,"key":"Fire Potion"},{"floor":33,"key":"EntropicBrew"},{"floor":38,"key":"Flashbang"},{"floor":38,"key":"LiquidMemories"},{"floor":39,"key":"LiquidBronze"}],"is_trial":false,"path_per_floor":["M","M","$","?","$","R","E","?","T","M","$","?","?","M","R","B",null,"M","$","?","?","M","R","E","R","T","M","R","M","?","M","R","B",null,"M","?","?","?","M","R","M","R","T","?","R","?","M","M","R","B",null],"character_chosen":"BARTENDER","items_purchased":["Momentum","Mirage"],"campfire_rested":8,"item_purchase_floors":[11,19],"current_hp_per_floor":[75,74,74,74,74,74,66,77,77,73,73,73,73,64,64,28,77,57,57,57,39,37,60,33,56,56,49,72,47,47,37,60,36,77,49,49,49,30,20,43,14,37,37,37,60,60,43,38,61,9],"gold":927,"neow_bonus":"TEN_PERCENT_HP_BONUS","is_daily":false,"chose_seed":false,"campfire_upgraded":1,"win_rate":0.0,"timestamp":1608088416,"path_taken":["M","M","$","?","?","R","E","?","T","?","$","?","?","M","R","BOSS","M","$","?","?","M","R","E","R","T","M","R","?","?","M","R","BOSS","M","?","?","?","?","R","M","R","T","?","R","?","M","M","R","BOSS"],"items_purchased_type":["Card","Card"],"build_version":"2020-12-13","purchased_purges":0,"victory":true,"max_hp_per_floor":[77,77,77,77,77,77,77,77,77,77,77,77,77,77,77,77,77,77,77,77,77,77,77,77,77,77,77,77,77,77,77,77,77,77,77,77,77,77,77,77,77,77,77,77,77,77,77,77,77,77],"card_choices":[{"not_picked":["Glare","Blizzard_Spikes"],"picked":"Momentum","floor":1},{"not_picked":["Phantom_Blow","Insight_B"],"picked":"Glare","floor":2},{"not_picked":["Power_Up_Punch","Feint"],"picked":"Meditate","floor":7},{"not_picked":["Pony_Shot","Bitters"],"picked":"Axe_Heel_Kick","floor":10},{"not_picked":["Rising_Crane","Feint"],"picked":"Bloodbath_Bartender","floor":14},{"not_picked":["Butterfly_Float","High_Tide"],"picked":"Form_Shift","floor":16},{"not_picked":["Bloodbath_Bartender+1","Power_Up_Punch"],"picked":"Coeurl_Form+1","floor":18},{"not_picked":["Bitters","Greased_Lightning","Pony_Shot+1"],"picked":"SKIP","floor":22},{"not_picked":["Alacrity+1","Coeurl_Form"],"picked":"Moonsault_Kick","floor":24},{"not_picked":["ThreeSidedStar","Center_Self"],"picked":"Ball_Of_Ice","floor":27},{"not_picked":["ThreeSidedStar","Power_Up_Punch"],"picked":"Rope_A_Dope","floor":29},{"not_picked":["Rising_Crane","Snap_Punch"],"picked":"Mirage","floor":31},{"not_picked":["Spirits_Within","Beat_Rush"],"picked":"Form_Shift","floor":33},{"not_picked":["Glare+1","Raptor_Form+1"],"picked":"Scowl","floor":35},{"not_picked":["Blind","Survey Options"],"picked":"Panacea","floor":37},{"not_picked":["Ball_Of_Ice","Pony_Shot"],"picked":"Tornado_Kick+1","floor":38},{"not_picked":["Vortex","Phantom_Blow"],"picked":"Torment+1","floor":39},{"not_picked":["Training_Dummy","Meteodrive","Power_Up_Punch+1"],"picked":"SKIP","floor":41},{"not_picked":["Alacrity","Scoop+1","On_The_House"],"picked":"SKIP","floor":47},{"not_picked":["Surge","Ripple+1"],"picked":"Momentum+1","floor":48}],"player_experience":211448,"relics_obtained":[{"floor":7,"key":"War Paint"},{"floor":9,"key":"ReplayFunnel"},{"floor":15,"key":"Ring of Fury"},{"floor":15,"key":"Ring of Searing"},{"floor":24,"key":"HornCleat"},{"floor":26,"key":"Bag of Marbles"},{"floor":43,"key":"Protect_Vest"},{"floor":46,"key":"Ring of Chaos"},{"floor":46,"key":"Ring of Hypnosis"}],"event_choices":[{"damage_healed":0,"gold_gain":0,"player_choice":"Gave Potion","damage_taken":0,"relics_obtained":["Happy Flower"],"max_hp_gain":0,"max_hp_loss":0,"event_name":"WeMeetAgain","floor":4,"gold_loss":0},{"damage_healed":19,"gold_gain":0,"player_choice":"Healed","damage_taken":0,"max_hp_gain":0,"max_hp_loss":0,"event_name":"The Cleric","floor":8,"gold_loss":35},{"damage_healed":0,"gold_gain":175,"player_choice":"AGREE","damage_taken":153,"max_hp_gain":0,"max_hp_loss":0,"event_name":"betterThird:BetterSerpent","floor":13,"gold_loss":0},{"damage_healed":0,"gold_gain":90,"player_choice":"GOLD POTION ","damage_taken":18,"max_hp_gain":0,"max_hp_loss":0,"event_name":"Knowing Skull","floor":21,"potions_obtained":["Toxic Potion"],"gold_loss":0,"cards_obtained":[]},{"damage_healed":0,"gold_gain":0,"player_choice":"Ignored","damage_taken":0,"max_hp_gain":0,"max_hp_loss":0,"event_name":"Ghosts","floor":30,"gold_loss":0},{"damage_healed":0,"gold_gain":0,"player_choice":"Ignored","damage_taken":0,"max_hp_gain":0,"max_hp_loss":0,"event_name":"Tomb of Lord Red Mask","floor":36,"gold_loss":0},{"damage_healed":0,"gold_gain":0,"player_choice":"Memory 1","damage_taken":0,"max_hp_gain":0,"max_hp_loss":0,"event_name":"SensoryStone","floor":37,"gold_loss":0},{"damage_healed":0,"gold_gain":0,"player_choice":"Ignored","damage_taken":0,"max_hp_gain":0,"max_hp_loss":0,"event_name":"The Moai Head","floor":44,"gold_loss":0}],"is_beta":false,"boss_relics":[{"not_picked":["Abe\u0027s Treasure","Sozu"],"picked":"Replay:Wanted Poster"},{"not_picked":["Replay:Bronze Core","Runic Dome"],"picked":"Pandora\u0027s Box"}],"items_purged_floors":[],"is_endless":false,"potions_floor_spawned":[1,7,10,16,22,31,33,39],"ascension_level":0}}