{"host":"m2106ztvmcgfoyc9","time":1608120729,"event":{"mods":["BaseMod","Minty Spire (QoL Compilation)","Relic Stats"],"gold_per_floor":[109,124,136,136,150,150,168,178,178,198,198,198,198,227,227,304,304,318,335,335,59,59,88,88,118,142,167,267,267,292,342,342,419,419,439,40,40,54,74,74,99,99,123,123,170,70,104,120,120,120,120,120,120,8,37,37,37],"floor_reached":56,"playtime":2168,"items_purged":["Strike_R","Strike_R"],"score":2098,"play_id":"2b5bb345-a4f3-4219-8845-224ff6d67ab2","local_time":"20201216131209","is_ascension_mode":true,"campfire_choices":[{"data":"Bash","floor":6,"key":"SMITH"},{"data":"Carnage","floor":13,"key":"SMITH"},{"data":"Twin Strike","floor":15,"key":"SMITH"},{"data":"Immolate","floor":24,"key":"SMITH"},{"data":"Shockwave","floor":29,"key":"SMITH"},{"data":"Exhume","floor":32,"key":"SMITH"},{"floor":40,"key":"RECALL"},{"data":"Barricade","floor":42,"key":"SMITH"},{"data":"Impervious","floor":44,"key":"SMITH"},{"data":"Whirlwind","floor":49,"key":"SMITH"},{"data":"Shrug It Off","floor":53,"key":"SMITH"}],"circlet_count":0,"master_deck":["AscendersBane","Strike_R+1","Strike_R","Strike_R+1","Defend_R","Defend_R","Defend_R","Defend_R","Bash+1","Twin Strike+1","Cleave","Impervious+1","Dropkick","Carnage+1","Shockwave+1","Exhume+1","Necronomicurse","Immolate+1","Barricade+1","Disarm+1","Shrug It Off+1","Whirlwind+1","Offering"],"relics":["Burning Blood","WarpedTongs","Singing Bowl","Odd Mushroom","Matryoshka","Champion Belt","Coffee Dripper","Necronomicon","Meat on the Bone","Happy Flower","Kunai","Red Skull","Bag of Marbles","Incense Burner","HornCleat","Darkstone Periapt","Philosopher\u0027s Stone","Potion Belt","Oddly Smooth Stone","Mango","Orichalcum","Whetstone","Magic Flower","Blood Vial","Akabeko"],"acts_visited":["TheCity","TheBeyond","TheEnding"],"potions_floor_usage":[16,19,28,48,48,56,56,56],"damage_taken":[{"damage":5,"enemies":"2 Louse","floor":1,"turns":3},{"damage":7,"enemies":"Cultist","floor":2,"turns":4},{"damage":12,"enemies":"Jaw Worm","floor":3,"turns":3},{"damage":13,"enemies":"Looter","floor":5,"turns":2},{"damage":16,"enemies":"Blue Slaver","floor":7,"turns":4},{"damage":1,"enemies":"3 Louse","floor":8,"turns":5},{"damage":21,"enemies":"The Mushroom Lair","floor":10,"turns":3},{"damage":13,"enemies":"3 Sentries","floor":14,"turns":8},{"damage":0,"enemies":"Slime Boss","floor":16,"turns":5},{"damage":16,"enemies":"Shell Parasite","floor":18,"turns":3},{"damage":0,"enemies":"Spheric Guardian","floor":19,"turns":3},{"damage":8,"enemies":"Gremlin Leader","floor":23,"turns":4},{"damage":0,"enemies":"Slavers","floor":25,"turns":2},{"damage":18,"enemies":"Gremlin Leader","floor":27,"turns":4},{"damage":22,"enemies":"Colosseum Slavers","floor":28,"turns":4},{"damage":0,"enemies":"Colosseum Nobs","floor":28,"turns":1},{"damage":10,"enemies":"Book of Stabbing","floor":30,"turns":2},{"damage":33,"enemies":"Automaton","floor":33,"turns":8},{"damage":1,"enemies":"3 Shapes","floor":35,"turns":1},{"damage":0,"enemies":"Orb Walker","floor":38,"turns":1},{"damage":2,"enemies":"Maw","floor":39,"turns":5},{"damage":0,"enemies":"Mind Bloom Boss Battle","floor":41,"turns":3},{"damage":15,"enemies":"2 Orb Walkers","floor":45,"turns":3},{"damage":6,"enemies":"Giant Head","floor":47,"turns":7},{"damage":0,"enemies":"Writhing Mass","floor":48,"turns":4},{"damage":9,"enemies":"Awakened One","floor":50,"turns":15},{"damage":42,"enemies":"Donu and Deca","floor":51,"turns":7},{"damage":65,"enemies":"Shield and Spear","floor":55,"turns":6},{"damage":31,"enemies":"The Heart","floor":56,"turns":8}],"seed_played":"-4842588254549783481","potions_obtained":[{"floor":1,"key":"DuplicationPotion"},{"floor":3,"key":"LiquidBronze"},{"floor":14,"key":"SteroidPotion"},{"floor":16,"key":"ColorlessPotion"},{"floor":18,"key":"LiquidMemories"},{"floor":27,"key":"Swift Potion"},{"floor":28,"key":"FairyPotion"},{"floor":33,"key":"Fire Potion"},{"floor":38,"key":"Dexterity Potion"},{"floor":39,"key":"Swift Potion"}],"is_trial":false,"path_per_floor":["M","M","M","?","M","R","M","M","T","?","?","T","R","E","R","B",null,"M","M","?","$","?","E","R","E","T","E","?","R","E","?","R","B",null,"M","$","?","M","M","R","?","R","T","R","?","$","E","M","R","B","B",null,"R","$","E","B"],"character_chosen":"IRONCLAD","items_purchased":["Meat on the Bone","Potion Belt","Oddly Smooth Stone","SpeedPotion","SteroidPotion"],"campfire_rested":0,"item_purchase_floors":[21,36,36,54,54],"current_hp_per_floor":[76,75,69,69,62,62,52,57,57,44,44,44,44,37,37,43,74,66,74,53,53,53,51,51,59,59,61,65,65,63,63,63,48,84,91,91,91,93,95,95,111,111,111,111,102,102,107,113,113,113,80,105,105,105,70,42,42],"gold":37,"neow_bonus":"TEN_PERCENT_HP_BONUS","is_daily":false,"chose_seed":false,"campfire_upgraded":10,"win_rate":0.0,"timestamp":1608120729,"path_taken":["M","M","M","?","?","R","M","M","T","?","?","?","R","E","R","BOSS","M","M","?","$","?","E","R","E","T","E","?","R","E","?","R","BOSS","M","$","?","M","M","R","?","R","T","R","?","?","E","M","R","BOSS","BOSS","R","$","E","BOSS"],"items_purchased_type":["Relic","Relic","Relic","Potion","Potion"],"build_version":"2020-12-13","purchased_purges":2,"victory":false,"max_hp_per_floor":[82,82,82,82,82,82,82,82,82,84,84,84,84,84,84,84,84,86,88,88,88,88,88,88,90,90,92,94,94,96,96,96,96,96,98,98,93,93,95,95,111,111,111,111,111,111,113,113,113,113,113,113,113,113,113,113,113],"relic_stats":{"Darkstone Periapt":0,"Singing Bowl":22,"Happy Flower":[27],"counters":[29,128],"Magic Flower":[21],"Whetstone":["Strike_R","Strike_R"],"Orichalcum":[42],"Burning Blood":163,"WarpedTongs":[106],"Blood Vial":9,"Necronomicon":[56],"Champion Belt":[69],"Kunai":[41],"obtain_stats":[{"Darkstone Periapt":30,"Singing Bowl":9,"Magic Flower":45,"Mango":41,"Incense Burner":28,"Whetstone":43,"Burning Blood":0,"Blood Vial":47,"Matryoshka":12,"HornCleat":28,"Philosopher\u0027s Stone":34,"Necronomicon":20,"Kunai":25,"Red Skull":26,"Potion Belt":36,"Happy Flower":23,"Oddly Smooth Stone":36,"Odd Mushroom":10,"Orichalcum":43,"Akabeko":55,"WarpedTongs":4,"Coffee Dripper":17,"Bag of Marbles":27,"Champion Belt":14,"Meat on the Bone":21},{"Darkstone Periapt":17,"Singing Bowl":6,"Magic Flower":23,"Mango":22,"Incense Burner":16,"Whetstone":22,"Burning Blood":0,"Blood Vial":24,"Matryoshka":7,"HornCleat":16,"Philosopher\u0027s Stone":18,"Necronomicon":11,"Kunai":13,"Red Skull":13,"Potion Belt":19,"Happy Flower":12,"Oddly Smooth Stone":19,"Odd Mushroom":7,"Orichalcum":22,"Akabeko":28,"WarpedTongs":3,"Coffee Dripper":9,"Bag of Marbles":14,"Champion Belt":8,"Meat on the Bone":11},{"Darkstone Periapt":60,"Singing Bowl":21,"Magic Flower":81,"Mango":78,"Incense Burner":58,"Whetstone":78,"Burning Blood":0,"Blood Vial":88,"Matryoshka":24,"HornCleat":58,"Philosopher\u0027s Stone":68,"Necronomicon":43,"Kunai":49,"Red Skull":49,"Potion Belt":69,"Happy Flower":47,"Oddly Smooth Stone":69,"Odd Mushroom":24,"Orichalcum":78,"Akabeko":120,"WarpedTongs":10,"Coffee Dripper":37,"Bag of Marbles":53,"Champion Belt":32,"Meat on the Bone":43}],"Meat on the Bone":54},"card_choices":[{"not_picked":["Reckless Charge","Seeing Red"],"picked":"Twin Strike","floor":1},{"not_picked":["Wild Strike","Pummel"],"picked":"Cleave","floor":2},{"not_picked":["Burning Pact","Armaments"],"picked":"Impervious","floor":3},{"not_picked":["Dual Wield","Entrench"],"picked":"Dropkick","floor":5},{"not_picked":["True Grit","Heavy Blade"],"picked":"Carnage","floor":7},{"not_picked":["Flex","Anger","Dark Embrace"],"picked":"SKIP","floor":8},{"not_picked":["Warcry","Havoc","Body Slam"],"picked":"Singing Bowl","floor":10},{"not_picked":["Spot Weakness","Iron Wave"],"picked":"Shockwave","floor":14},{"not_picked":["Berserk","Brutality"],"picked":"Exhume","floor":16},{"not_picked":["Warcry","Sword Boomerang","Ghostly Armor"],"picked":"Singing Bowl","floor":18},{"not_picked":["Anger","Metallicize","Thunderclap"],"picked":"Singing Bowl","floor":19},{"not_picked":["Wild Strike","Thunderclap"],"picked":"Immolate","floor":23},{"not_picked":["Blood for Blood+1","Wild Strike","True Grit"],"picked":"Singing Bowl","floor":25},{"not_picked":["Perfected Strike","Entrench","Pommel Strike"],"picked":"Singing Bowl","floor":27},{"not_picked":["Anger","Dual Wield","Heavy Blade"],"picked":"Singing Bowl","floor":28},{"not_picked":["Heavy Blade+1","True Grit","Pommel Strike"],"picked":"Singing Bowl","floor":30},{"not_picked":["Fiend Fire","Corruption"],"picked":"Barricade","floor":33},{"not_picked":["Clash+1","Heavy Blade","Warcry"],"picked":"Singing Bowl","floor":35},{"not_picked":["Cleave","Heavy Blade"],"picked":"Disarm+1","floor":38},{"not_picked":["True Grit","Rage","Clothesline"],"picked":"Singing Bowl","floor":39},{"not_picked":["Clash","Cleave","Armaments"],"picked":"Singing Bowl","floor":41},{"not_picked":["Warcry","Twin Strike"],"picked":"Shrug It Off","floor":45},{"not_picked":["Dual Wield","Power Through","Havoc"],"picked":"Singing Bowl","floor":47},{"not_picked":["Feel No Pain","Wild Strike"],"picked":"Whirlwind","floor":48},{"not_picked":["Pummel","Bloodletting+1"],"picked":"Offering","floor":55}],"player_experience":954006,"relics_obtained":[{"floor":9,"key":"Singing Bowl"},{"floor":10,"key":"Odd Mushroom"},{"floor":12,"key":"Matryoshka"},{"floor":14,"key":"Champion Belt"},{"floor":20,"key":"Necronomicon"},{"floor":23,"key":"Happy Flower"},{"floor":25,"key":"Kunai"},{"floor":26,"key":"Red Skull"},{"floor":27,"key":"Bag of Marbles"},{"floor":28,"key":"Incense Burner"},{"floor":28,"key":"HornCleat"},{"floor":30,"key":"Darkstone Periapt"},{"floor":41,"key":"Mango"},{"floor":43,"key":"Orichalcum"},{"floor":43,"key":"Whetstone"},{"floor":45,"key":"Magic Flower"},{"floor":47,"key":"Blood Vial"},{"floor":55,"key":"Akabeko"}],"event_choices":[{"damage_healed":0,"gold_gain":0,"player_choice":"Rummage","damage_taken":0,"relics_obtained":["WarpedTongs"],"max_hp_gain":0,"max_hp_loss":0,"event_name":"Accursed Blacksmith","floor":4,"gold_loss":0,"cards_obtained":["Pain"]},{"damage_healed":0,"gold_gain":0,"player_choice":"Fought Mushrooms","damage_taken":0,"max_hp_gain":0,"max_hp_loss":0,"event_name":"Mushrooms","floor":10,"gold_loss":0},{"cards_removed":["Pain"],"damage_healed":0,"gold_gain":0,"player_choice":"Forget","damage_taken":0,"max_hp_gain":0,"max_hp_loss":0,"event_name":"Living Wall","floor":11,"gold_loss":0},{"damage_healed":0,"gold_gain":0,"player_choice":"Obtained Book","damage_taken":21,"max_hp_gain":0,"max_hp_loss":0,"event_name":"Cursed Tome","floor":20,"gold_loss":0},{"damage_healed":0,"gold_gain":0,"player_choice":"Fight","damage_taken":0,"max_hp_gain":0,"max_hp_loss":0,"event_name":"Colosseum","floor":28,"gold_loss":0},{"damage_healed":0,"gold_gain":0,"player_choice":"Fought Nobs","damage_taken":0,"max_hp_gain":0,"max_hp_loss":0,"event_name":"Colosseum","floor":28,"gold_loss":0},{"damage_healed":0,"gold_gain":50,"player_choice":"Stole From Cult","damage_taken":0,"max_hp_gain":0,"max_hp_loss":0,"event_name":"Nest","floor":31,"gold_loss":0},{"damage_healed":0,"gold_gain":0,"player_choice":"Max HP","damage_taken":0,"max_hp_gain":0,"max_hp_loss":5,"event_name":"Winding Halls","floor":37,"gold_loss":0},{"damage_healed":0,"gold_gain":0,"player_choice":"Fight","damage_taken":0,"max_hp_gain":0,"max_hp_loss":0,"event_name":"MindBloom","floor":41,"gold_loss":0},{"damage_healed":0,"gold_gain":0,"player_choice":"Fight","damage_taken":0,"max_hp_gain":0,"max_hp_loss":0,"event_name":"Mysterious Sphere","floor":45,"gold_loss":0}],"is_beta":false,"boss_relics":[{"not_picked":["Runic Cube","Astrolabe"],"picked":"Coffee Dripper"},{"not_picked":["Black Blood","Black Star"],"picked":"Philosopher\u0027s Stone"}],"items_purged_floors":[36,46],"is_endless":false,"potions_floor_spawned":[1,3,14,16,18,27,28,33,38,39],"killed_by":"The Heart","ascension_level":20}}