{"host":"ur9yu33ueh8lnvdq","time":1608078578,"event":{"mods":["2.2 Compatiblity","A Magickal Journey","AchievementEnabler","Alarm Clock","Aspiration","Bartender","BaseMod","Better Note","ChefMod","Colored Powertips","Conspire","Energized Spire","GungeonMod","Hermit","JesterMod","Jorbs\u0027s Wanderer Trilogy","KinomotoSakuraMod(????)","Melee Mod","Minty Spire (QoL Compilation)","Potionbrewer","Prisma Mod","Quick Restart","READ ME - Guardian Mod","Shade Mod","Shop Mod","Slumbering Mod","Somnambulant","StSLib","Swap Starting Deck Mod","The Blackbeard","The Bladedancer","The Bug Knight","The Cursed","The Death Knight","The Disciple","The Dragon Tamer","The Exalted","The Forsaken","The Gatherer","The Hayseed","The Hierophant","The Judge","The Juggle","The Necromancer","The Problem Sleuth","The Runesmith","The Servant 0.9.4","The Showman","TheFirefly","TheVacant","The_Crusader","Transform Curses"],"gold_per_floor":[110,127,127,77,90,90,40,40,40,72,72,72,98,98,98,119,119],"floor_reached":16,"playtime":1306,"items_purged":[],"score":131,"play_id":"348e659d-ab98-4436-8523-c49ef39656c3","local_time":"20201215192938","is_ascension_mode":false,"metric_token":3347,"campfire_choices":[{"data":"DTMod:DoubleHit","floor":6,"key":"SMITH"},{"floor":8,"key":"RECALL"},{"data":"DTMod:BlazingStrike","floor":11,"key":"SMITH"},{"data":"DTMod:FlameSlash","floor":15,"key":"SMITH"}],"dtmod_dragon_data":[21,50,-1,-1,0,0],"circlet_count":0,"master_deck":["DTMod:Strike","DTMod:Strike","DTMod:Strike","DTMod:Strike","DTMod:DoubleHit+1","DTMod:TargetDefense","DTMod:TargetDefense","DTMod:TargetDefense","DTMod:TargetDefense","DTMod:SwitchingTactic","DTMod:BlazingStrike+1","DTMod:RepeatStrike","DTMod:TauntingStrike","conspire:SpireCoStock","DTMod:FierySynthesis+1","DTMod:FlameSlash+1"],"relics":["DTMod:PactStone","Unceasing Top","DemoMod:Metronome","Mummified Hand"],"acts_visited":["Exordium"],"potions_floor_usage":[2,10],"damage_taken":[{"damage":0,"enemies":"Cultist","floor":1,"turns":4},{"damage":0,"enemies":"conspire:RoseBush","floor":2,"turns":2},{"damage":0,"enemies":"theSlumbering:NewCultist","floor":5,"turns":2},{"damage":0,"enemies":"theSlumbering:Adrasteia","floor":10,"turns":3},{"damage":1,"enemies":"HollowMod:MossKnight","floor":13,"turns":5},{"damage":48,"enemies":"The Guardian","floor":16,"turns":10}],"seed_played":"276807587915041251","potions_obtained":[{"floor":1,"key":"Swift Potion"},{"floor":5,"key":"DistilledChaos"}],"is_trial":false,"path_per_floor":["M","M","?","?","M","R","?","R","T","E","R","?","E","T","R","B"],"character_chosen":"THE_DT","items_purchased":[],"campfire_rested":0,"item_purchase_floors":[],"current_hp_per_floor":[49,49,49,49,49,49,49,49,49,49,49,49,48,48,48,0,0,0],"gold":119,"neow_bonus":"TEN_PERCENT_HP_BONUS","is_daily":false,"chose_seed":false,"campfire_upgraded":3,"win_rate":0.0,"timestamp":1608078578,"path_taken":["M","?","?","?","M","R","?","R","T","E","R","?","E","?","R","BOSS"],"items_purchased_type":[],"build_version":"2020-12-13","purchased_purges":0,"victory":false,"max_hp_per_floor":[49,49,49,49,49,49,49,49,49,49,49,49,49,49,49,49,49,49],"card_choices":[{"not_picked":["DTMod:Weaken","DTMod:Threaten"],"picked":"DTMod:BlazingStrike","floor":1},{"not_picked":["DTMod:Training","DTMod:WarmUp"],"picked":"DTMod:RepeatStrike","floor":2},{"not_picked":["DTMod:ComboAttack","DTMod:Threaten"],"picked":"DTMod:TauntingStrike","floor":5},{"not_picked":["DTMod:ComboAttack","DTMod:PurifyingFlame"],"picked":"DTMod:FierySynthesis","floor":10},{"not_picked":["DTMod:QuickFly","DTMod:HeatWave"],"picked":"DTMod:FlameSlash","floor":13}],"player_experience":811658,"relics_obtained":[{"floor":9,"key":"Unceasing Top"},{"floor":10,"key":"DemoMod:Metronome"},{"floor":13,"key":"Mummified Hand"}],"event_choices":[{"damage_healed":0,"gold_gain":0,"player_choice":"Left Gold","damage_taken":0,"max_hp_gain":0,"max_hp_loss":0,"event_name":"World of Goop","floor":4,"gold_loss":50},{"damage_healed":0,"gold_gain":0,"player_choice":"Invest 1","damage_taken":0,"max_hp_gain":0,"max_hp_loss":0,"event_name":"conspire:Investor","floor":7,"gold_loss":0},{"damage_healed":0,"gold_gain":0,"player_choice":"Grow","damage_taken":0,"max_hp_gain":0,"max_hp_loss":0,"event_name":"Living Wall","floor":12,"gold_loss":0,"cards_upgraded":["DTMod:FierySynthesis"]}],"is_beta":false,"boss_relics":[],"items_purged_floors":[],"is_endless":false,"potions_floor_spawned":[1,5],"killed_by":"The Guardian","ascension_level":0}}