{"host":"gbop6m4qugddaz18","time":1608143046,"event":{"mods":["2.2 Compatiblity","BaseMod","Better Third Choice","Block Reminder","Downfall","GifTheSpireLib","Highlight Path","Minty Spire (QoL Compilation)","Replay The Spire","StSLib"],"gold_per_floor":[99,109,109,436,436,451,451,481,481,514,525,541,3,20,34,134,134,134,153,153,167,187,187,268,268,298,298,313,34,54,37,56,151,151,151,177,196,243,168,168,168,168,186,186,186,348,358,12,26,26],"floor_reached":51,"playtime":4607,"items_purged":["Shame"],"score":971,"play_id":"f925d12f-507a-4e16-a31e-c5d4a8b63845","local_time":"20201216132406","is_ascension_mode":true,"campfire_choices":[{"floor":1,"key":"DIG"},{"data":"Guardian:ArmoredProtocol","floor":5,"key":"SMITH"},{"floor":9,"key":"REST"},{"data":"Guardian:Orbwalk","floor":18,"key":"SMITH"},{"data":"Guardian:Orbwalk","floor":20,"key":"SMITH"},{"data":"Guardian:Harden","floor":23,"key":"SMITH"},{"floor":27,"key":"REST"},{"floor":35,"key":"RECALL"},{"floor":39,"key":"REST"},{"floor":42,"key":"REST"},{"floor":44,"key":"REST"}],"circlet_count":0,"master_deck":["Guardian:Strike_Guardian","Guardian:Strike_Guardian","Guardian:Strike_Guardian","Guardian:Strike_Guardian","Guardian:Defend_Guardian","Guardian:Defend_Guardian","Guardian:Defend_Guardian","Guardian:Defend_Guardian","Guardian:CurlUp","Guardian:TwinSlam","Guardian:ArmoredProtocol+1","Guardian:ChargeCore","Guardian:ChargeUp","Guardian:GuardianWhirl","Guardian:RollAttack","Guardian:Planning","Guardian:RollAttack","Guardian:TemporalStrike","Guardian:Incinerate+1","Guardian:PiercingHide","Guardian:GuardianWhirl","Guardian:Orbwalk+1","Guardian:TemporalShield","Guardian:Orbwalk+1","Guardian:ConstructionForm","Guardian:PrimingBeam","Guardian:Recover+1","Guardian:Harden+1","Necronomicurse","Guardian:Harden+1","Guardian:RollAttack+1","Guardian:FloatingOrbs","Guardian:SpikerProtocol","Guardian:PiercingHide","Guardian:FuturePlans","Guardian:FloatingOrbs","Guardian:Reroute","Guardian:Incinerate","Guardian:WalkerClaw+1","Guardian:FierceBash","Guardian:GatlingBeam","Guardian:BronzeOrb","Guardian:Suspension+1","Guardian:WalkerClaw+1","Guardian:SpikerProtocol+1","Replay:SS_forest_2","Guardian:TimeCapacitor","Guardian:Gem_Red","Guardian:Recover+1","Guardian:FuturePlans+1","Guardian:Reroute+1","Guardian:ShieldCharger+1","Guardian:Orbwalk+1","Guardian:RefractedBeam+1","Guardian:TimeBomb+1"],"relics":["Guardian:ModeShifter","Divine Protection","Old Coin","Bottled Lightning","Replay:Baseball","Replay:Bottled Snecko","Sozu","BranchBurnRelic","ReplayTheSpireMod:Shallot","Necronomicon","Lantern","Bag of Preparation","ReplayTheSpireMod:CursedCoin","Fusion Hammer","ReplayTheSpireMod:Ninjato","Anchor","downfall:HeartBlessingRed","Golden Egg","CaptainsWheel","Guardian:StasisUpgradeRelic","Happy Flower"],"acts_visited":["Exordium","TheCity","TheBeyond"],"potions_floor_usage":[36],"damage_taken":[{"damage":0,"enemies":"Jaw Worm","floor":2,"turns":3},{"damage":24,"enemies":"3 Sentries","floor":4,"turns":12},{"damage":0,"enemies":"Cultist","floor":6,"turns":3},{"damage":14,"enemies":"Lagavulin","floor":8,"turns":7},{"damage":22,"enemies":"Gremlin Nob","floor":10,"turns":5},{"damage":0,"enemies":"2 Louse","floor":11,"turns":1},{"damage":0,"enemies":"Exordium Thugs","floor":12,"turns":3},{"damage":0,"enemies":"downfall:FleeingMerchant","floor":13,"turns":4},{"damage":2,"enemies":"Exordium Wildlife","floor":14,"turns":4},{"damage":0,"enemies":"2 Fungi Beasts","floor":15,"turns":3},{"damage":21,"enemies":"downfall:Ironclad","floor":16,"turns":7},{"damage":0,"enemies":"3 Byrds","floor":19,"turns":3},{"damage":14,"enemies":"Centurion and Healer","floor":21,"turns":4},{"damage":4,"enemies":"Sentry and Sphere","floor":22,"turns":5},{"damage":9,"enemies":"Book of Stabbing","floor":26,"turns":5},{"damage":25,"enemies":"Snake Plant","floor":28,"turns":5},{"damage":0,"enemies":"downfall:FleeingMerchant","floor":29,"turns":4},{"damage":1,"enemies":"Centurion and Healer","floor":30,"turns":5},{"damage":0,"enemies":"downfall:FleeingMerchant","floor":31,"turns":4},{"damage":0,"enemies":"3 Cultists","floor":32,"turns":4},{"damage":10,"enemies":"downfall:Silent","floor":33,"turns":6},{"damage":26,"enemies":"Giant Head","floor":36,"turns":7},{"damage":0,"enemies":"Orb Walker","floor":37,"turns":3},{"damage":1,"enemies":"3 Darklings","floor":43,"turns":4},{"damage":0,"enemies":"downfall:FleeingMerchant","floor":46,"turns":4},{"damage":0,"enemies":"4 Shapes","floor":47,"turns":2},{"damage":0,"enemies":"Sphere and 2 Shapes","floor":49,"turns":4},{"damage":0,"enemies":"downfall:Watcher","floor":50,"turns":5}],"seed_played":"-7314504935208832590","potions_obtained":[{"floor":2,"key":"champ:CounterPotion"},{"floor":3,"key":"Venom Potion"},{"floor":3,"key":"DistilledChaos"},{"floor":3,"key":"Energy Potion"},{"floor":6,"key":"Milkshake"},{"floor":16,"key":"PowerPotion"}],"is_trial":false,"path_per_floor":["R","M","?","E","R","M","T","E","R","E","M","M","$","M","M","B",null,"R","M","R","M","M","R","T","?","E","R","M","$","M","$","M","B",null,"R","E","M","?","R","?","T","R","M","R","?","$","M","$","M","B",null],"character_chosen":"GUARDIAN","items_purchased":["Dead Branch","Guardian:Incinerate+1","Guardian:PiercingHide","Guardian:GuardianWhirl","Guardian:Orbwalk","Bag of Preparation","Guardian:SpikerProtocol","Guardian:PiercingHide","ReplayTheSpireMod:CursedCoin","Guardian:Reroute","Guardian:Incinerate","Guardian:StasisUpgradeRelic","Guardian:FuturePlans","Happy Flower","Guardian:ShieldCharger","Guardian:Orbwalk","Guardian:RefractedBeam"],"campfire_rested":5,"item_purchase_floors":[13,13,13,13,13,29,29,29,31,31,31,46,46,48,48,48,48],"current_hp_per_floor":[88,88,88,64,64,64,64,50,76,54,54,54,54,52,52,31,74,74,83,83,81,77,77,77,61,66,88,69,69,68,68,68,58,81,81,62,62,62,88,88,88,88,88,88,88,88,88,88,88,88],"gold":26,"neow_bonus":"TEN_PERCENT_HP_BONUS","is_daily":false,"chose_seed":false,"campfire_upgraded":4,"win_rate":0.0,"timestamp":1608143046,"path_taken":["R","M","?","E","R","M","T","E","R","E","M","M","$","M","M","BOSS","R","M","R","?","M","R","T","?","E","R","M","$","M","?","M","BOSS","R","E","M","?","R","?","T","R","M","R","?","$","M","$","M","BOSS"],"items_purchased_type":["Relic","Card","Card","Card","Card","Relic","Card","Card","Relic","Card","Card","Relic","Card","Relic","Card","Card","Card"],"build_version":"2020-12-13","purchased_purges":1,"victory":true,"max_hp_per_floor":[88,88,88,88,88,88,88,88,88,88,88,88,88,88,88,88,88,88,88,88,88,88,88,88,88,88,88,88,88,88,88,88,88,88,88,88,88,88,88,88,88,88,88,88,88,88,88,88,88,88],"card_choices":[{"not_picked":["Guardian:CrystalBeam","Guardian:PrimingBeam"],"picked":"Guardian:ArmoredProtocol","floor":2},{"not_picked":["Guardian:MultiBeam","Guardian:VentSteam"],"picked":"Guardian:ChargeCore","floor":4},{"not_picked":["Guardian:DecasProtection","Guardian:ShieldCharger"],"picked":"Guardian:ChargeUp","floor":6},{"not_picked":["Guardian:CrystalBeam","Guardian:Repulse"],"picked":"Guardian:GuardianWhirl","floor":8},{"not_picked":["Guardian:Gem_Synthetic","Guardian:Suspension"],"picked":"Guardian:RollAttack","floor":10},{"not_picked":["Guardian:MultiBeam","Guardian:Gem_Lightblue"],"picked":"Guardian:Planning","floor":11},{"not_picked":["Guardian:Repulse","Guardian:Emergency"],"picked":"Guardian:RollAttack","floor":12},{"not_picked":["Guardian:DecasProtection","Guardian:Planning"],"picked":"Guardian:TemporalStrike","floor":13},{"not_picked":["Guardian:Incinerate","Guardian:CrystalBeam"],"picked":"Guardian:TemporalShield","floor":14},{"not_picked":["Guardian:WalkerClaw","Guardian:Gem_Cyan"],"picked":"Guardian:Orbwalk","floor":15},{"not_picked":["Guardian:HyperBeam_Guardian","Guardian:GemFire"],"picked":"Guardian:ConstructionForm","floor":16},{"not_picked":["Guardian:Orbwalk","Guardian:ChargeCore"],"picked":"Guardian:PrimingBeam","floor":19},{"not_picked":["Guardian:RollAttack+1","Guardian:Gem_Crimson"],"picked":"Guardian:Recover+1","floor":21},{"not_picked":["Guardian:WalkerClaw+1","Guardian:Incinerate"],"picked":"Guardian:Harden","floor":22},{"not_picked":["Guardian:WalkerClaw","Guardian:Gem_Red"],"picked":"Guardian:Harden+1","floor":26},{"not_picked":["Guardian:VentSteam","Guardian:CrystalBeam"],"picked":"Guardian:RollAttack+1","floor":28},{"not_picked":["Guardian:Recover","Guardian:TemporalShield"],"picked":"Guardian:FloatingOrbs","floor":29},{"not_picked":["Guardian:PolyBeam+1","Guardian:ArmoredProtocol+1"],"picked":"Guardian:FuturePlans","floor":30},{"not_picked":["Guardian:Gem_Green","Guardian:PolyBeam"],"picked":"Guardian:FloatingOrbs","floor":31},{"not_picked":["Guardian:Gem_Yellow","Guardian:Harden"],"picked":"Guardian:WalkerClaw+1","floor":32},{"not_picked":["Guardian:GemFinder","Guardian:BaubleBeam"],"picked":"Guardian:FierceBash","floor":33},{"not_picked":["Guardian:Suspension","Guardian:Gem_Cyan"],"picked":"Guardian:GatlingBeam","floor":36},{"not_picked":["Guardian:Planning+1","Guardian:Gem_Green"],"picked":"Guardian:BronzeOrb","floor":37},{"not_picked":["Guardian:TemporalShield+1","Guardian:Gem_Blue"],"picked":"Guardian:Suspension+1","floor":38},{"not_picked":["Guardian:StasisField","Guardian:Incinerate+1"],"picked":"Guardian:WalkerClaw+1","floor":38},{"not_picked":["Guardian:Suspension+1","Guardian:Recover"],"picked":"Guardian:SpikerProtocol+1","floor":43},{"not_picked":["Guardian:StasisField","Guardian:BronzeArmor+1"],"picked":"Guardian:Recover+1","floor":46},{"not_picked":["Guardian:CrystalBeam+1","Guardian:RollAttack+1"],"picked":"Guardian:Reroute+1","floor":47},{"not_picked":["Guardian:Reroute","Guardian:Recover+1"],"picked":"Guardian:TimeBomb+1","floor":49}],"player_experience":439206,"relics_obtained":[{"floor":1,"key":"Divine Protection"},{"floor":4,"key":"Old Coin"},{"floor":7,"key":"Bottled Lightning"},{"floor":8,"key":"Replay:Baseball"},{"floor":10,"key":"Replay:Bottled Snecko"},{"floor":24,"key":"ReplayTheSpireMod:Shallot"},{"floor":25,"key":"Necronomicon"},{"floor":26,"key":"Lantern"},{"floor":36,"key":"ReplayTheSpireMod:Ninjato"},{"floor":38,"key":"Anchor"},{"floor":40,"key":"Golden Egg"},{"floor":41,"key":"CaptainsWheel"}],"event_choices":[{"damage_healed":0,"gold_gain":0,"player_choice":"Got Potions","damage_taken":0,"max_hp_gain":0,"max_hp_loss":0,"event_name":"Lab","floor":3,"gold_loss":0}],"is_beta":false,"boss_relics":[{"not_picked":["Guardian:StasisSlotReductionRelic","Kintsugi"],"picked":"Sozu"},{"not_picked":["Tiny House","Empty Cage"],"picked":"Fusion Hammer"}],"items_purged_floors":[31],"is_endless":false,"potions_floor_spawned":[2,6,14,16,21,22,32,37,47],"ascension_level":5}}