{"host":"kdxx03a4p3nl7qnm","time":1608085494,"event":{"mods":["AchievementEnabler","Act Like it!","BaseMod","Better Altar","Better Third Choice","Better Vampires","Conspire","Defuse TimeMaze Blight","Downfall","Elementarium","Hallownest","Infinite Spire","Luminous","Mimic Mod","Minty Spire (QoL Compilation)","Quick Restart","StSLib","The Alterego","The Jungle","The Kombatant","TheBandit","TheSwordswoman","TheVacant","Waifu the Spire"],"gold_per_floor":[99,124,124,138,138,164,194,209,228,228,242,242,260,360,372,472,472,472,491,591,601,601,601,635,635,653,685,699,710,228,228,239,239,239],"floor_reached":33,"playtime":1659,"items_purged":["Slimebound:FirmFortitude+1"],"score":279,"play_id":"d18a3179-c02a-4025-a785-1620087f1e09","local_time":"20201215202454","is_ascension_mode":false,"campfire_choices":[{"data":"Slimebound:SplitMire","floor":1,"key":"SMITH"},{"floor":3,"key":"REST"},{"data":"Slimebound:Split","floor":5,"key":"SMITH"},{"data":"Slimebound:SplitMire","floor":10,"key":"SMITH"},{"data":"Slimebound:CorrosiveSpit","floor":18,"key":"SMITH"},{"data":"Slimebound:SamplingLick","floor":22,"key":"SMITH"},{"data":"Slimebound:SplitLeeching","floor":25,"key":"SMITH"}],"circlet_count":0,"master_deck":["Slimebound:Strike_Slimebound","Slimebound:Strike_Slimebound","Slimebound:Tackle","Slimebound:Defend_Slimebound","Slimebound:Defend_Slimebound","Slimebound:Defend_Slimebound","Slimebound:Defend_Slimebound","Slimebound:Split+1","Slimebound:CorrosiveSpit+1","Slimebound:SplitMire+1","Slimebound:LeechingTouch","Slimebound:Repurpose","Slimebound:SamplingLick+1","Slimebound:SplitMire+1","Slimebound:SpikyOuterGoop","Slimebound:SplitMire","Slimebound:SplitAcid","Slimebound:Overexert","Slimebound:MinionMaster","Slimebound:SplitLeeching+1","Slimebound:SplitLeeching+1","Slimebound:PressTheAttack","Slimebound:LeadByExample","Slimebound:SplitBruiser","Slimebound:Nibble","Slimebound:SplitBruiser","Slimebound:SlimeTap","Slimebound:LevelUp","Slimebound:SplitAcid"],"relics":["Slimebound:AbsorbEndCombat","Boot","Anchor","conspire:SlowCooker","infinitespire:BottledMercury","Bag of Preparation","Slimebound:MaxSlimesRelic"],"acts_visited":["Exordium","TheCity"],"potions_floor_usage":[9],"damage_taken":[{"damage":50,"enemies":"3 Sentries","floor":2,"turns":7},{"damage":4,"enemies":"2 Louse","floor":4,"turns":1},{"damage":37,"enemies":"Gremlin Nob","floor":6,"turns":4},{"damage":12,"enemies":"Jaw Worm","floor":7,"turns":5},{"damage":12,"enemies":"Jaw Worm","floor":8,"turns":2},{"damage":8,"enemies":"Cultist","floor":9,"turns":2},{"damage":20,"enemies":"Red Slaver","floor":11,"turns":3},{"damage":31,"enemies":"Exordium Thugs","floor":13,"turns":4},{"damage":26,"enemies":"Exordium Wildlife","floor":15,"turns":4},{"damage":66,"enemies":"downfall:Defect","floor":16,"turns":6},{"damage":20,"enemies":"Chosen","floor":19,"turns":4},{"damage":34,"enemies":"Centurion and Healer","floor":21,"turns":4},{"damage":28,"enemies":"Snake Plant","floor":24,"turns":4},{"damage":31,"enemies":"Snake Plant","floor":26,"turns":3},{"damage":42,"enemies":"Book of Stabbing","floor":27,"turns":5},{"damage":33,"enemies":"Sentry and Sphere","floor":28,"turns":5},{"damage":38,"enemies":"Centurion and Healer","floor":29,"turns":3},{"damage":28,"enemies":"downfall:FleeingMerchant","floor":30,"turns":4},{"damage":35,"enemies":"Snake Plant","floor":32,"turns":4},{"damage":72,"enemies":"downfall:Ironclad","floor":33,"turns":4}],"seed_played":"-307358416943065930","potions_obtained":[{"floor":2,"key":"Swift Potion"},{"floor":8,"key":"SpeedPotion"},{"floor":9,"key":"Fruit Juice"},{"floor":15,"key":"Energy Potion"},{"floor":19,"key":"EssenceOfSteel"},{"floor":23,"key":"Slimebound:SlimedPotion"},{"floor":23,"key":"Slimebound:SlimyTonguePotion"},{"floor":27,"key":"Energy Potion"}],"is_trial":false,"path_per_floor":["R","E","R","M","R","E","MIM","M","M","R","M","?","M","?","M","B",null,"R","M","?","M","R","?","MIM","R","M","E","M","M","$","?","M","B"],"character_chosen":"SLIMEBOUND","items_purchased":["Slimebound:MaxSlimesRelic","Slimebound:SlimeTap","Slimebound:LevelUp"],"campfire_rested":1,"item_purchase_floors":[30,30,30],"current_hp_per_floor":[60,28,46,50,50,31,45,51,60,60,63,63,62,62,59,25,65,65,65,65,59,59,59,61,61,62,45,44,36,42,42,31,0,0],"gold":239,"neow_bonus":"THREE_CARDS","is_daily":false,"chose_seed":false,"campfire_upgraded":6,"win_rate":0.0,"timestamp":1608085494,"path_taken":["R","E","R","M","R","E","MIM","M","M","R","M","?","M","?","M","BOSS","R","M","?","M","R","?","MIM","R","M","E","M","?","$","?","M","BOSS"],"items_purchased_type":["Relic","Card","Card"],"build_version":"2020-12-13","purchased_purges":1,"victory":false,"max_hp_per_floor":[60,60,60,60,60,60,60,60,65,65,65,65,65,65,65,65,65,65,65,65,65,65,65,65,65,65,65,65,65,65,65,65,65,65],"card_choices":[{"not_picked":["Slimebound:DisruptingSlam","Slimebound:SplitLeeching"],"picked":"Slimebound:SplitMire","floor":0},{"not_picked":["Slimebound:SlimeBarrage","Slimebound:Prepare"],"picked":"Slimebound:LeechingTouch","floor":2},{"not_picked":["Slimebound:SamplingLick","Slimebound:FinishingTackle"],"picked":"Slimebound:Repurpose","floor":4},{"not_picked":["Slimebound:ComboTackle","Slimebound:Dissolve"],"picked":"Slimebound:SamplingLick","floor":6},{"not_picked":["Slimebound:SplitLeeching","Slimebound:Equalize"],"picked":"Slimebound:SplitMire","floor":7},{"not_picked":["Slimebound:SplitMire","Slimebound:HauntingLick"],"picked":"Slimebound:SpikyOuterGoop","floor":8},{"not_picked":["Slimebound:Repurpose","Slimebound:RollThrough"],"picked":"Slimebound:SplitMire","floor":9},{"not_picked":["Slimebound:RollThrough","Slimebound:HauntingLick"],"picked":"Slimebound:SplitAcid","floor":11},{"not_picked":["Slimebound:FinishingTackle","Slimebound:TongueLash","Slimebound:Equalize"],"picked":"SKIP","floor":13},{"not_picked":["Slimebound:SlimeBrawl","Slimebound:MegaLick"],"picked":"Slimebound:Overexert","floor":15},{"not_picked":["Slimebound:WasteNot","Slimebound:DouseInSlime"],"picked":"Slimebound:MinionMaster","floor":16},{"not_picked":["Slimebound:PressTheAttack+1","Slimebound:Prepare"],"picked":"Slimebound:SplitLeeching+1","floor":19},{"not_picked":["Slimebound:LeechingTouch","Slimebound:SlimeSpikes"],"picked":"Slimebound:SplitLeeching","floor":21},{"not_picked":["Slimebound:SlimeSlap","Slimebound:GrowthPunch"],"picked":"Slimebound:PressTheAttack","floor":24},{"not_picked":["Slimebound:LivingWall","Slimebound:Chomp"],"picked":"Slimebound:FirmFortitude+1","floor":26},{"not_picked":["Slimebound:SplitLeeching","Slimebound:ViciousTackle"],"picked":"Slimebound:LeadByExample","floor":27},{"not_picked":["Slimebound:GoopSpray","Slimebound:Chomp"],"picked":"Slimebound:SplitBruiser","floor":28},{"not_picked":["Slimebound:RollThrough","Slimebound:GrowthPunch"],"picked":"Slimebound:Nibble","floor":29},{"not_picked":["Slimebound:Repurpose","Slimebound:LeadByExample"],"picked":"Slimebound:SplitBruiser","floor":30},{"not_picked":["Slimebound:FinishingTackle","Slimebound:Equalize+1"],"picked":"Slimebound:SplitAcid","floor":32}],"player_experience":70645,"relics_obtained":[{"floor":2,"key":"Boot"},{"floor":6,"key":"Anchor"},{"floor":24,"key":"infinitespire:BottledMercury"},{"floor":27,"key":"Bag of Preparation"}],"event_choices":[{"damage_healed":0,"gold_gain":0,"player_choice":"Got Potions","damage_taken":0,"max_hp_gain":0,"max_hp_loss":0,"event_name":"Lab","floor":23,"gold_loss":0},{"damage_healed":0,"gold_gain":0,"player_choice":"Leave","damage_taken":0,"max_hp_gain":0,"max_hp_loss":0,"event_name":"conspire:Investor","floor":31,"gold_loss":0}],"is_beta":false,"boss_relics":[{"not_picked":["Coffee Dripper","Empty Cage"],"picked":"conspire:SlowCooker"}],"items_purged_floors":[30],"is_endless":false,"potions_floor_spawned":[2,8,9,15,19,27,28],"killed_by":"downfall:Ironclad","ascension_level":0}}