{"host":"bxn2em57qlx5u4i0","time":1608085710,"event":{"mods":["BaseMod","Colored Map","Colored Powertips","Highlight Path","Minty Spire (QoL Compilation)","Random Character Button","Relic Sorter","Relic Stats","StSLib","SuperFastMode"],"gold_per_floor":[119,119,44,62,62,62,90,90,90,90,104,104,131,6,6,85,85,99,118,131,150,25,60,60,94,94,94,50,82,97,9,9,85,85,105,120,120,139,150,179,179,205,231,231,231,231,264,274,274,274,274],"floor_reached":50,"playtime":1957,"items_purged":["Defend_G","Strike_G","Strike_G"],"score":1542,"play_id":"4552e90e-a20e-4575-9b74-c74f8fa72f04","local_time":"20201215212830","is_ascension_mode":true,"campfire_choices":[{"data":"Predator","floor":6.0,"key":"SMITH"},{"data":"Flying Knee","floor":8.0,"key":"SMITH"},{"data":"Neutralize","floor":10.0,"key":"SMITH"},{"floor":15.0,"key":"REST"},{"data":"Adrenaline","floor":24.0,"key":"SMITH"},{"floor":27.0,"key":"DIG"},{"data":"Footwork","floor":32.0,"key":"SMITH"},{"data":"Noxious Fumes","floor":41.0,"key":"SMITH"},{"data":"Catalyst","floor":44.0,"key":"SMITH"},{"floor":46.0,"key":"DIG"},{"floor":49.0,"key":"RECALL"}],"circlet_count":0,"master_deck":["AscendersBane","Strike_G","Defend_G","Defend_G","Defend_G","Defend_G","Survivor","Neutralize+1","Backflip","After Image","Predator+1","Flying Knee+1","Die Die Die","PiercingWail","Adrenaline+1","Footwork+1","Backflip","Terror","Noxious Fumes+1","Catalyst+1","Footwork"],"relics":["Ring of the Snake","NeowsBlessing","Regal Pillow","Nunchaku","FossilizedHelix","Dead Branch","Busted Crown","TungstenRod","Blue Candle","Shovel","Bronze Scales","Tiny Chest","Coffee Dripper","WingedGreaves","The Courier","Du-Vu Doll","Oddly Smooth Stone","Shuriken"],"acts_visited":["Exordium","TheCity","TheBeyond"],"potions_floor_usage":[],"damage_taken":[{"damage":0.0,"enemies":"Cultist","floor":1.0,"turns":1.0},{"damage":0.0,"enemies":"Jaw Worm","floor":4.0,"turns":1.0},{"damage":0.0,"enemies":"Lagavulin","floor":7.0,"turns":1.0},{"damage":0.0,"enemies":"2 Louse","floor":11.0,"turns":3.0},{"damage":36.0,"enemies":"3 Sentries","floor":13.0,"turns":9.0},{"damage":8.0,"enemies":"Slime Boss","floor":16.0,"turns":10.0},{"damage":0.0,"enemies":"3 Byrds","floor":18.0,"turns":4.0},{"damage":0.0,"enemies":"Shell Parasite","floor":19.0,"turns":4.0},{"damage":0.0,"enemies":"Centurion and Healer","floor":20.0,"turns":5.0},{"damage":0.0,"enemies":"3 Cultists","floor":21.0,"turns":3.0},{"damage":0.0,"enemies":"Gremlin Leader","floor":23.0,"turns":9.0},{"damage":0.0,"enemies":"Book of Stabbing","floor":25.0,"turns":7.0},{"damage":32.0,"enemies":"Gremlin Leader","floor":29.0,"turns":9.0},{"damage":0.0,"enemies":"Snake Plant","floor":30.0,"turns":5.0},{"damage":0.0,"enemies":"Automaton","floor":33.0,"turns":9.0},{"damage":0.0,"enemies":"3 Darklings","floor":35.0,"turns":4.0},{"damage":0.0,"enemies":"Orb Walker","floor":36.0,"turns":2.0},{"damage":0.0,"enemies":"Writhing Mass","floor":38.0,"turns":4.0},{"damage":0.0,"enemies":"Maw","floor":39.0,"turns":7.0},{"damage":23.0,"enemies":"Reptomancer","floor":40.0,"turns":8.0},{"damage":0.0,"enemies":"Giant Head","floor":42.0,"turns":8.0},{"damage":0.0,"enemies":"Nemesis","floor":47.0,"turns":7.0},{"damage":0.0,"enemies":"Spire Growth","floor":48.0,"turns":6.0},{"damage":41,"enemies":"Time Eater","floor":50,"turns":11}],"seed_played":"4868809317124548433","potions_obtained":[{"floor":13.0,"key":"Energy Potion"},{"floor":16.0,"key":"Dexterity Potion"},{"floor":18.0,"key":"Swift Potion"},{"floor":30.0,"key":"Poison Potion"},{"floor":35.0,"key":"Ancient Potion"},{"floor":42.0,"key":"Explosive Potion"},{"floor":47.0,"key":"Ancient Potion"}],"is_trial":false,"path_per_floor":["M","?","$","M","?","R","E","R","T","R","M","T","E","$","R","B",null,"M","M","M","M","$","E","R","E","T","R","$","E","M","$","R","B",null,"M","M","?","M","M","E","R","E","T","R","T","R","E","M","R","B"],"character_chosen":"THE_SILENT","items_purchased":["PiercingWail","Footwork","Terror"],"campfire_rested":1,"item_purchase_floors":[14,28,31],"current_hp_per_floor":[59,59,59,59,59,59,59,59,59,59,59,59,23,23,57,49,62,62,62,62,62,62,62,62,62,62,62,62,30,30,30,30,30,57,57,57,57,57,57,34,34,34,34,34,34,34,34,34,34,0,0],"gold":274,"neow_bonus":"THREE_ENEMY_KILL","is_daily":false,"chose_seed":false,"campfire_upgraded":7,"win_rate":0.0,"timestamp":1608085710,"path_taken":["M","?","?","M","?","R","E","R","T","R","M","?","E","$","R","BOSS","M","M","?","M","$","E","R","E","T","R","$","E","M","?","R","BOSS","M","M","?","M","?","E","R","E","T","R","?","R","E","M","R","BOSS"],"items_purchased_type":["Card","Card","Card"],"build_version":"2020-12-13","purchased_purges":3,"victory":false,"max_hp_per_floor":[66,66,66,66,66,66,66,66,66,66,66,66,66,66,66,66,66,66,66,66,66,66,66,66,66,66,66,66,66,66,66,66,66,66,66,66,66,66,66,66,66,66,66,66,66,66,66,66,66,66,66],"relic_stats":{"Regal Pillow":15,"counters":[24,137],"Dead Branch":[150],"Blue Candle":[1],"Nunchaku":[34],"Busted Crown":34,"Shovel":2,"Shuriken":[2],"Bronze Scales":[236],"Tiny Chest":1,"obtain_stats":[{"Regal Pillow":7,"NeowsBlessing":0,"Dead Branch":13,"Blue Candle":25,"Oddly Smooth Stone":46,"The Courier":42,"Du-Vu Doll":45,"Nunchaku":9,"Busted Crown":17,"Shovel":26,"Shuriken":47,"Bronze Scales":27,"Tiny Chest":29,"WingedGreaves":40,"Coffee Dripper":34,"FossilizedHelix":12,"TungstenRod":23,"Ring of the Snake":0},{"Regal Pillow":3,"NeowsBlessing":0,"Dead Branch":5,"Blue Candle":12,"Oddly Smooth Stone":21,"The Courier":21,"Du-Vu Doll":21,"Nunchaku":3,"Busted Crown":6,"Shovel":12,"Shuriken":22,"Bronze Scales":12,"Tiny Chest":13,"WingedGreaves":20,"Coffee Dripper":15,"FossilizedHelix":4,"TungstenRod":11,"Ring of the Snake":0},{"Regal Pillow":3,"NeowsBlessing":0,"Dead Branch":15,"Blue Candle":57,"Oddly Smooth Stone":113,"The Courier":113,"Du-Vu Doll":113,"Nunchaku":3,"Busted Crown":25,"Shovel":57,"Shuriken":120,"Bronze Scales":57,"Tiny Chest":66,"WingedGreaves":105,"Coffee Dripper":80,"FossilizedHelix":6,"TungstenRod":50,"Ring of the Snake":0}],"TungstenRod":11,"Ring of the Snake":[48]},"card_choices":[{"not_picked":["Deflect","Prepared"],"picked":"Backflip","floor":1.0},{"not_picked":["Poisoned Stab","Acrobatics"],"picked":"Predator","floor":4.0},{"not_picked":["Dodge and Roll","Concentrate"],"picked":"Flying Knee","floor":7.0},{"not_picked":["Dash","Poisoned Stab"],"picked":"Die Die Die","floor":11.0},{"not_picked":["Bane","Flying Knee","Tactician"],"picked":"SKIP","floor":13.0},{"not_picked":["Venomology","A Thousand Cuts"],"picked":"Adrenaline","floor":16.0},{"not_picked":["Prepared"],"picked":"SKIP","floor":18.0},{"not_picked":["Sucker Punch"],"picked":"SKIP","floor":19.0},{"not_picked":["Dagger Spray"],"picked":"SKIP","floor":20.0},{"not_picked":["Sucker Punch"],"picked":"SKIP","floor":21.0},{"not_picked":["Predator"],"picked":"SKIP","floor":23.0},{"not_picked":["Quick Slash"],"picked":"SKIP","floor":25.0},{"not_picked":["Flying Knee"],"picked":"SKIP","floor":29.0},{"not_picked":[],"picked":"Backflip","floor":30.0},{"not_picked":["Bane+1"],"picked":"SKIP","floor":35.0},{"not_picked":[],"picked":"Noxious Fumes","floor":36.0},{"not_picked":["Concentrate"],"picked":"SKIP","floor":38.0},{"not_picked":["Quick Slash"],"picked":"SKIP","floor":39.0},{"not_picked":["Accuracy"],"picked":"SKIP","floor":40.0},{"not_picked":["Accuracy"],"picked":"SKIP","floor":40.0},{"not_picked":[],"picked":"Catalyst","floor":42.0},{"not_picked":[],"picked":"Footwork","floor":47.0},{"not_picked":["Prepared"],"picked":"SKIP","floor":48.0}],"player_experience":2789519,"relics_obtained":[{"floor":7.0,"key":"Regal Pillow"},{"floor":9.0,"key":"Nunchaku"},{"floor":12.0,"key":"FossilizedHelix"},{"floor":13.0,"key":"Dead Branch"},{"floor":23.0,"key":"TungstenRod"},{"floor":25.0,"key":"Blue Candle"},{"floor":26.0,"key":"Shovel"},{"floor":27.0,"key":"Bronze Scales"},{"floor":29.0,"key":"Tiny Chest"},{"floor":40.0,"key":"WingedGreaves"},{"floor":42.0,"key":"The Courier"},{"floor":45.0,"key":"Du-Vu Doll"},{"floor":46.0,"key":"Oddly Smooth Stone"},{"floor":47.0,"key":"Shuriken"}],"event_choices":[{"damage_healed":0.0,"max_hp_gain":0.0,"max_hp_loss":0.0,"gold_gain":0.0,"cards_transformed":["Strike_G"],"event_name":"Transmorgrifier","player_choice":"Transformed","floor":2.0,"gold_loss":0.0,"damage_taken":0.0,"cards_obtained":["After Image"]},{"damage_healed":0.0,"max_hp_gain":0.0,"max_hp_loss":0.0,"gold_gain":0.0,"event_name":"Liars Game","player_choice":"Ignored","floor":5.0,"gold_loss":0.0,"damage_taken":0.0},{"cards_removed":["Strike_G"],"damage_healed":0.0,"max_hp_gain":0.0,"max_hp_loss":0.0,"gold_gain":0.0,"event_name":"Wheel of Change","player_choice":"Card Removal","floor":37.0,"gold_loss":0.0,"damage_taken":0.0}],"is_beta":false,"boss_relics":[{"not_picked":["Snecko Eye","SacredBark"],"picked":"Busted Crown"},{"not_picked":["WristBlade","Calling Bell"],"picked":"Coffee Dripper"}],"items_purged_floors":[3,14,22],"is_endless":false,"potions_floor_spawned":[13,16,18,21,30,35,42,47,48],"killed_by":"Time Eater","ascension_level":20}}