{"host":"43ljbksi7ebmxfn8","time":1608101981,"event":{"mods":["Act Like it!","BaseMod","Gensokyo","Minty Spire (QoL Compilation)","MostiFishMod","Pale of the Ancients","Quick Restart","Shop Mod","Spicy Shops","StSLib","TestMod","篝火指南"],"gold_per_floor":[114,131,131,143,164,200,214,248,248,268,307,147,169,209,25,117,117,137,137,137,87,113,161,241,641,641,673,673,205,271,292,17,125,125,145,159,159,159,18,482,482,622,622,434,805,905,495,614,184,224,224,224,99,147,172],"floor_reached":56,"playtime":4490,"items_purged":["Defend_B","Writhe","Defend_B+1","Strike_B+1","Strike_B+1","Dualcast+1","testmod-AutoReboundSystem+1","Zap+1","Prepared+1"],"score":2948,"play_id":"a4578656-a4f6-4c74-ba59-c0c506e99ca7","local_time":"20201216145941","is_ascension_mode":true,"campfire_choices":[{"floor":41,"key":"RECALL"}],"circlet_count":0,"master_deck":["AscendersBane","Defend_B+1","Capacitor+1","Coolheaded+1","MostiFishMod:UniBlue+1","Crippling Poison+1","Necronomicurse","MostiFishMod:PushDownKick+1","MostiFishMod:InterfaceCompatibility+1","Heatsinks+1","MostiFishMod:ElfcollectionBox+1","MostiFishMod:Opportunism+1","testmod-Reproduce+1","MostiFishMod:STOP+1","testmod-Wormhole+1","Finesse+1","testmod-Reverberation+1"],"relics":["Cracked Core","DaveBox","testmod-TestBox","DSteel32","testmod-DeterminationOfClimber","Question Card","PrismaticShard","Sundial","InkBottle","Lantern","Necronomicon","MerchantsRug","ImportantClient","testmod-BatchProcessingSystem","testmod-CyclicPeriapt","Mummified Hand","Gremlin Horn","Gensokyo:SongOfSouls","BrkXgEgg","Dodecahedron","Anchor","Membership Card","BirthdayGift-Icosahedron","Bag of Preparation","Lizard Tail","testmod-Antiphasic","Toy Ornithopter","Vajra","ClockworkSouvenir","testmod-Hope","testmod-MagicalMallet","ImprovedEquipment","testmod-Justice","testmod-ArcanaOfDestiny"],"acts_visited":["Exordium","Gensokyo:Gensokyo","TheBeyond","TheEnding"],"potions_floor_usage":[35],"damage_taken":[{"damage":0,"enemies":"Gensokyo:3_Fairies","floor":1,"turns":1},{"damage":0,"enemies":"Gensokyo:2_Kodama","floor":2,"turns":1},{"damage":0,"enemies":"Gensokyo:Python","floor":4,"turns":1},{"damage":0,"enemies":"Gensokyo:LivingMonolith","floor":5,"turns":2},{"damage":34,"enemies":"Gensokyo:Cirno","floor":6,"turns":6},{"damage":1,"enemies":"Gensokyo:2_Rabbits","floor":7,"turns":3},{"damage":0,"enemies":"Gensokyo:Mamizou","floor":8,"turns":6},{"damage":12,"enemies":"Gensokyo:CorruptedTreant","floor":10,"turns":2},{"damage":0,"enemies":"Gensokyo:Aya","floor":11,"turns":2},{"damage":0,"enemies":"Gensokyo:LivingMonolith","floor":13,"turns":2},{"damage":0,"enemies":"Gensokyo:Mamizou","floor":14,"turns":3},{"damage":0,"enemies":"Gensokyo:Reimu","floor":16,"turns":2},{"damage":6,"enemies":"Gensokyo:AngelMirror","floor":18,"turns":1},{"damage":0,"enemies":"Gensokyo:3_Dogs","floor":22,"turns":1},{"damage":0,"enemies":"Gensokyo:Tenshi","floor":23,"turns":1},{"damage":0,"enemies":"Gensokyo:Reisen","floor":27,"turns":2},{"damage":0,"enemies":"Gensokyo:Tenshi","floor":30,"turns":1},{"damage":0,"enemies":"Gensokyo:Slime_Group","floor":31,"turns":1},{"damage":0,"enemies":"Gensokyo:Eiki","floor":33,"turns":1},{"damage":0,"enemies":"3 Shapes","floor":35,"turns":1},{"damage":20,"enemies":"3 Darklings","floor":36,"turns":2},{"damage":0,"enemies":"Giant Head","floor":40,"turns":1},{"damage":0,"enemies":"Reptomancer","floor":42,"turns":2},{"damage":0,"enemies":"Giant Head","floor":45,"turns":1},{"damage":0,"enemies":"Spire Growth","floor":48,"turns":1},{"damage":60,"enemies":"Time Eater","floor":50,"turns":8},{"damage":0,"enemies":"Shield and Spear","floor":54,"turns":1},{"damage":0,"enemies":"The Heart","floor":55,"turns":2}],"seed_played":"-4575092613810472397","potions_obtained":[{"floor":1,"key":"GamblersBrew"},{"floor":4,"key":"DistilledChaos"},{"floor":14,"key":"CultistPotion"},{"floor":27,"key":"Ancient Potion"},{"floor":33,"key":"EssenceOfSteel"},{"floor":35,"key":"testmod-SpacePotion"},{"floor":42,"key":"Swift Potion"},{"floor":48,"key":"Regen Potion"}],"is_trial":false,"path_per_floor":["M","M","?","M","M","E","M","E","T","M","E","?","M","E","R","B",null,"M","?","?","?","M","E","T","?","T","E","?","$","E","M","R","B",null,"M","M","?","?","$","E","R","E","T","R","E","?","$","M","R","B",null,"R","$","E","B",null],"character_chosen":"DEFECT","items_purchased":["MerchantsRug","Heatsinks","BrkXgEgg","Dodecahedron","MostiFishMod:ElfcollectionBox+1","Membership Card","testmod-Reproduce+1","Bag of Preparation","testmod-Wormhole+1","ClockworkSouvenir","testmod-Hope","testmod-MagicalMallet","ImprovedEquipment","testmod-Justice","testmod-Reverberation+1"],"campfire_rested":0,"item_purchase_floors":[15,15,29,29,29,32,32,39,47,47,47,49,49,53,53],"current_hp_per_floor":[64,65,65,65,67,37,39,48,48,40,49,49,56,66,66,71,71,67,67,67,74,78,78,78,78,78,78,78,78,78,78,78,78,78,78,59,59,49,49,74,74,74,74,74,74,74,74,74,74,25,69,69,69,84,84],"gold":172,"neow_bonus":"THREE_ENEMY_KILL","is_daily":false,"chose_seed":false,"campfire_upgraded":0,"win_rate":0.0,"timestamp":1608101981,"path_taken":["M","M","?","?","?","E","M","E","T","?","E","?","?","E","R","BOSS","M","?","?","?","?","E","?","?","T","E","?","$","E","M","R","BOSS","M","M","?","?","$","E","R","E","T","R","E","?","$","?","R","BOSS","R","$","E","BOSS"],"items_purchased_type":["Relic","Card","Relic","Relic","Card","Relic","Card","Relic","Card","Relic","Relic","Relic","Relic","Relic","Card"],"build_version":"2020-12-13","purchased_purges":9,"victory":true,"max_hp_per_floor":[71,71,71,71,71,71,71,71,71,71,71,71,71,71,71,71,71,71,71,71,78,78,78,78,78,78,78,78,78,78,78,78,78,78,78,78,74,74,74,74,74,74,74,74,74,74,74,74,74,84,84,84,84,84,84],"card_choices":[{"not_picked":["Redo","Stack"],"picked":"Capacitor","floor":1},{"not_picked":["Halt","Deadly Poison","Protect","JustLucky"],"picked":"SKIP","floor":2},{"not_picked":["LikeWater","Leap","testmod-ConditionedReflex","Clothesline"],"picked":"SKIP","floor":4},{"not_picked":["Disarm","Anger","Hologram","Quick Slash"],"picked":"SKIP","floor":5},{"not_picked":["MostiFishMod:ThornCasing","Blur","testmod-BloodShelter"],"picked":"Coolheaded","floor":6},{"not_picked":["Body Slam","CrushJoints","Anger"],"picked":"Prepared","floor":7},{"not_picked":["Terror","FTL","Sweeping Beam"],"picked":"MostiFishMod:UniBlue","floor":8},{"not_picked":["Dodge and Roll","LikeWater","Slice"],"picked":"Crippling Poison","floor":10},{"not_picked":["Turbo","Clothesline","FollowUp","Protect"],"picked":"SKIP","floor":11},{"not_picked":["Masterful Stab","Consecrate","Escape Plan"],"picked":"MostiFishMod:PushDownKick","floor":13},{"not_picked":["Prostrate","EmptyFist","Deflect"],"picked":"MostiFishMod:InterfaceCompatibility","floor":14},{"not_picked":["MostiFishMod:StarHerder","MostiFishMod:Adaptation","MostiFishMod:PushDownKick"],"picked":"testmod-AutoReboundSystem","floor":16},{"not_picked":["Twin Strike","Deflect","Aggregate","Reckless Charge"],"picked":"SKIP","floor":18},{"not_picked":["Warcry","Streamline","Bane","Havoc"],"picked":"SKIP","floor":22},{"not_picked":["Blind","The Bomb","MostiFishMod:ThornCasing","Auto Shields"],"picked":"SKIP","floor":23},{"not_picked":["Fasting2","Compile Driver","BattleHymn","Outmaneuver"],"picked":"SKIP","floor":27},{"not_picked":["Beam Cell","Clash","ThirdEye"],"picked":"MostiFishMod:Opportunism+1","floor":30},{"not_picked":["Thunderclap","Steam+1","Rupture","Evaluate"],"picked":"SKIP","floor":31},{"not_picked":["MostiFishMod:UniGreen+1","MostiFishMod:FlyOverUtopia+1","Burst+1"],"picked":"MostiFishMod:STOP+1","floor":33},{"not_picked":["Endless Agony","Power Through","CutThroughFate+1","DeceiveReality"],"picked":"SKIP","floor":35},{"not_picked":["Outmaneuver+1","BootSequence","testmod-SubstituteBySubterfuge","ClearTheMind"],"picked":"SKIP","floor":36},{"not_picked":["ThirdEye","Uppercut+1","Wild Strike","Blade Dance"],"picked":"SKIP","floor":40},{"not_picked":["testmod-SubstituteBySubterfuge","Headbutt","Pommel Strike","Anger+1"],"picked":"SKIP","floor":42},{"not_picked":["Acrobatics","Prostrate","Gash","Cleave+1"],"picked":"SKIP","floor":45},{"not_picked":["CutThroughFate+1","Self Repair","True Grit"],"picked":"Finesse","floor":48},{"not_picked":["Clash","Dark Shackles","Infernal Blade","Flame Barrier+1"],"picked":"SKIP","floor":54}],"player_experience":354705,"relics_obtained":[{"floor":1,"key":"Question Card"},{"floor":1,"key":"PrismaticShard"},{"floor":6,"key":"Sundial"},{"floor":8,"key":"InkBottle"},{"floor":11,"key":"Lantern"},{"floor":14,"key":"Meat on the Bone"},{"floor":16,"key":"ImportantClient"},{"floor":23,"key":"testmod-CyclicPeriapt"},{"floor":24,"key":"Mummified Hand"},{"floor":26,"key":"Gremlin Horn"},{"floor":27,"key":"Juzu Bracelet"},{"floor":30,"key":"Anchor"},{"floor":40,"key":"Lizard Tail"},{"floor":42,"key":"testmod-Antiphasic"},{"floor":43,"key":"Toy Ornithopter"},{"floor":45,"key":"Vajra"},{"floor":54,"key":"testmod-ArcanaOfDestiny"}],"event_choices":[{"damage_healed":0,"gold_gain":400,"player_choice":"Sell","damage_taken":0,"max_hp_gain":0,"max_hp_loss":0,"event_name":"恩洛斯的盘子","floor":25,"relics_lost":["NeowsBlessing"],"gold_loss":0},{"damage_healed":0,"gold_gain":0,"player_choice":"Max HP","damage_taken":0,"max_hp_gain":0,"max_hp_loss":4,"event_name":"Winding Halls","floor":37,"gold_loss":0},{"damage_healed":0,"gold_gain":0,"player_choice":"Memory 3","damage_taken":10,"max_hp_gain":0,"max_hp_loss":0,"event_name":"SensoryStone","floor":38,"gold_loss":0},{"damage_healed":0,"gold_gain":100,"player_choice":"Pray","damage_taken":0,"max_hp_gain":0,"max_hp_loss":0,"event_name":"Golden Shrine","floor":46,"gold_loss":0}],"is_beta":false,"boss_relics":[{"not_picked":["Velvet Choker","testmod-Prudence"],"picked":"testmod-BatchProcessingSystem"},{"not_picked":["GreenFoldingFan","Sozu"],"picked":"BirthdayGift-Icosahedron"}],"items_purged_floors":[15,29,32,39,44,44,47,49,49],"is_endless":false,"potions_floor_spawned":[1,4,10,13,14,27,30,31,33,35,42,48],"ascension_level":14}}