{"host":"y56d1fjpgcjsodvy","time":1608117612,"event":{"mods":["BaseMod","Colored Powertips","GifTheSpireLib","Highlight Path","Minty Spire (QoL Compilation)","StSLib","SuperFastMode","everything is the same but u backflip on backflip"],"gold_per_floor":[109,124,135,135,135,169,169,201,275,294,311,311,329,349,349,423,423,443,35,47,61,75,75,102,102,127,127,127,127,127,140,140,217,217,237,237,253,69,80,80,97,97,97,122,176,204,204,15,15,15,15,15,15,15,46,46],"floor_reached":57,"playtime":1921,"items_purged":["Thunderclap","Body Slam"],"score":2984,"play_id":"87dc4399-4c37-473b-a83b-5b8d0c031d84","local_time":"20201216202012","is_ascension_mode":true,"campfire_choices":[{"data":"Sword Boomerang","floor":12.0,"key":"SMITH"},{"data":"Shockwave","floor":15.0,"key":"SMITH"},{"data":"Fiend Fire","floor":23.0,"key":"SMITH"},{"data":"Armaments","floor":25.0,"key":"SMITH"},{"data":"Brutality","floor":28.0,"key":"SMITH"},{"data":"Feel No Pain","floor":32.0,"key":"SMITH"},{"data":"Rupture","floor":40.0,"key":"SMITH"},{"floor":42.0,"key":"REST"},{"floor":49.0,"key":"RECALL"},{"data":"Feel No Pain","floor":53.0,"key":"SMITH"}],"circlet_count":0,"master_deck":["AscendersBane","Bash+1","Inflame+1","Shrug It Off+1","Shockwave+1","Wild Strike","Evolve","Sword Boomerang+1","Infernal Blade","Ghostly Armor","Bludgeon","Infernal Blade","Ghostly Armor","Armaments+1","Carnage+1","Brutality+1","Bloodletting","Fiend Fire+1","Feel No Pain+1","Offering","Intimidate+1","Magnetism","Bandage Up","Jack Of All Trades","Rupture+1","Feed","Offering","Madness","Madness","Feel No Pain+1","Purity","Warcry","Battle Trance"],"relics":["Black Blood","Pocketwatch","Akabeko","Paper Frog","Matryoshka","Pandora\u0027s Box","Charon\u0027s Ashes","Lizard Tail","Anchor","Whetstone","Enchiridion","Blue Candle","PreservedInsect","Mummified Hand","Dead Branch","Art of War","Mercury Hourglass"],"acts_visited":["Exordium","TheCity","TheBeyond","TheEnding"],"potions_floor_usage":[],"damage_taken":[{"damage":4.0,"enemies":"Small Slimes","floor":1.0,"turns":4.0},{"damage":6.0,"enemies":"Jaw Worm","floor":2.0,"turns":5.0},{"damage":2.0,"enemies":"Cultist","floor":3.0,"turns":5.0},{"damage":21.0,"enemies":"3 Sentries","floor":6.0,"turns":12.0},{"damage":16.0,"enemies":"Lagavulin","floor":8.0,"turns":6.0},{"damage":5.0,"enemies":"Gremlin Gang","floor":10.0,"turns":4.0},{"damage":11.0,"enemies":"Large Slime","floor":11.0,"turns":6.0},{"damage":0.0,"enemies":"Blue Slaver","floor":13.0,"turns":1.0},{"damage":2.0,"enemies":"3 Louse","floor":14.0,"turns":2.0},{"damage":0.0,"enemies":"Slime Boss","floor":16.0,"turns":4.0},{"damage":4.0,"enemies":"Shell Parasite","floor":18.0,"turns":3.0},{"damage":0.0,"enemies":"Spheric Guardian","floor":20.0,"turns":2.0},{"damage":0.0,"enemies":"Snecko","floor":21.0,"turns":2.0},{"damage":3.0,"enemies":"3 Cultists","floor":22.0,"turns":3.0},{"damage":10.0,"enemies":"Book of Stabbing","floor":24.0,"turns":4.0},{"damage":6.0,"enemies":"Centurion and Healer","floor":31.0,"turns":4.0},{"damage":14.0,"enemies":"Automaton","floor":33.0,"turns":5.0},{"damage":14.0,"enemies":"3 Darklings","floor":35.0,"turns":7.0},{"damage":11.0,"enemies":"3 Shapes","floor":37.0,"turns":2.0},{"damage":24.0,"enemies":"Spire Growth","floor":39.0,"turns":3.0},{"damage":41.0,"enemies":"Transient","floor":41.0,"turns":6.0},{"damage":9.0,"enemies":"Reptomancer","floor":44.0,"turns":4.0},{"damage":27.0,"enemies":"2 Orb Walkers","floor":45.0,"turns":3.0},{"damage":10.0,"enemies":"Nemesis","floor":46.0,"turns":1.0},{"damage":33.0,"enemies":"Awakened One","floor":50.0,"turns":6.0},{"damage":52.0,"enemies":"Donu and Deca","floor":51.0,"turns":5.0},{"damage":11.0,"enemies":"Shield and Spear","floor":55.0,"turns":3.0},{"damage":78,"enemies":"The Heart","floor":56,"turns":8}],"seed_played":"-2344168656710601831","potions_obtained":[{"floor":1.0,"key":"ElixirPotion"},{"floor":8.0,"key":"LiquidMemories"},{"floor":10.0,"key":"Regen Potion"},{"floor":20.0,"key":"SpeedPotion"},{"floor":21.0,"key":"SkillPotion"},{"floor":22.0,"key":"CultistPotion"},{"floor":24.0,"key":"Dexterity Potion"},{"floor":35.0,"key":"Dexterity Potion"},{"floor":46.0,"key":"Energy Potion"}],"is_trial":false,"path_per_floor":["M","M","M","?","?","E","?","E","T","M","M","R","M","M","R","B",null,"M","$","M","M","M","R","E","R","T","?","R","?","T","M","R","B",null,"M","?","M","$","M","R","M","R","T","E","?","E","?","$","R","B","B",null,"R","$","E","B",null],"character_chosen":"IRONCLAD","items_purchased":["Charon\u0027s Ashes","Rupture","Feel No Pain","Purity","Warcry"],"campfire_rested":1,"item_purchase_floors":[19,38,48,48,48],"current_hp_per_floor":[77,77,81,76,51,36,36,26,26,27,22,22,28,32,32,50,74,76,76,82,82,82,82,78,78,78,78,78,57,57,57,57,49,74,72,62,67,67,59,59,34,58,58,65,50,56,41,41,41,27,37,73,73,73,78,16],"gold":46,"neow_bonus":"TEN_PERCENT_HP_BONUS","is_daily":false,"chose_seed":false,"campfire_upgraded":8,"win_rate":0.0,"timestamp":1608117612,"path_taken":["M","M","M","?","?","E","?","E","T","?","M","R","M","M","R","BOSS","M","$","M","?","M","R","E","R","T","?","R","?","?","M","R","BOSS","M","?","M","$","M","R","M","R","T","E","?","E","?","$","R","BOSS","BOSS","R","$","E","BOSS"],"items_purchased_type":["Relic","Card","Card","Card","Card"],"build_version":"2020-12-13","purchased_purges":2,"victory":true,"max_hp_per_floor":[82,82,82,82,82,82,82,82,82,82,82,82,82,82,82,82,82,82,82,82,82,82,82,82,82,82,82,82,82,82,82,82,82,82,82,82,82,82,82,82,82,82,82,82,82,82,82,82,82,85,85,85,85,85,85,85],"card_choices":[{"not_picked":["Sword Boomerang","Clothesline"],"picked":"Inflame","floor":1.0},{"not_picked":["Headbutt","Clash"],"picked":"Shrug It Off","floor":2.0},{"not_picked":["Barricade","Rampage"],"picked":"Shockwave","floor":3.0},{"not_picked":["Clash","Havoc"],"picked":"Wild Strike","floor":6.0},{"not_picked":["Flex","Warcry","Dark Embrace"],"picked":"SKIP","floor":8.0},{"not_picked":["Uppercut","Rampage"],"picked":"Evolve","floor":10.0},{"not_picked":["Flex","Sever Soul"],"picked":"Sword Boomerang","floor":11.0},{"not_picked":["Dropkick","Cleave"],"picked":"Infernal Blade","floor":13.0},{"not_picked":["Body Slam","Havoc"],"picked":"Ghostly Armor","floor":14.0},{"not_picked":["Brutality","Corruption"],"picked":"Bludgeon","floor":16.0},{"not_picked":["Armaments","Whirlwind","Thunderclap"],"picked":"SKIP","floor":18.0},{"not_picked":["Rage","Clash","True Grit"],"picked":"SKIP","floor":20.0},{"not_picked":["Flex","Rage","Clash"],"picked":"SKIP","floor":21.0},{"not_picked":["Perfected Strike","Pommel Strike","Armaments"],"picked":"SKIP","floor":22.0},{"not_picked":["True Grit","Body Slam+1","Heavy Blade"],"picked":"SKIP","floor":24.0},{"not_picked":["Pommel Strike","Dropkick"],"picked":"Feel No Pain","floor":31.0},{"not_picked":["Feed","Barricade"],"picked":"Offering","floor":33.0},{"not_picked":["Headbutt","Dark Embrace"],"picked":"Intimidate+1","floor":35.0},{"not_picked":["Mind Blast","Discovery"],"picked":"Magnetism","floor":36.0},{"not_picked":["Purity","PanicButton"],"picked":"Bandage Up","floor":36.0},{"not_picked":["Dramatic Entrance","PanicButton"],"picked":"Jack Of All Trades","floor":36.0},{"not_picked":["Body Slam","Perfected Strike","Havoc"],"picked":"SKIP","floor":37.0},{"not_picked":["Blood for Blood+1","Carnage","Headbutt"],"picked":"SKIP","floor":39.0},{"not_picked":["Anger","Sword Boomerang","Iron Wave"],"picked":"SKIP","floor":41.0},{"not_picked":["Perfected Strike","Bludgeon"],"picked":"Feed","floor":44.0},{"not_picked":["True Grit","Cleave"],"picked":"Offering","floor":46.0},{"not_picked":["Wild Strike","Searing Blow"],"picked":"Battle Trance","floor":55.0}],"player_experience":1170073,"relics_obtained":[{"floor":6.0,"key":"Akabeko"},{"floor":8.0,"key":"Paper Frog"},{"floor":9.0,"key":"Matryoshka"},{"floor":24.0,"key":"Lizard Tail"},{"floor":26.0,"key":"Anchor"},{"floor":26.0,"key":"Whetstone"},{"floor":29.0,"key":"Enchiridion"},{"floor":30.0,"key":"Blue Candle"},{"floor":30.0,"key":"PreservedInsect"},{"floor":44.0,"key":"Mummified Hand"},{"floor":45.0,"key":"Dead Branch"},{"floor":46.0,"key":"Art of War"},{"floor":55.0,"key":"Mercury Hourglass"}],"event_choices":[{"damage_healed":0.0,"max_hp_gain":0.0,"max_hp_loss":0.0,"gold_gain":0.0,"event_name":"Scrap Ooze","player_choice":"Success","floor":4.0,"gold_loss":0.0,"damage_taken":5.0,"relics_obtained":["Pocketwatch"]},{"damage_healed":0.0,"max_hp_gain":0.0,"max_hp_loss":0.0,"gold_gain":0.0,"event_name":"Shining Light","player_choice":"Entered Light","floor":5.0,"gold_loss":0.0,"damage_taken":25.0,"cards_upgraded":["Shrug It Off","Defend_R"]},{"damage_healed":0.0,"max_hp_gain":0.0,"max_hp_loss":0.0,"gold_gain":0.0,"event_name":"Upgrade Shrine","player_choice":"Upgraded","floor":7.0,"gold_loss":0.0,"damage_taken":0.0,"cards_upgraded":["Inflame"]},{"damage_healed":0.0,"max_hp_gain":0.0,"max_hp_loss":0.0,"gold_gain":0.0,"event_name":"Ghosts","player_choice":"Ignored","floor":27.0,"gold_loss":0.0,"damage_taken":0.0},{"damage_healed":0.0,"max_hp_gain":0.0,"max_hp_loss":0.0,"gold_gain":0.0,"event_name":"Cursed Tome","player_choice":"Obtained Book","floor":29.0,"gold_loss":0.0,"damage_taken":21.0},{"damage_healed":0.0,"max_hp_gain":0.0,"max_hp_loss":0.0,"gold_gain":0.0,"event_name":"SensoryStone","player_choice":"Memory 3","floor":36.0,"gold_loss":0.0,"damage_taken":10.0},{"damage_healed":0.0,"max_hp_gain":0.0,"max_hp_loss":0.0,"gold_gain":0.0,"event_name":"Mysterious Sphere","player_choice":"Fight","floor":45.0,"gold_loss":0.0,"damage_taken":0.0},{"damage_healed":0.0,"max_hp_gain":0.0,"max_hp_loss":0.0,"gold_gain":0.0,"event_name":"Winding Halls","player_choice":"Embrace Madness","floor":47.0,"gold_loss":0.0,"damage_taken":15.0,"cards_obtained":["Madness","Madness"]}],"is_beta":false,"boss_relics":[{"not_picked":["Sozu","Black Star"],"picked":"Pandora\u0027s Box"},{"not_picked":["Runic Dome","Coffee Dripper"],"picked":"Black Blood"}],"items_purged_floors":[19,38],"is_endless":false,"potions_floor_spawned":[1,8,10,11,20,21,22,24,35,46],"ascension_level":20}}