{"host":"q5vpntglr38zhb0c","time":1608120886,"event":{"mods":["BaseMod","Colored Map","DeckTracker","Keyboard Shortcuts","Minty Spire (QoL Compilation)","Permanent Neow","StSLib","SuperFastMode","everything is the same but u backflip on backflip"],"gold_per_floor":[115,130,147,166,166,166,185,53,53,53,53,53,71,71,71,161,161,177,192,192,192,208,208,219,90,90,90,0,0,0,0],"floor_reached":30,"playtime":755,"items_purged":["Strike_B","Strike_B"],"score":440,"play_id":"49586560-6fcf-4662-8e33-bee1999ca5a2","local_time":"20201216211446","is_ascension_mode":true,"campfire_choices":[{"data":"Dualcast","floor":6.0,"key":"SMITH"},{"floor":11.0,"key":"REST"},{"data":"Redo","floor":15.0,"key":"SMITH"},{"floor":23.0,"key":"REST"},{"data":"Fusion","floor":27,"key":"SMITH"}],"circlet_count":0,"master_deck":["AscendersBane","Strike_B","Defend_B","Defend_B","Defend_B","Defend_B","Zap","Dualcast+1","CurseOfTheBell","Go for the Eyes+1","Doom and Gloom+1","Cold Snap+1","Auto Shields","Redo+1","Skim+1","Reboot","Fusion+1","Undo"],"relics":["Calling Bell","Art of War","Molten Egg 2","Emotion Chip","Bloody Idol","Smiling Mask","Nuclear Battery","Tiny Chest"],"acts_visited":["Exordium","TheCity"],"potions_floor_usage":[],"damage_taken":[{"damage":5.0,"enemies":"Small Slimes","floor":1.0,"turns":4.0},{"damage":16.0,"enemies":"2 Louse","floor":2.0,"turns":4.0},{"damage":9.0,"enemies":"Jaw Worm","floor":3.0,"turns":2.0},{"damage":14.0,"enemies":"Exordium Thugs","floor":4.0,"turns":4.0},{"damage":15.0,"enemies":"Exordium Wildlife","floor":7.0,"turns":3.0},{"damage":2.0,"enemies":"2 Fungi Beasts","floor":13.0,"turns":4.0},{"damage":13.0,"enemies":"Hexaghost","floor":16.0,"turns":8.0},{"damage":19.0,"enemies":"3 Byrds","floor":18.0,"turns":5.0},{"damage":13.0,"enemies":"Spheric Guardian","floor":19.0,"turns":4.0},{"damage":23.0,"enemies":"Shelled Parasite and Fungi","floor":22.0,"turns":2.0},{"damage":20,"enemies":"3 Cultists","floor":24,"turns":6},{"damage":12,"enemies":"Chosen and Byrds","floor":30,"turns":5}],"seed_played":"-5744431417624248985","potions_obtained":[{"floor":3.0,"key":"PotionOfCapacity"},{"floor":4.0,"key":"Fire Potion"},{"floor":13.0,"key":"LiquidBronze"},{"floor":16.0,"key":"ColorlessPotion"}],"is_trial":false,"path_per_floor":["M","M","M","M","?","R","M","$","T","?","R","?","M","T","R","B",null,"M","M","?","?","M","R","M","$","T","R","?","?","M"],"character_chosen":"DEFECT","items_purchased":["Redo","Undo"],"campfire_rested":2,"item_purchase_floors":[8,25],"current_hp_per_floor":[59,43,34,20,20,20,5,5,5,5,24,45,43,43,43,30,56,37,24,24,24,6,25,10,10,10,10,10,10,0,0],"gold":0,"neow_bonus":"BOSS_RELIC","is_daily":false,"chose_seed":false,"campfire_upgraded":3,"win_rate":0.0,"timestamp":1608120886,"path_taken":["M","M","M","M","?","R","M","$","T","?","R","?","?","?","R","BOSS","M","M","?","?","M","R","M","$","T","R","?","?","?"],"items_purchased_type":["Card","Card"],"build_version":"2020-12-13","purchased_purges":2,"victory":false,"max_hp_per_floor":[71,71,71,71,64,64,64,64,64,64,64,64,64,64,64,64,64,64,64,64,64,64,64,64,64,64,64,64,64,64,64],"card_choices":[{"not_picked":["Stack","Barrage+1"],"picked":"Go for the Eyes+1","floor":1.0},{"not_picked":["Rebound+1","Redo"],"picked":"Doom and Gloom+1","floor":2.0},{"not_picked":["Multi-Cast","White Noise"],"picked":"Cold Snap+1","floor":3.0},{"not_picked":["Rebound+1","Hello World","Barrage+1"],"picked":"SKIP","floor":4.0},{"not_picked":["Beam Cell+1","Barrage+1"],"picked":"Auto Shields","floor":7.0},{"not_picked":["Compile Driver+1","Aggregate"],"picked":"Skim","floor":13.0},{"not_picked":["Hyperbeam+1","Fission"],"picked":"Reboot","floor":16.0},{"not_picked":["Leap","Hello World","Redo"],"picked":"SKIP","floor":18.0},{"not_picked":["Redo","Barrage+1","Static Discharge"],"picked":"SKIP","floor":19.0},{"not_picked":["Genetic Algorithm","Turbo","Gash+1"],"picked":"SKIP","floor":22.0},{"not_picked":["Auto Shields","Chill"],"picked":"Fusion","floor":24}],"player_experience":1299095,"relics_obtained":[{"floor":0.0,"key":"Art of War"},{"floor":0.0,"key":"Molten Egg 2"},{"floor":0.0,"key":"Emotion Chip"},{"floor":9.0,"key":"Smiling Mask"},{"floor":26,"key":"Tiny Chest"}],"event_choices":[{"damage_healed":0.0,"max_hp_gain":0.0,"max_hp_loss":7.0,"gold_gain":0.0,"event_name":"Golden Idol","player_choice":"Lose Max HP","floor":5.0,"gold_loss":0.0,"damage_taken":0.0,"relics_obtained":["Golden Idol"]},{"damage_healed":0.0,"max_hp_gain":0.0,"max_hp_loss":0.0,"gold_gain":0.0,"event_name":"Liars Game","player_choice":"Ignored","floor":10.0,"gold_loss":0.0,"damage_taken":0.0},{"damage_healed":21.0,"max_hp_gain":0.0,"max_hp_loss":0.0,"gold_gain":0.0,"event_name":"Big Fish","player_choice":"Banana","floor":12.0,"gold_loss":0.0,"damage_taken":0.0},{"cards_removed":["Strike_B"],"damage_healed":0.0,"max_hp_gain":0.0,"max_hp_loss":0.0,"gold_gain":0.0,"event_name":"Back to Basics","player_choice":"Elegance","floor":20.0,"gold_loss":0.0,"damage_taken":0.0},{"damage_healed":0.0,"max_hp_gain":0.0,"max_hp_loss":0.0,"gold_gain":0.0,"event_name":"Forgotten Altar","player_choice":"Gave Idol","floor":21.0,"relics_lost":["Golden Idol"],"gold_loss":0.0,"damage_taken":0.0,"relics_obtained":["Bloody Idol"]},{"damage_healed":0,"gold_gain":0,"player_choice":"Paid Fearfully","damage_taken":0,"max_hp_gain":0,"max_hp_loss":0,"event_name":"Masked Bandits","floor":28,"gold_loss":90},{"damage_healed":0,"gold_gain":0,"player_choice":"Upgraded","damage_taken":0,"max_hp_gain":0,"max_hp_loss":0,"event_name":"Upgrade Shrine","floor":29,"gold_loss":0,"cards_upgraded":["Skim"]}],"is_beta":false,"boss_relics":[{"not_picked":["Inserter","Fusion Hammer"],"picked":"Nuclear Battery"}],"items_purged_floors":[8,25],"is_endless":false,"potions_floor_spawned":[3,4,13,16],"killed_by":"Chosen and Byrds","ascension_level":20}}