{"host":"p7j7o00jacnw7qzt","time":1608079866,"event":{"mods":["BaseMod","Colored Map","Colored Powertips","DeckTracker","Highlight Path","Minty Spire (QoL Compilation)","Relic Stats"],"gold_per_floor":[114,125,125,5,17,346,346,356,430,464,487,511,511,511],"floor_reached":13,"playtime":507,"items_purged":["Strike_G"],"score":190,"play_id":"8ce47b0d-83c1-4904-baa2-94183958dbee","local_time":"20201215195106","is_ascension_mode":true,"campfire_choices":[{"data":"Footwork","floor":7.0,"key":"SMITH"}],"circlet_count":0,"master_deck":["AscendersBane","Strike_G","Strike_G","Strike_G","Defend_G","Defend_G","Defend_G","Defend_G","Defend_G","Survivor","Neutralize","Backstab","Footwork+1","Infinite Blades","Infinite Blades","Dash","Blade Dance","Prepared","Blade Dance"],"relics":["Ring of the Snake","NeowsBlessing","Old Coin","Happy Flower","CeramicFish"],"acts_visited":["Exordium"],"potions_floor_usage":[],"damage_taken":[{"damage":0.0,"enemies":"Cultist","floor":1.0,"turns":1.0},{"damage":0.0,"enemies":"Jaw Worm","floor":2.0,"turns":1.0},{"damage":0.0,"enemies":"Small Slimes","floor":5.0,"turns":1.0},{"damage":16.0,"enemies":"3 Sentries","floor":6.0,"turns":11.0},{"damage":0.0,"enemies":"2 Fungi Beasts","floor":8.0,"turns":5.0},{"damage":5.0,"enemies":"Lagavulin","floor":10.0,"turns":8.0},{"damage":3.0,"enemies":"Gremlin Gang","floor":12.0,"turns":6.0},{"damage":43,"enemies":"Gremlin Nob","floor":13,"turns":4}],"seed_played":"-5341899521772230381","potions_obtained":[{"floor":1.0,"key":"Dexterity Potion"},{"floor":6.0,"key":"Energy Potion"},{"floor":8.0,"key":"Dexterity Potion"}],"is_trial":false,"path_per_floor":["M","M","?","$","M","E","R","M","T","E","T","M","E"],"character_chosen":"THE_SILENT","items_purchased":["Infinite Blades"],"campfire_rested":0,"item_purchase_floors":[4],"current_hp_per_floor":[59,59,59,59,59,43,43,43,43,38,38,35,0,0],"gold":511,"neow_bonus":"THREE_ENEMY_KILL","is_daily":false,"chose_seed":false,"campfire_upgraded":1,"win_rate":0.0,"timestamp":1608079866,"path_taken":["M","M","?","$","?","E","R","M","T","E","?","M","E"],"items_purchased_type":["Card"],"build_version":"2020-12-13","purchased_purges":1,"victory":false,"max_hp_per_floor":[66,66,66,66,66,66,66,66,66,66,66,66,66,66],"relic_stats":{"Happy Flower":[3],"counters":[8,37],"CeramicFish":9,"obtain_stats":[{"NeowsBlessing":0,"Happy Flower":10,"CeramicFish":11,"Ring of the Snake":0,"Old Coin":6},{"NeowsBlessing":0,"Happy Flower":6,"CeramicFish":6,"Ring of the Snake":0,"Old Coin":4},{"NeowsBlessing":0,"Happy Flower":27,"CeramicFish":27,"Ring of the Snake":0,"Old Coin":14}],"Ring of the Snake":[16]},"card_choices":[{"not_picked":["Sucker Punch","Cloak And Dagger"],"picked":"Backstab","floor":1.0},{"not_picked":["Prepared","Poisoned Stab"],"picked":"Footwork","floor":2.0},{"not_picked":["Blur","Backstab"],"picked":"Infinite Blades","floor":5.0},{"not_picked":["Choke","Outmaneuver"],"picked":"Dash","floor":6.0},{"not_picked":["Terror","Setup"],"picked":"Blade Dance","floor":8.0},{"not_picked":["Flying Knee","Caltrops"],"picked":"Prepared","floor":10.0},{"not_picked":["Well Laid Plans","Sucker Punch"],"picked":"Blade Dance","floor":12.0}],"player_experience":876783,"relics_obtained":[{"floor":6.0,"key":"Old Coin"},{"floor":10.0,"key":"Happy Flower"},{"floor":11.0,"key":"CeramicFish"}],"event_choices":[{"cards_removed":["Strike_G"],"damage_healed":0.0,"max_hp_gain":0.0,"max_hp_loss":0.0,"gold_gain":0.0,"event_name":"Purifier","player_choice":"Purged","floor":3.0,"gold_loss":0.0,"damage_taken":0.0}],"is_beta":false,"boss_relics":[],"items_purged_floors":[4],"is_endless":false,"potions_floor_spawned":[1,6,8],"killed_by":"Gremlin Nob","ascension_level":20}}