{"host":"wha9hktbkslqvblg","time":1608101588,"event":{"mods":["BaseMod","Colored Map","Minty Spire (QoL Compilation)","Relic Stats","SuperFastMode","everything is the same but u backflip on backflip"],"gold_per_floor":[115,115,133,58,58,58,89,89,89,102,102,121,139,172,172,251,251,266,292,136,156,156,170,170,170],"floor_reached":24,"playtime":657,"items_purged":["Defend_R","Strike_R"],"score":512,"play_id":"0644a801-9af2-41b8-9b99-6d8ff80c284e","local_time":"20201216155308","is_ascension_mode":true,"campfire_choices":[{"data":"Shrug It Off","floor":6.0,"key":"SMITH"},{"data":"Hemokinesis","floor":8.0,"key":"SMITH"},{"data":"Bash","floor":11.0,"key":"SMITH"},{"data":"Armaments","floor":15.0,"key":"SMITH"}],"circlet_count":0,"master_deck":["AscendersBane","Defend_R","Defend_R","Defend_R","Bash+1","Shrug It Off+1","Hemokinesis+1","Impervious","Armaments+1","Bloodletting","Body Slam","Exhume","Burning Pact+1","Rampage+1","Entrench+1","Impervious"],"relics":["Burning Blood","NeowsBlessing","Oddly Smooth Stone","Lizard Tail","Kunai","Astrolabe","Red Mask"],"acts_visited":["Exordium","TheCity"],"potions_floor_usage":[23],"damage_taken":[{"damage":0.0,"enemies":"2 Louse","floor":1.0,"turns":1.0},{"damage":0.0,"enemies":"Cultist","floor":3.0,"turns":1.0},{"damage":0.0,"enemies":"3 Sentries","floor":7.0,"turns":1.0},{"damage":14.0,"enemies":"Jaw Worm","floor":10.0,"turns":2.0},{"damage":3.0,"enemies":"Blue Slaver","floor":12.0,"turns":2.0},{"damage":16.0,"enemies":"Large Slime","floor":13.0,"turns":4.0},{"damage":12.0,"enemies":"Lagavulin","floor":14.0,"turns":5.0},{"damage":19.0,"enemies":"The Guardian","floor":16.0,"turns":11.0},{"damage":12.0,"enemies":"Spheric Guardian","floor":18.0,"turns":6.0},{"damage":53.0,"enemies":"Masked Bandits","floor":19.0,"turns":6.0},{"damage":12,"enemies":"2 Thieves","floor":21,"turns":5},{"damage":0,"enemies":"Centurion and Healer","floor":23,"turns":5},{"damage":5,"enemies":"Chosen and Byrds","floor":24,"turns":5}],"seed_played":"8056856674732479922","potions_obtained":[{"floor":3.0,"key":"SteroidPotion"},{"floor":7.0,"key":"SpeedPotion"}],"is_trial":false,"path_per_floor":["M","?","M","$","?","R","E","R","T","M","R","M","M","E","R","B",null,"M","?","$","M","?","M","M"],"character_chosen":"IRONCLAD","items_purchased":["PowerPotion"],"campfire_rested":0,"item_purchase_floors":[20],"current_hp_per_floor":[74,74,75,75,75,75,75,75,75,67,67,70,60,54,54,41,67,61,14,14,8,8,14,9,9],"gold":170,"neow_bonus":"THREE_ENEMY_KILL","is_daily":false,"chose_seed":false,"campfire_upgraded":4,"win_rate":0.0,"timestamp":1608101588,"path_taken":["M","?","?","$","?","R","E","R","T","M","R","M","M","E","R","BOSS","M","?","$","M","?","M","M"],"items_purchased_type":["Potion"],"build_version":"2020-12-13","purchased_purges":2,"victory":false,"max_hp_per_floor":[75,75,75,75,75,75,75,75,75,75,75,75,75,75,75,75,75,75,75,75,75,75,75,75,75],"relic_stats":{"Lizard Tail":0,"counters":[13,54],"Astrolabe":["Burning Pact","Rampage","Entrench"],"Kunai":[0],"obtain_stats":[{"Lizard Tail":9,"NeowsBlessing":0,"Astrolabe":17,"Oddly Smooth Stone":7,"Red Mask":19,"Kunai":14,"Burning Blood":0},{"Lizard Tail":3,"NeowsBlessing":0,"Astrolabe":8,"Oddly Smooth Stone":3,"Red Mask":10,"Kunai":7,"Burning Blood":0},{"Lizard Tail":3,"NeowsBlessing":0,"Astrolabe":27,"Oddly Smooth Stone":3,"Red Mask":39,"Kunai":16,"Burning Blood":0}],"Burning Blood":61},"card_choices":[{"not_picked":["True Grit","Sever Soul"],"picked":"Shrug It Off","floor":1.0},{"not_picked":["Heavy Blade","Shrug It Off","Clash"],"picked":"SKIP","floor":3.0},{"not_picked":["Blood for Blood","Iron Wave"],"picked":"Hemokinesis","floor":7.0},{"not_picked":["Sever Soul","Bloodletting"],"picked":"Impervious","floor":10.0},{"not_picked":["Flex","Anger"],"picked":"Armaments","floor":12.0},{"not_picked":["Headbutt","Shockwave"],"picked":"Bloodletting","floor":13.0},{"not_picked":["Rage","Pommel Strike"],"picked":"Body Slam","floor":14.0},{"not_picked":["Feed","Corruption"],"picked":"Exhume","floor":16.0},{"not_picked":["Headbutt","Inflame+1","Perfected Strike"],"picked":"SKIP","floor":18.0},{"not_picked":["Dropkick","Combust+1","Wild Strike"],"picked":"SKIP","floor":21},{"not_picked":["Body Slam","Clothesline","Clash"],"picked":"SKIP","floor":23}],"player_experience":853200,"relics_obtained":[{"floor":7.0,"key":"Oddly Smooth Stone"},{"floor":9.0,"key":"Lizard Tail"},{"floor":14.0,"key":"Kunai"},{"floor":19.0,"key":"Red Mask"}],"event_choices":[{"cards_removed":["Strike_R"],"damage_healed":0.0,"max_hp_gain":0.0,"max_hp_loss":0.0,"gold_gain":0.0,"event_name":"Bonfire Elementals","player_choice":"Offered Basic","floor":2.0,"gold_loss":0.0,"damage_taken":0.0},{"damage_healed":0.0,"max_hp_gain":0.0,"max_hp_loss":0.0,"gold_gain":0.0,"event_name":"The Cleric","player_choice":"Leave","floor":5.0,"gold_loss":0.0,"damage_taken":0.0},{"damage_healed":0.0,"max_hp_gain":0.0,"max_hp_loss":0.0,"gold_gain":0.0,"event_name":"Masked Bandits","player_choice":"Fought Bandits","floor":19.0,"gold_loss":0.0,"damage_taken":0.0},{"damage_healed":0,"gold_gain":0,"player_choice":"Copied","damage_taken":0,"max_hp_gain":0,"max_hp_loss":0,"event_name":"Duplicator","floor":22,"gold_loss":0,"cards_obtained":["Impervious"]}],"is_beta":false,"boss_relics":[{"not_picked":["Philosopher\u0027s Stone","Runic Cube"],"picked":"Astrolabe"}],"items_purged_floors":[4,20],"is_endless":false,"potions_floor_spawned":[3,7,10,18],"killed_by":"Chosen and Byrds","ascension_level":20}}