{"host":"e5vsl4ezcfxwu44d","time":1608122986,"event":{"mods":["BaseMod","Better Note","Colored Powertips","Downfall","Highlight Path","Minty Spire (QoL Compilation)","Spikes Relics","StSLib","Unceasing Turn Reminder"],"gold_per_floor":[99,134,234,248,277,277,277,57,57,88,88,98,9,159,171,267,267,117,136,171,191,225,61,108,120,139,64,83,100,100,118,137,242,242,242,256,306,336,336,361,441,441,396,396,396,414,439,158,168,168,168,168,168],"floor_reached":52,"playtime":11423,"items_purged":["sneckomod:Strike","sneckomod:Defend","sneckomod:Defend"],"score":993,"play_id":"e39fe950-db02-43ea-9fa9-6ea5c14f92f5","local_time":"20201216074946","is_ascension_mode":false,"campfire_choices":[{"data":"sneckomod:Unknown","floor":1.0,"key":"SMITH"},{"floor":6.0,"key":"REST"},{"floor":9.0,"key":"RECALL"},{"data":"sneckomod:MorePower","floor":18.0,"key":"SMITH"},{"floor":27.0,"key":"REST"},{"data":"sneckomod:Nope","floor":35,"key":"SMITH"},{"data":"The Bomb","floor":42,"key":"SMITH"},{"data":"sneckomod:Restock","floor":44,"key":"SMITH"}],"circlet_count":0,"master_deck":["sneckomod:Strike+1","sneckomod:Strike+1","sneckomod:Defend","sneckomod:TailWhip","sneckomod:SnekBite","sneckomod:Unknown+1","sneckomod:Unknown","sneckomod:Unknown1Cost","sneckomod:CheapStock","sneckomod:Unknown0Cost","sneckomod:UnknownExhaust","sneckomod:DiceBoulder","The Bomb+1","sneckomod:UnknownX+1","Parasite","sneckomod:MasterEye","sneckomod:Unknown3Cost+1","sneckomod:ImprovisedAttack","Slimebound:Icky","sneckomod:ImprovisedGuard","sneckomod:MorePower+1","sneckomod:Nope+1","sneckomod:UnknownColorless+1","sneckomod:Restock+1","sneckomod:SnekBeam+1","sneckomod:Unknown3Cost+1","sneckomod:DefensiveFlair+1","sneckomod:UnknownRareSkill+1","sneckomod:SerpentIdol","sneckomod:UnknownRareSkill+1","sneckomod:UnknownRareAttack+1","sneckomod:UnknownClassSLIMEBOUND+1","sneckomod:UnknownStrike+1","sneckomod:UnknownRareSkill+1","sneckomod:UnknownCommonSkill+1","sneckomod:Unknown3Cost+1","sneckomod:DiceCrush+1","sneckomod:DiceBoulder+1","sneckomod:SnekBeam+1","sneckomod:UnknownColorless+1","sneckomod:UnknownRareSkill+1","CurseOfTheBell","sneckomod:UnknownRarePower+1","sneckomod:Nope+1","sneckomod:UnknownRarePower+1","sneckomod:UnknownWeak+1","sneckomod:UnknownWeak+1","sneckomod:UnknownColorless+1","sneckomod:UnknownCommonSkill+1","sneckomod:Unknown2Cost+1","sneckomod:CheapStock+1","sneckomod:UnknownRareAttack+1","sneckomod:SnekBeam+1","sneckomod:CheapStock+1","sneckomod:UnknownWeak+1","sneckomod:CheapStock+1","Transmutation","sneckomod:UnknownRarePower+1","sneckomod:UnknownRarePower+1"],"relics":["sneckomod:SneckoSoul","GiantMaggot","Happy Flower","InkBottle","sneckomod:UnknownEgg","Snecko Eye","downfall:HeartBlessingRed","downfall:HeartBlessingGreen","Whetstone","RoseTintedShades","downfall:HeartBlessingBlue","Calling Bell","Tiny Chest","Molten Egg 2","TungstenRod","Gambling Chip","Frozen Egg 2","The Courier","Ornamental Fan","Bag of Preparation","Membership Card"],"acts_visited":["Exordium","TheCity","TheBeyond","TheEnding"],"potions_floor_usage":[29,31,38,38,52,52],"damage_taken":[{"damage":58.0,"enemies":"Lagavulin","floor":2.0,"turns":8.0},{"damage":0.0,"enemies":"Small Slimes","floor":4.0,"turns":4.0},{"damage":19.0,"enemies":"Gremlin Nob","floor":5.0,"turns":5.0},{"damage":0.0,"enemies":"downfall:FleeingMerchant","floor":8.0,"turns":4.0},{"damage":40.0,"enemies":"Lagavulin","floor":10.0,"turns":7.0},{"damage":6.0,"enemies":"Cultist","floor":12.0,"turns":3.0},{"damage":10.0,"enemies":"downfall:FleeingMerchant","floor":13.0,"turns":4.0},{"damage":0.0,"enemies":"2 Louse","floor":15.0,"turns":1.0},{"damage":8.0,"enemies":"downfall:Silent","floor":16.0,"turns":4.0},{"damage":18.0,"enemies":"3 Byrds","floor":19.0,"turns":4.0},{"damage":45.0,"enemies":"Slavers","floor":20.0,"turns":5.0},{"damage":0.0,"enemies":"Spheric Guardian","floor":21.0,"turns":2.0},{"damage":24.0,"enemies":"Book of Stabbing","floor":22.0,"turns":4.0},{"damage":3.0,"enemies":"downfall:FleeingMerchant","floor":23.0,"turns":4.0},{"damage":12.0,"enemies":"Snecko","floor":25.0,"turns":4.0},{"damage":0.0,"enemies":"3 Cultists","floor":26.0,"turns":3.0},{"damage":0.0,"enemies":"Snake Plant","floor":28.0,"turns":4.0},{"damage":11,"enemies":"Snecko","floor":29,"turns":4},{"damage":0,"enemies":"Sentry and Sphere","floor":31,"turns":3},{"damage":6,"enemies":"Chosen and Byrds","floor":32,"turns":4},{"damage":42,"enemies":"downfall:Defect","floor":33,"turns":5},{"damage":3,"enemies":"3 Darklings","floor":36,"turns":5},{"damage":9,"enemies":"2 Orb Walkers","floor":37,"turns":2},{"damage":79,"enemies":"Nemesis","floor":38,"turns":7},{"damage":14,"enemies":"Reptomancer","floor":40,"turns":6},{"damage":0,"enemies":"downfall:FleeingMerchant","floor":43,"turns":1},{"damage":27,"enemies":"3 Shapes","floor":46,"turns":2},{"damage":5,"enemies":"Transient","floor":49,"turns":5},{"damage":0,"enemies":"downfall:Watcher","floor":50,"turns":4},{"damage":145,"enemies":"downfall:CharBossMerchant","floor":52,"turns":7}],"seed_played":"6520383777272225012","potions_obtained":[{"floor":4.0,"key":"SpeedPotion"},{"floor":10.0,"key":"FearPotion"},{"floor":12.0,"key":"DistilledChaos"},{"floor":15.0,"key":"LiquidBronze"},{"floor":16.0,"key":"Strength Potion"},{"floor":22.0,"key":"BlessingOfTheForge"},{"floor":25.0,"key":"LiquidMemories"},{"floor":29,"key":"sneckomod:MuddlingPotion"},{"floor":33,"key":"Regen Potion"},{"floor":38,"key":"EssenceOfSteel"},{"floor":45,"key":"SneckoOil"}],"is_trial":false,"path_per_floor":["R","E","?","M","E","R","T","$","R","E","?","M","$","?","M","B",null,"R","M","E","M","E","$","T","M","M","R","M","M","?","M","M","B",null,"R","M","?","E","?","E","T","R","$","R","?","M","T","$","M","B",null,"E"],"character_chosen":"THE_SNECKO","items_purchased":["sneckomod:DiceBoulder","The Bomb","sneckomod:ImprovisedAttack","sneckomod:UnknownRareSkill+1","sneckomod:CheapStock+1","sneckomod:UnknownRareAttack+1","sneckomod:SnekBeam+1","sneckomod:CheapStock+1","Membership Card","sneckomod:CheapStock+1","Transmutation"],"campfire_rested":2,"item_purchase_floors":[8,8,13,23,43,43,43,43,48,48,48],"current_hp_per_floor":[99,42,42,42,24,54,54,55,55,16,41,35,26,26,26,18,104,104,86,42,42,23,22,22,24,25,71,123,113,113,113,107,67,126,126,124,129,64,114,102,102,102,110,110,110,96,96,96,105,105,121,0,0],"gold":168,"neow_bonus":"TEN_PERCENT_HP_BONUS","is_daily":false,"chose_seed":false,"campfire_upgraded":5,"win_rate":0.0,"timestamp":1608122986,"path_taken":["R","E","?","M","E","R","T","?","R","E","?","M","$","?","M","BOSS","R","M","E","M","E","$","T","M","M","R","M","M","?","M","M","BOSS","R","M","?","E","?","E","T","R","$","R","?","M","?","$","M","BOSS","E"],"items_purchased_type":["Card","Card","Card","Card","Card","Card","Card","Card","Relic","Card","Card"],"build_version":"2020-12-13","purchased_purges":3,"victory":false,"max_hp_per_floor":[99,100,100,100,101,101,101,102,102,103,103,103,104,104,104,104,104,104,104,105,105,106,108,108,110,111,121,123,124,124,124,124,126,126,126,127,129,130,114,116,116,116,118,118,118,119,119,119,121,121,121,121,121],"card_choices":[{"not_picked":["sneckomod:UnknownBlock","sneckomod:DiceBlock"],"picked":"sneckomod:Unknown1Cost","floor":2.0},{"not_picked":["sneckomod:RainOfDice","sneckomod:UnknownX"],"picked":"sneckomod:CheapStock","floor":4.0},{"not_picked":["sneckomod:UnknownClassHEXA_GHOST_PURPLE","sneckomod:QuickMove"],"picked":"sneckomod:Unknown0Cost","floor":5.0},{"not_picked":["sneckomod:UnknownClassSLIMEBOUND","sneckomod:DiceBlock"],"picked":"sneckomod:UnknownExhaust","floor":8.0},{"not_picked":["sneckomod:UnknownUncommonSkill+1","sneckomod:UnknownClassHEXA_GHOST_PURPLE+1"],"picked":"sneckomod:UnknownX+1","floor":10.0},{"not_picked":["sneckomod:UnknownBlock+1","sneckomod:UnknownCommonSkill+1"],"picked":"sneckomod:MasterEye","floor":12.0},{"not_picked":["sneckomod:UnknownCommonAttack+1","sneckomod:QuickBite"],"picked":"sneckomod:Unknown3Cost+1","floor":13.0},{"not_picked":["sneckomod:Nope","sneckomod:UnknownCommonSkill+1"],"picked":"sneckomod:ImprovisedGuard","floor":15.0},{"not_picked":["sneckomod:DangerNoodle","sneckomod:Mudshield"],"picked":"sneckomod:MorePower","floor":16.0},{"not_picked":["sneckomod:ImprovisedGuard","sneckomod:CheapStock"],"picked":"sneckomod:Nope","floor":19.0},{"not_picked":["sneckomod:UnknownClassGUARDIAN+1","sneckomod:UnknownUncommonAttack+1"],"picked":"sneckomod:UnknownColorless+1","floor":20.0},{"not_picked":["sneckomod:Unknown2Cost+1","sneckomod:UnknownCommonSkill+1"],"picked":"sneckomod:Restock","floor":20.0},{"not_picked":["sneckomod:UnknownBlock+1","sneckomod:UnknownClassRED+1"],"picked":"sneckomod:SnekBeam+1","floor":21.0},{"not_picked":["sneckomod:UnknownEthereal+1","sneckomod:UnknownStrength+1"],"picked":"sneckomod:Unknown3Cost+1","floor":22.0},{"not_picked":["sneckomod:IronFang+1","sneckomod:UnknownStrike+1"],"picked":"sneckomod:DefensiveFlair+1","floor":22.0},{"not_picked":["sneckomod:UnknownX+1","sneckomod:UnknownColorless+1"],"picked":"sneckomod:UnknownRareSkill+1","floor":23.0},{"not_picked":["sneckomod:QuickBite","sneckomod:WideSting"],"picked":"sneckomod:SerpentIdol","floor":23.0},{"not_picked":["sneckomod:UnknownBlock+1","sneckomod:UnknownClassRED+1"],"picked":"sneckomod:UnknownRareAttack+1","floor":25.0},{"not_picked":["sneckomod:RainOfDice","sneckomod:UnknownStrike+1"],"picked":"sneckomod:UnknownClassSLIMEBOUND+1","floor":25.0},{"not_picked":["sneckomod:UnknownCommonSkill+1","sneckomod:WideSting"],"picked":"sneckomod:UnknownStrike+1","floor":26.0},{"not_picked":["sneckomod:UnknownClassRED+1","sneckomod:UnknownStrike+1"],"picked":"sneckomod:UnknownRareSkill+1","floor":28.0},{"not_picked":["sneckomod:IronFang+1","sneckomod:RainOfDice+1"],"picked":"sneckomod:UnknownCommonSkill+1","floor":28.0},{"not_picked":["sneckomod:UnknownClassGREEN+1","sneckomod:UnknownCommonAttack+1"],"picked":"sneckomod:Unknown3Cost+1","floor":29},{"not_picked":["sneckomod:UnknownX+1","sneckomod:CheapStock"],"picked":"sneckomod:DiceCrush+1","floor":29},{"not_picked":["sneckomod:DiceBlock+1","sneckomod:UnknownVulnerable+1"],"picked":"sneckomod:DiceBoulder+1","floor":31},{"not_picked":["sneckomod:UnknownClassSLIMEBOUND+1","sneckomod:UnknownClassHEXA_GHOST_PURPLE+1"],"picked":"sneckomod:SnekBeam+1","floor":32},{"not_picked":["sneckomod:UnknownVulnerable+1","sneckomod:UnknownExhaust+1"],"picked":"sneckomod:UnknownColorless+1","floor":33},{"not_picked":["sneckomod:Mudshield","sneckomod:UnlimitedRolls"],"picked":"sneckomod:UnknownRareSkill+1","floor":33},{"not_picked":["sneckomod:UnknownUncommonAttack+1","sneckomod:UnknownColorless+1"],"picked":"sneckomod:UnknownRarePower+1","floor":36},{"not_picked":["sneckomod:UnknownUncommonSkill+1","sneckomod:UnknownUncommonPower+1"],"picked":"sneckomod:Nope+1","floor":36},{"not_picked":["sneckomod:UnknownRareSkill+1","sneckomod:UnknownClassHEXA_GHOST_PURPLE+1"],"picked":"sneckomod:UnknownRarePower+1","floor":37},{"not_picked":["sneckomod:UnknownCommonSkill+1","sneckomod:DiceBlock"],"picked":"sneckomod:UnknownWeak+1","floor":37},{"not_picked":["sneckomod:UnknownCommonAttack+1","sneckomod:WideSting+1"],"picked":"sneckomod:UnknownWeak+1","floor":38},{"not_picked":["sneckomod:Unknown0Cost+1","sneckomod:UnknownCommonSkill+1"],"picked":"sneckomod:UnknownColorless+1","floor":40},{"not_picked":["sneckomod:SoulCleanse","sneckomod:UnknownWeak+1"],"picked":"sneckomod:UnknownCommonSkill+1","floor":40},{"not_picked":["sneckomod:WideSting+1","sneckomod:RainOfDice+1"],"picked":"sneckomod:Unknown2Cost+1","floor":43},{"not_picked":["sneckomod:DiceCrush+1","sneckomod:UnknownStrike+1"],"picked":"sneckomod:UnknownWeak+1","floor":46},{"not_picked":["sneckomod:UnknownUncommonSkill+1","sneckomod:UnknownCommonSkill+1"],"picked":"sneckomod:UnknownRarePower+1","floor":49},{"not_picked":["sneckomod:Nope+1","sneckomod:MasterEye+1"],"picked":"sneckomod:UnknownRarePower+1","floor":49}],"player_experience":190867,"relics_obtained":[{"floor":2.0,"key":"GiantMaggot"},{"floor":5.0,"key":"Happy Flower"},{"floor":7.0,"key":"InkBottle"},{"floor":10.0,"key":"sneckomod:UnknownEgg"},{"floor":20.0,"key":"Whetstone"},{"floor":22.0,"key":"RoseTintedShades"},{"floor":34,"key":"Tiny Chest"},{"floor":34,"key":"Molten Egg 2"},{"floor":34,"key":"TungstenRod"},{"floor":37,"key":"Gambling Chip"},{"floor":38,"key":"Frozen Egg 2"},{"floor":40,"key":"The Courier"},{"floor":41,"key":"Ornamental Fan"},{"floor":47,"key":"Bag of Preparation"}],"event_choices":[{"damage_healed":25.0,"max_hp_gain":0.0,"max_hp_loss":0.0,"gold_gain":0.0,"event_name":"Mushrooms","player_choice":"Healed and dodged fight","floor":11.0,"gold_loss":0.0,"damage_taken":0.0,"cards_obtained":["Parasite"]},{"cards_removed":["Slimebound:Icky"],"damage_healed":0,"gold_gain":0,"player_choice":"Give","damage_taken":0,"max_hp_gain":0,"max_hp_loss":0,"event_name":"betterNote:BetterNote","floor":30,"gold_loss":0,"cards_obtained":["Pain"]},{"damage_healed":0,"gold_gain":0,"player_choice":"Fight","damage_taken":0,"max_hp_gain":0,"max_hp_loss":0,"event_name":"Mysterious Sphere","floor":37,"gold_loss":0},{"damage_healed":0,"gold_gain":0,"player_choice":"Got Potions","damage_taken":0,"max_hp_gain":0,"max_hp_loss":0,"event_name":"Lab","floor":45,"gold_loss":0}],"is_beta":false,"boss_relics":[{"not_picked":["Sozu","CosmicIsotope"],"picked":"Snecko Eye"},{"not_picked":["Runic Dome","SlaversCollar"],"picked":"Calling Bell"}],"items_purged_floors":[23,43,48],"is_endless":false,"potions_floor_spawned":[4,10,12,15,16,22,25,26,29,33,37,38],"killed_by":"downfall:CharBossMerchant","ascension_level":0}}