{"host":"tfkz8stxzb1up54p","time":1608108618,"event":{"mods":["AchievementEnabler","BaseMod","Block Reminder","Colored Powertips","Disable Question Mark Monsters","Emptier Cage","Gold Saver","Gremlin Skip","Highlight Path","Minty Spire (QoL Compilation)","Permanent Neow","StSLib"],"gold_per_floor":[1745,969,873,883,900,925,925,952,977,1005,29,42,99,20,20,96,96,109,109,124,140,140,140],"floor_reached":22,"playtime":1769,"items_purged":["Regret"],"score":408,"play_id":"19b10c80-ecd8-4367-bd87-a4363d32997a","local_time":"20201216085018","is_ascension_mode":true,"campfire_choices":[{"floor":7,"key":"REST"},{"floor":15,"key":"REST"}],"circlet_count":0,"master_deck":["AscendersBane","Strike_B","Strike_B","Strike_B","Strike_B","Defend_B","Defend_B","Defend_B","Defend_B","Zap","Dualcast","Panache","Cold Snap","Panache","Jack Of All Trades","Steam","Go for the Eyes","Defragment","Gash","Gash","Apotheosis","Compile Driver","Compile Driver","Beam Cell","Self Repair","Electrodynamics","Capacitor+1","Chaos","Beam Cell","Auto Shields"],"relics":["Cracked Core","Bag of Preparation","Akabeko","Bag of Marbles","Bronze Scales","Art of War","Potion Belt","Strawberry","Regal Pillow","Turnip","DollysMirror","Eternal Feather","Black Star"],"acts_visited":["Exordium","TheCity"],"potions_floor_usage":[6,8,13,13,16,16,20],"damage_taken":[{"damage":14,"enemies":"Jaw Worm","floor":1,"turns":3},{"damage":0,"enemies":"Cultist","floor":4,"turns":2},{"damage":0,"enemies":"Small Slimes","floor":5,"turns":2},{"damage":33,"enemies":"3 Sentries","floor":6,"turns":13},{"damage":20,"enemies":"Gremlin Nob","floor":8,"turns":3},{"damage":17,"enemies":"Lagavulin","floor":10,"turns":6},{"damage":0,"enemies":"Blue Slaver","floor":12,"turns":3},{"damage":0,"enemies":"Lagavulin Event","floor":13,"turns":4},{"damage":4,"enemies":"The Guardian","floor":16,"turns":7},{"damage":14,"enemies":"3 Byrds","floor":18,"turns":2},{"damage":13,"enemies":"2 Thieves","floor":20,"turns":3},{"damage":16,"enemies":"Snake Plant","floor":21,"turns":3},{"damage":49,"enemies":"Cultist and Chosen","floor":22,"turns":3}],"seed_played":"1239913387628018560","potions_obtained":[{"floor":5,"key":"SneckoOil"},{"floor":6,"key":"EssenceOfDarkness"},{"floor":10,"key":"SpeedPotion"},{"floor":12,"key":"ColorlessPotion"},{"floor":18,"key":"EssenceOfDarkness"},{"floor":21,"key":"FearPotion"}],"is_trial":false,"path_per_floor":["M","$","?","M","M","E","R","E","T","E","$","M","?","$","R","B",null,"M","?","M","M","M"],"character_chosen":"DEFECT","items_purchased":["Bag of Preparation","Akabeko","Panache","Jack Of All Trades","Ancient Potion","Regal Pillow","Turnip","Apotheosis","Compile Driver","DollysMirror","ColorlessPotion","Self Repair"],"campfire_rested":2,"item_purchase_floors":[2,2,2,2,2,11,11,11,11,11,11,14],"current_hp_per_floor":[50,50,50,50,50,17,38,18,18,8,8,8,8,8,61,67,75,61,61,48,32,0,0],"gold":140,"neow_bonus":"RANDOM_COLORLESS_2","is_daily":false,"chose_seed":false,"campfire_upgraded":0,"win_rate":0.0,"timestamp":1608108618,"path_taken":["M","$","?","M","M","E","R","E","T","E","?","M","?","$","R","BOSS","M","?","M","M","M"],"items_purchased_type":["Relic","Relic","Card","Card","Potion","Relic","Relic","Card","Card","Relic","Potion","Card"],"build_version":"2020-12-13","purchased_purges":1,"victory":false,"max_hp_per_floor":[71,71,71,71,71,71,71,71,71,78,78,78,78,78,78,78,78,78,78,78,78,78,78],"card_choices":[{"not_picked":["Master of Strategy","Secret Weapon"],"picked":"Panache","floor":0},{"not_picked":["Heatsinks","Glacier"],"picked":"Cold Snap","floor":1},{"not_picked":["Redo","Compile Driver"],"picked":"Steam","floor":4},{"not_picked":["Biased Cognition","Doom and Gloom"],"picked":"Go for the Eyes","floor":5},{"not_picked":["Skim","Tempest"],"picked":"Defragment","floor":6},{"not_picked":["Redo","Reprogram"],"picked":"Gash","floor":8},{"not_picked":["Machine Learning","Redo"],"picked":"Gash","floor":10},{"not_picked":["Sweeping Beam","Genetic Algorithm","Redo"],"picked":"SKIP","floor":12},{"not_picked":["Undo","Go for the Eyes"],"picked":"Beam Cell","floor":13},{"not_picked":["Buffer","Hyperbeam"],"picked":"Electrodynamics","floor":16},{"not_picked":["Reprogram","Redo"],"picked":"Capacitor+1","floor":18},{"not_picked":["Conserve Battery","Sweeping Beam"],"picked":"Beam Cell","floor":20},{"not_picked":["Turbo","Sweeping Beam"],"picked":"Auto Shields","floor":21}],"player_experience":1223382,"relics_obtained":[{"floor":6,"key":"Bronze Scales"},{"floor":8,"key":"Art of War"},{"floor":9,"key":"Potion Belt"},{"floor":10,"key":"Strawberry"},{"floor":13,"key":"Eternal Feather"}],"event_choices":[{"damage_healed":0,"gold_gain":0,"player_choice":"Paid Gold","damage_taken":0,"relics_obtained":["Bag of Marbles"],"max_hp_gain":0,"max_hp_loss":0,"event_name":"WeMeetAgain","floor":3,"gold_loss":96},{"damage_healed":0,"gold_gain":0,"player_choice":"Searched \u00271\u0027 times","damage_taken":0,"max_hp_gain":0,"max_hp_loss":0,"event_name":"Dead Adventurer","floor":13,"gold_loss":0},{"damage_healed":0,"gold_gain":0,"player_choice":"1 cards matched","damage_taken":0,"max_hp_gain":0,"max_hp_loss":0,"event_name":"Match and Keep!","floor":19,"gold_loss":0,"cards_obtained":["Chaos"]}],"is_beta":false,"boss_relics":[{"not_picked":["Velvet Choker","SacredBark"],"picked":"Black Star"}],"items_purged_floors":[2],"is_endless":false,"potions_floor_spawned":[5,6,10,12,18,21],"killed_by":"Cultist and Chosen","ascension_level":20}}