{"host":"1kq2ingo3j45gyyp","time":1608113643,"event":{"mods":["BaseMod","Better Note","Better Third Choice","Minty Spire (QoL Compilation)","Robot Space Explorer","StSLib"],"gold_per_floor":[117,117,117,117,68,68,93,106,132,148,148,178,66,94,94,192,192,203,221,238,238,16,49,64,64,118,130,161,246,269,298,310,419,431,455,517,544,103,179,179,194,194,194,220,320,346,396,446,446,446],"floor_reached":51,"playtime":1814,"items_purged":["RobotSpaceExplorer:Defend","RobotSpaceExplorer:Strike","RobotSpaceExplorer:Strike"],"score":806,"play_id":"9b323081-79a5-4331-a62a-4c36adc91c7e","local_time":"20201216051402","is_ascension_mode":false,"campfire_choices":[{"data":"RobotSpaceExplorer:GlueShot","floor":6,"key":"SMITH"},{"data":"RobotSpaceExplorer:FreezeRay","floor":15,"key":"SMITH"},{"data":"RobotSpaceExplorer:ShockMissile","floor":27,"key":"SMITH"},{"floor":32,"key":"REST"},{"data":"RobotSpaceExplorer:ShockMissile","floor":40,"key":"SMITH"},{"data":"RobotSpaceExplorer:Fix","floor":42,"key":"SMITH"},{"floor":49,"key":"REST"}],"circlet_count":0,"master_deck":["RobotSpaceExplorer:Defend","RobotSpaceExplorer:Defend","RobotSpaceExplorer:Scan","RobotSpaceExplorer:MiniLasers","RobotSpaceExplorer:Discharger+1","RobotSpaceExplorer:GlueShot+1","RobotSpaceExplorer:Fix+1","RobotSpaceExplorer:MetalStrike","RobotSpaceExplorer:Electroshield","RobotSpaceExplorer:StunGrenade","RobotSpaceExplorer:FreezeRay+1","RobotSpaceExplorer:SlimeMissile","RobotSpaceExplorer:ShockMissile+1","RobotSpaceExplorer:ScrapMissile","RobotSpaceExplorer:MetalStrike+1","RobotSpaceExplorer:Ammunition","RobotSpaceExplorer:BigMissile","RobotSpaceExplorer:ShockKick+1","RobotSpaceExplorer:Smokescreen+1","RobotSpaceExplorer:ShockKick+1","RobotSpaceExplorer:ShockMissile+1","RobotSpaceExplorer:Electroshield","RobotSpaceExplorer:FreezeRay+1","RobotSpaceExplorer:GearShield+1","RobotSpaceExplorer:ChargingLaser","RobotSpaceExplorer:FrostMissile+1","RobotSpaceExplorer:Multitool+1","RobotSpaceExplorer:Ammunition","RobotSpaceExplorer:GlueShot+1"],"relics":["RobotSpaceExplorer:RoboCore","Odd Mushroom","Lantern","RobotSpaceExplorer:FoglandsKnife","CaptainsWheel","SlaversCollar","Nloth\u0027s Gift","StrikeDummy","SsserpentHead","MawBank","Juzu Bracelet","Empty Cage","Bronze Scales","Blood Vial","Prayer Wheel","White Beast Statue","Mango","InkBottle"],"acts_visited":["Exordium","TheCity","TheBeyond"],"potions_floor_usage":[16,23,33,37,37,38,50,50,50,50,50,50,50],"damage_taken":[{"damage":0,"enemies":"2 Louse","floor":1,"turns":1},{"damage":0,"enemies":"The Mushroom Lair","floor":7,"turns":2},{"damage":0,"enemies":"Jaw Worm","floor":8,"turns":1},{"damage":0,"enemies":"Small Slimes","floor":10,"turns":3},{"damage":11,"enemies":"3 Sentries","floor":12,"turns":5},{"damage":19,"enemies":"Gremlin Nob","floor":14,"turns":4},{"damage":28,"enemies":"The Guardian","floor":16,"turns":9},{"damage":2,"enemies":"Spheric Guardian","floor":18,"turns":4},{"damage":10,"enemies":"Chosen","floor":19,"turns":5},{"damage":7,"enemies":"Snake Plant","floor":20,"turns":5},{"damage":14,"enemies":"Slavers","floor":23,"turns":5},{"damage":6,"enemies":"Cultist and Chosen","floor":24,"turns":6},{"damage":3,"enemies":"Chosen and Byrds","floor":28,"turns":5},{"damage":15,"enemies":"Shelled Parasite and Fungi","floor":30,"turns":3},{"damage":6,"enemies":"Snake Plant","floor":31,"turns":5},{"damage":29,"enemies":"Champ","floor":33,"turns":12},{"damage":8,"enemies":"Orb Walker","floor":35,"turns":2},{"damage":7,"enemies":"3 Shapes","floor":37,"turns":3},{"damage":18,"enemies":"Jaw Worm Horde","floor":41,"turns":3},{"damage":1,"enemies":"Nemesis","floor":44,"turns":5},{"damage":6,"enemies":"Mind Bloom Boss Battle","floor":45,"turns":5},{"damage":76,"enemies":"Giant Head","floor":46,"turns":10},{"damage":21,"enemies":"Donu and Deca","floor":50,"turns":8}],"seed_played":"-2958059261561429071","potions_obtained":[{"floor":1,"key":"SteroidPotion"},{"floor":10,"key":"LiquidMemories"},{"floor":12,"key":"Strength Potion"},{"floor":14,"key":"RobotSpaceExplorer:PlasmaFlask"},{"floor":18,"key":"DuplicationPotion"},{"floor":24,"key":"Weak Potion"},{"floor":33,"key":"SkillPotion"},{"floor":45,"key":"SneckoOil"},{"floor":48,"key":"EntropicBrew"},{"floor":48,"key":"EntropicBrew"},{"floor":48,"key":"Ancient Potion"}],"is_trial":false,"path_per_floor":["M","?","?","?","$","R","?","M","T","M","?","E","$","E","R","B",null,"M","M","M","?","$","E","M","?","T","R","M","T","M","M","R","B",null,"M","?","M","$","T","R","M","R","T","E","?","E","?","?","R","B",null],"character_chosen":"RobotSpaceExplorer","items_purchased":["RobotSpaceExplorer:GlueShot","RobotSpaceExplorer:FreezeRay","RobotSpaceExplorer:Ammunition","RobotSpaceExplorer:BigMissile","Bronze Scales","RobotSpaceExplorer:ChargingLaser","Fruit Juice"],"campfire_rested":2,"item_purchase_floors":[5,13,22,22,38,38,38],"current_hp_per_floor":[75,75,75,75,75,75,75,75,75,75,75,64,64,49,49,25,75,73,65,62,62,62,52,50,50,50,50,47,47,36,34,56,31,75,67,67,64,69,69,69,57,57,57,64,80,12,12,12,40,27],"gold":446,"neow_bonus":"THREE_ENEMY_KILL","is_daily":false,"chose_seed":false,"campfire_upgraded":5,"win_rate":0.0,"timestamp":1608113642,"path_taken":["M","?","?","?","?","R","?","M","T","M","?","E","$","E","R","BOSS","M","M","?","?","?","E","M","?","T","R","M","?","M","M","R","BOSS","M","?","M","$","?","R","M","R","T","E","?","E","?","?","R","BOSS"],"items_purchased_type":["Card","Card","Card","Card","Relic","Card","Potion"],"build_version":"2020-12-13","purchased_purges":3,"victory":true,"max_hp_per_floor":[75,75,75,75,75,75,75,75,75,75,75,75,75,75,75,75,75,75,75,75,75,75,75,75,75,75,75,75,75,75,75,75,75,75,75,75,75,80,80,80,80,80,80,80,94,94,94,94,94,94],"card_choices":[{"not_picked":["RobotSpaceExplorer:GlueShot","RobotSpaceExplorer:FreezingShield"],"picked":"RobotSpaceExplorer:Discharger","floor":1},{"not_picked":["RobotSpaceExplorer:Calculate","RobotSpaceExplorer:SurgingShield"],"picked":"RobotSpaceExplorer:Fix","floor":7},{"not_picked":["RobotSpaceExplorer:GearShield","RobotSpaceExplorer:ScrapShield"],"picked":"RobotSpaceExplorer:MetalStrike","floor":8},{"not_picked":["RobotSpaceExplorer:RigExplosive","RobotSpaceExplorer:Ammunition"],"picked":"RobotSpaceExplorer:Electroshield","floor":10},{"not_picked":["RobotSpaceExplorer:DualCore","RobotSpaceExplorer:JunkDive"],"picked":"RobotSpaceExplorer:StunGrenade","floor":12},{"not_picked":["RobotSpaceExplorer:Jetpack","RobotSpaceExplorer:Ammunition"],"picked":"RobotSpaceExplorer:SlimeMissile","floor":14},{"not_picked":["RobotSpaceExplorer:TrailblazerForm","RobotSpaceExplorer:Comet"],"picked":"RobotSpaceExplorer:ShockMissile","floor":16},{"not_picked":["RobotSpaceExplorer:ImprovisedAttack+1","RobotSpaceExplorer:SwiftStep+1"],"picked":"RobotSpaceExplorer:ScrapMissile","floor":18},{"not_picked":["RobotSpaceExplorer:SwiftStep+1","RobotSpaceExplorer:FrostMissile+1"],"picked":"RobotSpaceExplorer:MetalStrike+1","floor":19},{"not_picked":["RobotSpaceExplorer:FrostMissile","RobotSpaceExplorer:GlueSpray+1","RobotSpaceExplorer:Accelerator"],"picked":"SKIP","floor":20},{"not_picked":["RobotSpaceExplorer:StunGrenade","RobotSpaceExplorer:MiniBoosters"],"picked":"RobotSpaceExplorer:ShockKick+1","floor":23},{"not_picked":["RobotSpaceExplorer:FranticSearch+1","RobotSpaceExplorer:PowerGlove","RobotSpaceExplorer:RigExplosive"],"picked":"SKIP","floor":24},{"not_picked":["RobotSpaceExplorer:StarDust+1","RobotSpaceExplorer:StarLightning+1","RobotSpaceExplorer:BigMissile"],"picked":"SKIP","floor":28},{"not_picked":["RobotSpaceExplorer:LuckyStrike+1","RobotSpaceExplorer:ScrapToss+1"],"picked":"RobotSpaceExplorer:Smokescreen+1","floor":30},{"not_picked":["RobotSpaceExplorer:ScrapToss","RobotSpaceExplorer:FranticSearch"],"picked":"RobotSpaceExplorer:ShockKick+1","floor":31},{"not_picked":["RobotSpaceExplorer:Scanner","RobotSpaceExplorer:ChargingLaser"],"picked":"RobotSpaceExplorer:ShockMissile","floor":33},{"not_picked":["RobotSpaceExplorer:ShockKick","RobotSpaceExplorer:ScrapShield"],"picked":"RobotSpaceExplorer:Electroshield","floor":35},{"not_picked":["RobotSpaceExplorer:StarDust","RobotSpaceExplorer:Smokescreen"],"picked":"RobotSpaceExplorer:GearShield+1","floor":37},{"not_picked":["RobotSpaceExplorer:SwiftStep","RobotSpaceExplorer:Smokescreen"],"picked":"RobotSpaceExplorer:FrostMissile+1","floor":41},{"not_picked":["RobotSpaceExplorer:SurgingShield+1","RobotSpaceExplorer:MakeshiftVolley+1"],"picked":"RobotSpaceExplorer:Multitool","floor":44},{"not_picked":["RobotSpaceExplorer:LuckyStrike+1","RobotSpaceExplorer:SwiftStep+1"],"picked":"RobotSpaceExplorer:Ammunition","floor":45},{"not_picked":["RobotSpaceExplorer:GlueSpray","RobotSpaceExplorer:Calculate"],"picked":"RobotSpaceExplorer:GlueShot+1","floor":46}],"player_experience":798846,"relics_obtained":[{"floor":7,"key":"Odd Mushroom"},{"floor":9,"key":"Lantern"},{"floor":12,"key":"RobotSpaceExplorer:FoglandsKnife"},{"floor":14,"key":"CaptainsWheel"},{"floor":23,"key":"StrikeDummy"},{"floor":26,"key":"MawBank"},{"floor":29,"key":"Juzu Bracelet"},{"floor":39,"key":"Blood Vial"},{"floor":43,"key":"Prayer Wheel"},{"floor":44,"key":"White Beast Statue"},{"floor":45,"key":"Mango"},{"floor":46,"key":"InkBottle"}],"event_choices":[{"damage_healed":0,"gold_gain":0,"player_choice":"Leave","damage_taken":0,"max_hp_gain":0,"max_hp_loss":0,"event_name":"The Cleric","floor":2,"gold_loss":0},{"damage_healed":0,"gold_gain":0,"player_choice":"Grow","damage_taken":0,"max_hp_gain":0,"max_hp_loss":0,"event_name":"Living Wall","floor":3,"gold_loss":0,"cards_upgraded":["RobotSpaceExplorer:Discharger"]},{"damage_healed":0,"gold_gain":0,"player_choice":"Ignored","damage_taken":117,"max_hp_gain":0,"max_hp_loss":0,"event_name":"betterThird:BetterSerpent","floor":4,"gold_loss":0},{"damage_healed":0,"gold_gain":0,"player_choice":"Fought Mushrooms","damage_taken":0,"max_hp_gain":0,"max_hp_loss":0,"event_name":"Mushrooms","floor":7,"gold_loss":0},{"cards_removed":["RobotSpaceExplorer:Defend"],"damage_healed":0,"gold_gain":0,"player_choice":"Offered Basic","damage_taken":0,"max_hp_gain":0,"max_hp_loss":0,"event_name":"Bonfire Elementals","floor":11,"gold_loss":0},{"damage_healed":0,"gold_gain":0,"player_choice":"Traded Relic","damage_taken":0,"relics_obtained":["Nloth\u0027s Gift"],"max_hp_gain":0,"max_hp_loss":0,"event_name":"N\u0027loth","floor":21,"relics_lost":["NeowsBlessing"],"gold_loss":0},{"damage_healed":0,"gold_gain":0,"player_choice":"Trade","damage_taken":0,"relics_obtained":["SsserpentHead"],"max_hp_gain":0,"max_hp_loss":0,"event_name":"FaceTrader","floor":25,"gold_loss":0},{"damage_healed":0,"gold_gain":0,"player_choice":"Copied","damage_taken":0,"max_hp_gain":0,"max_hp_loss":0,"event_name":"Duplicator","floor":36,"gold_loss":0,"cards_obtained":["RobotSpaceExplorer:FreezeRay"]},{"damage_healed":0,"gold_gain":0,"player_choice":"Fight","damage_taken":0,"max_hp_gain":0,"max_hp_loss":0,"event_name":"MindBloom","floor":45,"gold_loss":0},{"damage_healed":0,"gold_gain":0,"player_choice":"Forge","damage_taken":0,"max_hp_gain":0,"max_hp_loss":0,"event_name":"Accursed Blacksmith","floor":47,"gold_loss":0,"cards_upgraded":["RobotSpaceExplorer:Multitool"]},{"damage_healed":0,"gold_gain":0,"player_choice":"Got Potions","damage_taken":0,"max_hp_gain":0,"max_hp_loss":0,"event_name":"Lab","floor":48,"gold_loss":0}],"is_beta":false,"boss_relics":[{"not_picked":["Astrolabe","Coffee Dripper"],"picked":"SlaversCollar"},{"not_picked":["Cursed Key","Calling Bell"],"picked":"Empty Cage"}],"items_purged_floors":[13,22,38],"is_endless":false,"potions_floor_spawned":[1,10,12,14,18,19,24,33,35,45,46],"ascension_level":0}}