{"host":"vxxgntm1odai56nh","time":1608147882,"event":{"mods":["AchievementEnabler","BaseMod","Colored Map","Colored Powertips","Highlight Path","Minty Spire (QoL Compilation)","Permanent Neow","Rare Cards Sparkle","Relic Stats","StSLib"],"gold_per_floor":[212,20,20,95,111,111,386,386,386,386,386],"floor_reached":10,"playtime":287,"items_purged":[],"score":62,"play_id":"f182ec0f-6dbd-4f0d-a75a-04d9157e5329","local_time":"20201216144442","is_ascension_mode":true,"campfire_choices":[{"data":"Body Slam","floor":6,"key":"SMITH"},{"data":"Body Slam","floor":8,"key":"SMITH"}],"circlet_count":0,"master_deck":["Strike_R","Strike_R","Strike_R","Strike_R","Strike_R","Defend_R","Defend_R","Defend_R","Defend_R","Bash","Armaments","Body Slam+1","Shrug It Off","Body Slam+1","Regret"],"relics":["Burning Blood","Membership Card","Matryoshka"],"acts_visited":["Exordium"],"potions_floor_usage":[],"damage_taken":[{"damage":3,"enemies":"Small Slimes","floor":1,"turns":4},{"damage":10,"enemies":"Jaw Worm","floor":5,"turns":4},{"damage":71,"enemies":"Gremlin Nob","floor":10,"turns":5}],"seed_played":"-6297379872122077749","potions_obtained":[{"floor":5,"key":"LiquidBronze"}],"is_trial":false,"path_per_floor":["M","$","?","?","M","R","?","R","T","E"],"character_chosen":"IRONCLAD","items_purchased":["Membership Card","Body Slam","Shrug It Off"],"campfire_rested":0,"item_purchase_floors":[2,2,2],"current_hp_per_floor":[80,80,85,74,70,70,70,70,70,0,0],"gold":386,"neow_bonus":"HUNDRED_GOLD","is_daily":false,"chose_seed":false,"campfire_upgraded":2,"win_rate":0.0,"timestamp":1608147882,"path_taken":["M","$","?","?","M","R","?","R","T","E"],"items_purchased_type":["Relic","Card","Card"],"build_version":"2020-12-13","purchased_purges":0,"victory":false,"max_hp_per_floor":[80,80,85,85,85,85,85,85,85,85,85],"relic_stats":{"counters":[3,13],"obtain_stats":[{"Matryoshka":9,"Membership Card":2,"Burning Blood":0},{"Matryoshka":2,"Membership Card":1,"Burning Blood":0},{"Matryoshka":8,"Membership Card":4,"Burning Blood":0}],"Burning Blood":9},"card_choices":[{"not_picked":["Iron Wave","Body Slam"],"picked":"Armaments","floor":1},{"not_picked":["Heavy Blade","Wild Strike"],"picked":"Body Slam","floor":5}],"player_experience":110667,"relics_obtained":[{"floor":9,"key":"Matryoshka"}],"event_choices":[{"damage_healed":0,"gold_gain":0,"player_choice":"Donut","damage_taken":0,"max_hp_gain":5,"max_hp_loss":0,"event_name":"Big Fish","floor":3,"gold_loss":0},{"damage_healed":0,"gold_gain":75,"player_choice":"Gather Gold","damage_taken":11,"max_hp_gain":0,"max_hp_loss":0,"event_name":"World of Goop","floor":4,"gold_loss":0},{"damage_healed":0,"gold_gain":275,"player_choice":"Desecrate","damage_taken":0,"max_hp_gain":0,"max_hp_loss":0,"event_name":"Golden Shrine","floor":7,"gold_loss":0,"cards_obtained":["Regret"]}],"is_beta":false,"boss_relics":[],"items_purged_floors":[],"is_endless":false,"potions_floor_spawned":[5],"killed_by":"Gremlin Nob","ascension_level":3}}