{"host":"ki5kvxn974a96omm","time":1608081984,"event":{"mods":["BaseMod","Better Altar","Better Match","Better Note","Better Sensory Stone","Better Skull","Colored Map","Colored Powertips","Highlight Path","Minty Spire (QoL Compilation)","Random Character Button","Relic Sorter","StSLib"],"gold_per_floor":[119,137,232,252,9,34,34,68,68,39,59,79,112,12,12,87,87,98,2,2,15,27,27,42,53,53,53,70,84,84,84,84,84,84],"floor_reached":33,"playtime":2165,"items_purged":["Strike_G"],"score":496,"play_id":"38feb8e2-f9d7-4aa7-bf5c-2478ac294b7a","local_time":"20201215202624","is_ascension_mode":true,"campfire_choices":[{"data":"Cloak And Dagger","floor":7.0,"key":"SMITH"},{"floor":15,"key":"REST"},{"floor":23,"key":"REST"},{"floor":27,"key":"REST"},{"floor":32,"key":"REST"}],"circlet_count":0,"master_deck":["AscendersBane","Defend_G","Defend_G","Defend_G","Defend_G","Defend_G","Survivor","Neutralize","Panacea","Riddle With Holes+1","Sucker Punch","Dagger Spray","Cloak And Dagger+1","A Thousand Cuts","Distraction","Leg Sweep","Tools of the Trade","Calculated Gamble","Venomology","Deadly Poison+1","Footwork","Pain","Distraction+1","Backstab","PiercingWail","Acrobatics","Bite","Bite","Bite","Bite","Bite"],"relics":["Ring of the Snake","Potion Belt","The Courier","Pen Nib","Pear","Bag of Marbles","SlaversCollar","WarpedTongs","Sundial"],"acts_visited":["Exordium","TheCity"],"potions_floor_usage":[13,16,18,22,24,24,28,29,33,33,33,33],"damage_taken":[{"damage":0.0,"enemies":"Small Slimes","floor":1.0,"turns":4.0},{"damage":1.0,"enemies":"Cultist","floor":2.0,"turns":4.0},{"damage":2.0,"enemies":"2 Louse","floor":4.0,"turns":4.0},{"damage":10.0,"enemies":"Gremlin Nob","floor":6.0,"turns":4.0},{"damage":10.0,"enemies":"Lagavulin","floor":8.0,"turns":10.0},{"damage":5.0,"enemies":"Red Slaver","floor":11.0,"turns":4.0},{"damage":0.0,"enemies":"Blue Slaver","floor":12.0,"turns":1.0},{"damage":16,"enemies":"Gremlin Nob","floor":13,"turns":4},{"damage":12,"enemies":"Hexaghost","floor":16,"turns":8},{"damage":8,"enemies":"Spheric Guardian","floor":18,"turns":7},{"damage":5,"enemies":"2 Thieves","floor":21,"turns":4},{"damage":45,"enemies":"Cultist and Chosen","floor":22,"turns":9},{"damage":3,"enemies":"Snake Plant","floor":24,"turns":4},{"damage":11,"enemies":"Centurion and Healer","floor":25,"turns":11},{"damage":17,"enemies":"Shelled Parasite and Fungi","floor":28,"turns":7},{"damage":2,"enemies":"Snake Plant","floor":29,"turns":2},{"damage":10,"enemies":"Colosseum Slavers","floor":31,"turns":2},{"damage":66,"enemies":"Champ","floor":33,"turns":12}],"seed_played":"-8317528444393100442","potions_obtained":[{"floor":1.0,"key":"CunningPotion"},{"floor":2.0,"key":"Block Potion"},{"floor":6.0,"key":"EssenceOfSteel"},{"floor":12.0,"key":"Explosive Potion"},{"floor":16,"key":"FearPotion"},{"floor":21,"key":"DuplicationPotion"},{"floor":22,"key":"AttackPotion"},{"floor":29,"key":"Weak Potion"}],"is_trial":false,"path_per_floor":["M","M","?","M","$","E","R","E","T","$","M","M","E","$","R","B",null,"M","$","?","M","M","R","M","M","T","R","M","M","?","?","R","B"],"character_chosen":"THE_SILENT","items_purchased":["Potion Belt","Cloak And Dagger","SteroidPotion","Leg Sweep","SteroidPotion","Footwork","Strength Potion"],"campfire_rested":4,"item_purchase_floors":[5,5,5,10,14,19,19],"current_hp_per_floor":[59,58,37,35,35,25,25,15,25,25,20,20,4,4,26,14,61,53,53,53,48,3,25,22,11,11,33,16,14,14,8,23,0,0],"gold":84,"neow_bonus":"RANDOM_COLORLESS","is_daily":false,"chose_seed":false,"campfire_upgraded":1,"win_rate":0.0,"timestamp":1608081984,"path_taken":["M","M","?","M","$","E","R","E","T","?","M","?","E","?","R","BOSS","M","$","?","M","M","R","M","?","T","R","M","M","?","?","R","BOSS"],"items_purchased_type":["Relic","Card","Potion","Card","Potion","Card","Potion"],"build_version":"2020-12-13","purchased_purges":1,"victory":false,"max_hp_per_floor":[66,66,66,66,66,66,66,66,76,76,76,76,76,76,76,76,76,76,76,76,76,76,76,76,76,76,76,76,76,53,53,53,53,53],"card_choices":[{"not_picked":["Blind","Madness"],"picked":"Panacea","floor":0.0},{"not_picked":["Reflex","Prepared"],"picked":"Riddle With Holes","floor":1.0},{"not_picked":["Calculated Gamble","Acrobatics"],"picked":"Sucker Punch","floor":2.0},{"not_picked":["Endless Agony","Calculated Gamble"],"picked":"Dagger Spray","floor":4.0},{"not_picked":["Acrobatics","Quick Slash"],"picked":"A Thousand Cuts","floor":6.0},{"not_picked":["Sucker Punch","Backflip"],"picked":"Distraction","floor":8.0},{"not_picked":["Backflip","Cloak And Dagger","Bane"],"picked":"SKIP","floor":11.0},{"not_picked":["Leg Sweep","Blade Dance"],"picked":"Tools of the Trade","floor":12.0},{"not_picked":["Caltrops","Deadly Poison"],"picked":"Calculated Gamble","floor":13},{"not_picked":["A Thousand Cuts","Envenom"],"picked":"Venomology","floor":16},{"not_picked":["Prepared","Accuracy"],"picked":"Deadly Poison+1","floor":18},{"not_picked":["Sucker Punch","Outmaneuver","Cloak And Dagger"],"picked":"SKIP","floor":21},{"not_picked":["Skewer","Deadly Poison"],"picked":"Distraction+1","floor":22},{"not_picked":["Expertise","Finisher","Quick Slash"],"picked":"SKIP","floor":24},{"not_picked":["Distraction","Underhanded Strike"],"picked":"Backstab","floor":25},{"not_picked":["Flying Knee+1","Underhanded Strike"],"picked":"PiercingWail","floor":28},{"not_picked":["Slice","Sucker Punch"],"picked":"Acrobatics","floor":29}],"player_experience":1614880,"relics_obtained":[{"floor":6.0,"key":"The Courier"},{"floor":8.0,"key":"Pen Nib"},{"floor":9.0,"key":"Pear"},{"floor":13,"key":"Bag of Marbles"},{"floor":26,"key":"Sundial"}],"event_choices":[{"damage_healed":0.0,"max_hp_gain":0.0,"max_hp_loss":0.0,"gold_gain":95.0,"event_name":"betterSkull:BetterSkull","player_choice":"GO UP ","floor":3.0,"gold_loss":0.0,"damage_taken":24.0,"cards_upgraded":["Riddle With Holes"],"relics_obtained":[]},{"damage_healed":0,"gold_gain":0,"player_choice":"Rummage","damage_taken":0,"relics_obtained":["WarpedTongs"],"max_hp_gain":0,"max_hp_loss":0,"event_name":"Accursed Blacksmith","floor":20,"gold_loss":0,"cards_obtained":["Pain"]},{"damage_healed":0,"gold_gain":0,"player_choice":"Became a vampire","damage_taken":0,"max_hp_gain":0,"max_hp_loss":23,"event_name":"Vampires","floor":30,"gold_loss":0,"cards_obtained":["Bite","Bite","Bite","Bite","Bite"]},{"damage_healed":0,"gold_gain":0,"player_choice":"Fight","damage_taken":0,"max_hp_gain":0,"max_hp_loss":0,"event_name":"Colosseum","floor":31,"gold_loss":0},{"damage_healed":0,"gold_gain":0,"player_choice":"Fled From Nobs","damage_taken":0,"max_hp_gain":0,"max_hp_loss":0,"event_name":"Colosseum","floor":31,"gold_loss":0}],"is_beta":false,"boss_relics":[{"not_picked":["Black Star","Sozu"],"picked":"SlaversCollar"}],"items_purged_floors":[14],"is_endless":false,"potions_floor_spawned":[1,2,6,12,16,21,22,25,29,31],"killed_by":"Champ","ascension_level":15}}