{"host":"nkolxg4se00n20yf","time":1608155493,"event":{"mods":["BaseMod","CatGirl Mod","Chen","Colored Map","Colored Powertips","Friendly Minions","Infinite Spire","Kiyohime????","Marisa????????","Minty Spire (QoL Compilation)","StSLib","Td1madao Mod","The Administrix","The Cursed","The Servant 0.9.4"],"gold_per_floor":[115,115,134,147,161,187,204,204,204,204,204,229,249,260,260,363,363,380,380,400,414,414,414,440,162,162,174,187,201,201,227,227,328,328,343,407,30,80,94,94,94],"floor_reached":40,"playtime":2336,"items_purged":["Regret","Normality"],"score":772,"play_id":"9137de9e-6eee-47fc-a07f-e620c2950f0c","local_time":"20201216225133","is_ascension_mode":true,"campfire_choices":[{"floor":8.0,"key":"REST"},{"data":"Sunder","floor":10.0,"key":"SMITH"},{"data":"infinitespire:Collect","floor":15.0,"key":"SMITH"},{"data":"Self Repair","floor":23.0,"key":"SMITH"},{"data":"Reboot","floor":30.0,"key":"SMITH"},{"data":"Rebound","floor":32.0,"key":"SMITH"}],"circlet_count":0,"master_deck":["AscendersBane","Strike_B","Strike_B","Strike_B","Defend_B","Defend_B","Defend_B","Defend_B","Zap+1","Dualcast","Parasite","Sweeping Beam","Rebound+1","Genetic Algorithm","Sunder+1","Melter","Auto Shields","Clumsy","infinitespire:Collect+1","Self Repair+1","Core Surge","Conserve Battery","Reboot+1","Consume+1","FTL","Sunder+1","Beam Cell+1","Core Surge+1","CurseOfTheBell","Defragment+1","Loop+1","Ball Lightning+1"],"relics":["Cracked Core","Gambling Chip","Strawberry","Sundial","Ornamental Fan","Cursed Key","SsserpentHead","Molten Egg 2","Darkstone Periapt","Gremlin Horn","Kunai","The Courier","Calling Bell","infinitespire:Beetle Shell","Frozen Egg 2","StoneCalendar","HandDrill","Matryoshka"],"acts_visited":["Exordium","TheCity","TheBeyond"],"potions_floor_usage":[],"damage_taken":[{"damage":1.0,"enemies":"Cultist","floor":1.0,"turns":3.0},{"damage":7.0,"enemies":"Jaw Worm","floor":3.0,"turns":3.0},{"damage":0.0,"enemies":"2 Louse","floor":4.0,"turns":2.0},{"damage":16.0,"enemies":"Lots of Slimes","floor":5.0,"turns":4.0},{"damage":12.0,"enemies":"3 Sentries","floor":6.0,"turns":4.0},{"damage":1.0,"enemies":"Exordium Thugs","floor":7.0,"turns":3.0},{"damage":20.0,"enemies":"Gremlin Nob","floor":12.0,"turns":3.0},{"damage":4.0,"enemies":"Red Slaver","floor":13.0,"turns":4.0},{"damage":1.0,"enemies":"Looter","floor":14.0,"turns":2.0},{"damage":17.0,"enemies":"Slime Boss","floor":16.0,"turns":7.0},{"damage":7.0,"enemies":"Shell Parasite","floor":18.0,"turns":3.0},{"damage":0.0,"enemies":"Spheric Guardian","floor":20.0,"turns":1.0},{"damage":10.0,"enemies":"Snecko","floor":21.0,"turns":4.0},{"damage":9.0,"enemies":"Slavers","floor":24.0,"turns":4.0},{"damage":1.0,"enemies":"3 Cultists","floor":27.0,"turns":4.0},{"damage":20.0,"enemies":"Snake Plant","floor":28.0,"turns":3.0},{"damage":0.0,"enemies":"Cultist and Chosen","floor":29.0,"turns":3.0},{"damage":0.0,"enemies":"Gremlin Leader","floor":31.0,"turns":6.0},{"damage":85.0,"enemies":"Collector","floor":33.0,"turns":12.0},{"damage":43.0,"enemies":"3 Darklings","floor":35.0,"turns":6.0},{"damage":7.0,"enemies":"3 Shapes","floor":36.0,"turns":3.0},{"damage":23.0,"enemies":"Writhing Mass","floor":39.0,"turns":6.0},{"damage":47,"enemies":"Giant Head","floor":40,"turns":6}],"seed_played":"-5478799951319087812","potions_obtained":[{"floor":1.0,"key":"Ancient Potion"},{"floor":3.0,"key":"Explosive Potion"},{"floor":6.0,"key":"Ancient Potion"},{"floor":7.0,"key":"LiquidMemories"},{"floor":14.0,"key":"FearPotion"},{"floor":18.0,"key":"Explosive Potion"},{"floor":27.0,"key":"LiquidBronze"},{"floor":31.0,"key":"Energy Potion"},{"floor":35.0,"key":"AttackPotion"}],"is_trial":false,"path_per_floor":["M","?","M","M","M","E","M","R","T","R","?","E","M","M","R","B",null,"M","?","M","M","AVR","R","E","$","T","M","M","M","R","E","R","B",null,"M","M","$","?","M","E"],"character_chosen":"DEFECT","items_purchased":["Gremlin Horn","Sunder+1","HandDrill","Matryoshka"],"campfire_rested":1,"item_purchase_floors":[25,25,37,37],"current_hp_per_floor":[67,67,60,60,44,39,38,62,62,62,62,42,45,51,51,34,70,70,70,77,74,74,74,75,75,81,88,78,88,88,88,88,13,75,42,45,45,45,32,0,0],"gold":94,"neow_bonus":"ONE_RARE_RELIC","is_daily":false,"chose_seed":false,"campfire_upgraded":5,"win_rate":0.0,"timestamp":1608155493,"path_taken":["M","?","M","M","M","E","M","R","T","R","?","E","?","M","R","BOSS","M","?","M","M","AVR","R","E","$","T","M","M","M","R","E","R","BOSS","M","?","$","?","M","E"],"items_purchased_type":["Relic","Card","Relic","Relic"],"build_version":"2020-12-13","purchased_purges":2,"victory":false,"max_hp_per_floor":[75,75,75,75,75,82,82,82,82,82,82,82,82,82,82,82,82,82,82,82,82,82,82,82,82,88,88,88,88,88,88,88,88,94,94,94,94,94,94,94,94],"card_choices":[{"not_picked":["Compile Driver","Stack"],"picked":"Sweeping Beam","floor":1.0},{"not_picked":["Beam Cell","Compile Driver"],"picked":"Rebound","floor":3.0},{"not_picked":["Beam Cell","Sweeping Beam"],"picked":"Genetic Algorithm","floor":4.0},{"not_picked":["Biased Cognition","Conserve Battery"],"picked":"Sunder","floor":5.0},{"not_picked":["Sweeping Beam","Redo"],"picked":"Melter","floor":6.0},{"not_picked":["Leap","Skim"],"picked":"Auto Shields","floor":7.0},{"not_picked":["infinitespire:Oblivion","infinitespire:NeuralNetwork"],"picked":"infinitespire:Collect","floor":11.0},{"not_picked":["Force Field","Fusion"],"picked":"Self Repair","floor":12.0},{"not_picked":["Melter","Stack"],"picked":"Core Surge","floor":13.0},{"not_picked":["Aggregate","Genetic Algorithm"],"picked":"Conserve Battery","floor":14.0},{"not_picked":["Multi-Cast","Biased Cognition"],"picked":"Reboot","floor":16.0},{"not_picked":["Sweeping Beam","Steam","Compile Driver"],"picked":"SKIP","floor":18.0},{"not_picked":["Ball Lightning","Leap"],"picked":"Consume+1","floor":20.0},{"not_picked":["Steam+1","Hologram"],"picked":"FTL","floor":21.0},{"not_picked":["Auto Shields","Heatsinks","Chill"],"picked":"SKIP","floor":24.0},{"not_picked":["Leap","Rebound+1","Redo"],"picked":"SKIP","floor":27.0},{"not_picked":["Compile Driver+1","Glacier+1"],"picked":"Beam Cell+1","floor":28.0},{"not_picked":["Auto Shields","Gash+1","Tempest"],"picked":"SKIP","floor":29.0},{"not_picked":["Meteor Strike+1","BootSequence","Undo"],"picked":"SKIP","floor":31.0},{"not_picked":["Multi-Cast","Meteor Strike+1"],"picked":"Core Surge+1","floor":33.0},{"not_picked":["Hologram","Stack"],"picked":"Defragment+1","floor":35.0},{"not_picked":["Heatsinks+1","Redo+1"],"picked":"Loop+1","floor":36.0},{"not_picked":["Turbo","Rebound+1"],"picked":"Ball Lightning+1","floor":39.0}],"player_experience":1016538,"relics_obtained":[{"floor":6.0,"key":"Strawberry"},{"floor":9.0,"key":"Sundial"},{"floor":12.0,"key":"Ornamental Fan"},{"floor":24.0,"key":"Darkstone Periapt"},{"floor":26.0,"key":"Kunai"},{"floor":31.0,"key":"The Courier"},{"floor":34.0,"key":"infinitespire:Beetle Shell"},{"floor":34.0,"key":"Frozen Egg 2"},{"floor":34.0,"key":"StoneCalendar"}],"event_choices":[{"damage_healed":0.0,"max_hp_gain":0.0,"max_hp_loss":0.0,"gold_gain":0.0,"event_name":"Living Wall","player_choice":"Grow","floor":2.0,"gold_loss":0.0,"damage_taken":0.0,"cards_upgraded":["Zap"]},{"damage_healed":0.0,"max_hp_gain":0.0,"max_hp_loss":0.0,"gold_gain":0.0,"event_name":"FaceTrader","player_choice":"Trade","floor":19.0,"gold_loss":0.0,"damage_taken":0.0,"relics_obtained":["SsserpentHead"]},{"cards_removed":["Strike_B"],"damage_healed":0.0,"max_hp_gain":0.0,"max_hp_loss":0.0,"gold_gain":0.0,"event_name":"Bonfire Elementals","player_choice":"Offered Basic","floor":38.0,"gold_loss":0.0,"damage_taken":0.0}],"is_beta":false,"boss_relics":[{"not_picked":["Coffee Dripper","Pandora\u0027s Box"],"picked":"Cursed Key"},{"not_picked":["Velvet Choker","Runic Pyramid"],"picked":"Calling Bell"}],"items_purged_floors":[22,37],"is_endless":false,"potions_floor_spawned":[1,3,6,7,14,18,20,27,31,35],"killed_by":"Giant Head","ascension_level":12}}