{"host":"ya062ahhhuj9au1o","time":1608087775,"event":{"mods":["BaseMod","Better Third Choice","Filter the Spire","Hermit","Minty Spire (QoL Compilation)","Random Character Button","Robot Space Explorer","Somnambulant","StSLib","The Bug Knight","The Cursed","The Servant 0.9.4"],"gold_per_floor":[115,129,149,163,163,190,190,222,222,222,222,248,262,187,187,286,336,353,370,388,404,404,404,404],"floor_reached":23,"playtime":1576,"items_purged":["RobotSpaceExplorer:Defend"],"score":277,"play_id":"d4d7fb5a-1f49-43f3-a7aa-0cb1a75423f5","local_time":"20201215220255","is_ascension_mode":true,"campfire_choices":[{"floor":7,"key":"REST"},{"floor":10,"key":"REST"},{"data":"RobotSpaceExplorer:PowerGlove","floor":15,"key":"SMITH"}],"circlet_count":0,"master_deck":["RobotSpaceExplorer:Strike","RobotSpaceExplorer:Strike","RobotSpaceExplorer:Strike+1","RobotSpaceExplorer:Strike","RobotSpaceExplorer:Defend","RobotSpaceExplorer:Scan","RobotSpaceExplorer:MiniLasers","RobotSpaceExplorer:ShovelStrike","RobotSpaceExplorer:MetalStrike","RobotSpaceExplorer:PowerGlove","RobotSpaceExplorer:MiniDrones","RobotSpaceExplorer:FranticSearch","RobotSpaceExplorer:ImprovisedAttack","RobotSpaceExplorer:Probe","RobotSpaceExplorer:SurgingStrike","RobotSpaceExplorer:ExhaustFan","RobotSpaceExplorer:PowerGlove+1","RobotSpaceExplorer:PowerGlove","RobotSpaceExplorer:ScrapMissile","RobotSpaceExplorer:ScrapMissile"],"relics":["Sozu","Dream Catcher","RobotSpaceExplorer:BottledGravity","Pocketwatch","InkBottle","Singing Bowl","Tiny House"],"acts_visited":["Exordium","TheCity"],"potions_floor_usage":[],"damage_taken":[{"damage":0,"enemies":"Cultist","floor":1,"turns":3},{"damage":0,"enemies":"Jaw Worm","floor":2,"turns":3},{"damage":0,"enemies":"Small Slimes","floor":3,"turns":3},{"damage":7,"enemies":"Gremlin Gang","floor":4,"turns":5},{"damage":27,"enemies":"Gremlin Nob","floor":6,"turns":5},{"damage":10,"enemies":"Lagavulin","floor":8,"turns":6},{"damage":2,"enemies":"3 Sentries","floor":12,"turns":3},{"damage":4,"enemies":"Red Slaver","floor":13,"turns":2},{"damage":6,"enemies":"Hexaghost","floor":16,"turns":5},{"damage":0,"enemies":"Chosen","floor":18,"turns":3},{"damage":20,"enemies":"2 Thieves","floor":19,"turns":3},{"damage":13,"enemies":"Snake Plant","floor":20,"turns":3},{"damage":7,"enemies":"Shelled Parasite and Fungi","floor":21,"turns":2},{"damage":45,"enemies":"Slavers","floor":23,"turns":2}],"seed_played":"7907623549849384512","potions_obtained":[],"is_trial":false,"path_per_floor":["M","M","M","M","?","E","R","E","T","R","?","E","M","$","R","B",null,"M","M","M","M","?","E"],"character_chosen":"RobotSpaceExplorer","items_purchased":[],"campfire_rested":2,"item_purchase_floors":[],"current_hp_per_floor":[68,68,68,61,49,22,44,34,34,56,56,54,50,50,50,46,74,74,54,43,38,38,0,0],"gold":404,"neow_bonus":"BOSS_RELIC","is_daily":false,"chose_seed":false,"campfire_upgraded":1,"win_rate":0.0,"timestamp":1608087775,"path_taken":["M","?","M","M","?","E","R","E","T","R","?","E","M","$","R","BOSS","M","?","M","M","?","E"],"items_purchased_type":[],"build_version":"2020-12-13","purchased_purges":1,"victory":false,"max_hp_per_floor":[75,75,75,75,75,75,75,75,75,75,75,75,75,75,75,77,82,82,82,84,86,86,86,86],"card_choices":[{"not_picked":["RobotSpaceExplorer:FrostMissile","RobotSpaceExplorer:SlimeMissile"],"picked":"RobotSpaceExplorer:ShovelStrike","floor":1},{"not_picked":["RobotSpaceExplorer:GlueShot","RobotSpaceExplorer:Probe"],"picked":"RobotSpaceExplorer:MetalStrike","floor":2},{"not_picked":["RobotSpaceExplorer:GlueShot","RobotSpaceExplorer:SlimeMissile"],"picked":"RobotSpaceExplorer:PowerGlove","floor":3},{"not_picked":["RobotSpaceExplorer:ScrapMissile","RobotSpaceExplorer:GlueShot"],"picked":"RobotSpaceExplorer:MiniDrones","floor":4},{"not_picked":["RobotSpaceExplorer:FrostMissile","RobotSpaceExplorer:GlueShot"],"picked":"RobotSpaceExplorer:FranticSearch","floor":6},{"not_picked":["RobotSpaceExplorer:BigMissile","RobotSpaceExplorer:Ammunition"],"picked":"RobotSpaceExplorer:ImprovisedAttack","floor":7},{"not_picked":["RobotSpaceExplorer:GearShield","RobotSpaceExplorer:Ammunition"],"picked":"RobotSpaceExplorer:Probe","floor":8},{"not_picked":["RobotSpaceExplorer:Pulsar","RobotSpaceExplorer:DoubleBlock"],"picked":"RobotSpaceExplorer:SurgingStrike","floor":10},{"not_picked":["RobotSpaceExplorer:ScrapToss","RobotSpaceExplorer:GlueSpray"],"picked":"RobotSpaceExplorer:ExhaustFan","floor":12},{"not_picked":["RobotSpaceExplorer:TurboDodge","RobotSpaceExplorer:Probe"],"picked":"RobotSpaceExplorer:PowerGlove","floor":13},{"not_picked":["RobotSpaceExplorer:Autoloader","RobotSpaceExplorer:TrailblazerForm","RobotSpaceExplorer:ChargingLaser"],"picked":"Singing Bowl","floor":16},{"not_picked":["RobotSpaceExplorer:ImprovisedAttack","RobotSpaceExplorer:ScrapMissile"],"picked":"RobotSpaceExplorer:PowerGlove","floor":17},{"not_picked":["RobotSpaceExplorer:MakeshiftVolley","RobotSpaceExplorer:MetalStrike"],"picked":"RobotSpaceExplorer:ScrapMissile","floor":18},{"not_picked":["RobotSpaceExplorer:Probe","RobotSpaceExplorer:ShovelStrike"],"picked":"RobotSpaceExplorer:ScrapMissile","floor":19},{"not_picked":["RobotSpaceExplorer:SelfCleaning","RobotSpaceExplorer:LaserBurst","RobotSpaceExplorer:ImprovisedAttack"],"picked":"Singing Bowl","floor":20},{"not_picked":["RobotSpaceExplorer:SlimeMissile+1","RobotSpaceExplorer:Pulsar+1","RobotSpaceExplorer:SurgingShield"],"picked":"Singing Bowl","floor":21}],"player_experience":1630901,"relics_obtained":[{"floor":6,"key":"RobotSpaceExplorer:BottledGravity"},{"floor":8,"key":"Pocketwatch"},{"floor":9,"key":"InkBottle"},{"floor":12,"key":"Singing Bowl"}],"event_choices":[{"damage_healed":0,"gold_gain":0,"player_choice":"Relic ","damage_taken":12,"max_hp_gain":0,"max_hp_loss":0,"event_name":"betterThird:BetterScrap","floor":5,"gold_loss":0,"cards_obtained":["Footwork"]},{"cards_removed":["RobotSpaceExplorer:Defend"],"damage_healed":0,"gold_gain":0,"player_choice":"Offered Basic","damage_taken":0,"max_hp_gain":0,"max_hp_loss":0,"event_name":"Bonfire Elementals","floor":11,"gold_loss":0},{"cards_removed":["RobotSpaceExplorer:Defend"],"damage_healed":0,"gold_gain":0,"player_choice":"Card Removal","damage_taken":0,"max_hp_gain":0,"max_hp_loss":0,"event_name":"Wheel of Change","floor":22,"gold_loss":0}],"is_beta":false,"boss_relics":[{"not_picked":["Calling Bell","Coffee Dripper"],"picked":"Tiny House"}],"items_purged_floors":[14],"is_endless":false,"potions_floor_spawned":[2,3,8,13,16,19],"killed_by":"Slavers","ascension_level":6}}