{"host":"5uvzo7moqy5vd63g","time":1608141132,"event":{"mods":["Aspiration","BaseMod","Conspire","Dio Mod","Downfall","Hermit","Hubris","Jedi Mod","Jorbs\u0027s Wanderer Trilogy","Mimic Mod","Minty Spire (QoL Compilation)","Replay The Spire","StSLib","The Animator","Wandering Minibosses"],"gold_per_floor":[122,122,139,139,156,156,190,206,229,256,291,291,56,67,67,67,67],"floor_reached":16,"playtime":1165,"items_purged":[],"score":171,"play_id":"494fd39e-a5c7-403e-9505-8a384811ed5a","local_time":"20201216125212","is_ascension_mode":true,"campfire_choices":[{"data":"animator:TsurugaMeisai","floor":6,"key":"SMITH"},{"floor":12,"key":"REST"},{"floor":15,"key":"RECALL"}],"circlet_count":0,"master_deck":["animator:Strike_Katanagatari","animator:Defend_Katanagatari","animator:Strike","animator:Strike","animator:Strike","animator:Defend","animator:Defend","animator:Defend","animator:Azekura","animator:Emonzaemon","animator:TsurugaMeisai+1","animator:Fredrika+1","animator:CrowleyEusford","animator:Nanami","animator:Father","animator:ZankiKiguchi","animator:Shimakaze","animator:Hitei"],"relics":["animator:LivingPicture","animator:TheMissingPiece","animator:PurgingStone","hubris:SlimyHat","animator:Buoy","Tiny Chest","MealTicket","Orichalcum","Lantern"],"acts_visited":["Exordium"],"potions_floor_usage":[7,11],"damage_taken":[{"damage":14,"enemies":"Jaw Worm","floor":1,"turns":5},{"damage":4,"enemies":"2 Louse","floor":3,"turns":6},{"damage":0,"enemies":"Cultist","floor":5,"turns":5},{"damage":20,"enemies":"Gremlin Nob","floor":7,"turns":4},{"damage":18,"enemies":"Blue Slaver","floor":8,"turns":5},{"damage":3,"enemies":"Large Slime","floor":10,"turns":11},{"damage":0,"enemies":"Lagavulin","floor":11,"turns":7},{"damage":0,"enemies":"Gremlin Gang","floor":14,"turns":4},{"damage":0,"enemies":"Slime Boss","floor":16,"turns":1}],"seed_played":"-6799495802639017437","potions_obtained":[{"floor":1,"key":"AttackPotion"},{"floor":5,"key":"AttackPotion"},{"floor":10,"key":"SpeedPotion"},{"floor":11,"key":"AttackPotion"}],"is_trial":false,"path_per_floor":["M","?","M","?","M","R","E","M","T","M","E","R","$","M","R","B"],"character_chosen":"THE_ANIMATOR","items_purchased":["animator:Shimakaze","Lantern"],"campfire_rested":1,"item_purchase_floors":[13,13],"current_hp_per_floor":[52,49,45,45,45,45,26,8,8,5,5,25,40,41,41,41,41],"gold":67,"neow_bonus":"RANDOM_COMMON_RELIC","is_daily":false,"chose_seed":false,"campfire_upgraded":1,"win_rate":0.0,"timestamp":1608141132,"path_taken":["M","?","M","?","?","R","E","M","T","M","E","R","$","M","R","BOSS"],"items_purchased_type":["Card","Relic"],"build_version":"2020-12-13","purchased_purges":0,"victory":false,"max_hp_per_floor":[66,66,66,66,66,66,67,67,67,67,67,67,67,68,68,68,68],"card_choices":[{"not_picked":["animator:ElricAlphonse","animator:Hitei"],"picked":"animator:TsurugaMeisai","floor":1},{"not_picked":["animator:CowGirl","animator:Rena"],"picked":"animator:YuiTsuruno","floor":3},{"not_picked":["animator:RoyMustang","animator:Arpeggio"],"picked":"animator:CrowleyEusford","floor":5},{"not_picked":["animator:Hitei","animator:ZankiKiguchi"],"picked":"animator:Nanami","floor":7},{"not_picked":["animator:DwarfShaman","animator:Shigure"],"picked":"animator:Father","floor":8},{"not_picked":["animator:Aisha","animator:TsurugaMeisai"],"picked":"animator:ZankiKiguchi","floor":10},{"not_picked":["animator:Sebas","animator:Shigure","animator:AcuraAkari"],"picked":"SKIP","floor":11},{"not_picked":["animator:ZankiKiguchi","animator:Emonzaemon"],"picked":"animator:Hitei","floor":14}],"player_experience":1348260,"relics_obtained":[{"floor":7,"key":"Tiny Chest"},{"floor":9,"key":"MealTicket"},{"floor":11,"key":"Orichalcum"}],"event_choices":[{"damage_healed":0,"gold_gain":0,"player_choice":"Success","damage_taken":3,"relics_obtained":["animator:Buoy"],"max_hp_gain":0,"max_hp_loss":0,"event_name":"Scrap Ooze","floor":2,"gold_loss":0}],"is_beta":false,"boss_relics":[],"items_purged_floors":[],"is_endless":false,"potions_floor_spawned":[1,5,10,11],"killed_by":"Slime Boss","ascension_level":5}}