{"host":"jgqxb38yl0c1w101","time":1608148952,"event":{"mods":["2.2 Compatiblity","AchievementEnabler","BaseMod","Colored Map","Downfall","Hubris","Minty Spire (QoL Compilation)","Replay The Spire","StSLib"],"gold_per_floor":[99,124,138,163,163,178,178,178,212,212,228,244,261,274,288,390,390,390],"floor_reached":17,"playtime":4891,"items_purged":[],"score":206,"play_id":"da1f0aad-63ca-498f-9cf8-3ca27fa69bec","local_time":"20201216150232","is_ascension_mode":true,"campfire_choices":[{"data":"champ:IgnorePain","floor":1.0,"key":"SMITH"},{"floor":5.0,"key":"REST"},{"data":"champ:Taunt","floor":8.0,"key":"SMITH"},{"data":"champ:AdrenalArmor","floor":10.0,"key":"SMITH"}],"circlet_count":0,"master_deck":["champ:Strike","champ:Strike","champ:Strike","champ:Strike","champ:Defend","champ:Defend","champ:Defend","champ:Defend","champ:Execute","champ:Taunt+1","champ:IgnorePain+1","champ:EnragedBash","champ:RageSigil","champ:AdrenalArmor+1","champ:FaceSlap","champ:MurderStrike","champ:GutPunch","champ:FocusedBerserking","champ:BringItOn","champ:Encircle","champ:CheapShot"],"relics":["champ:ChampionCrown","The Courier","Dream Catcher","ReplayFunnel","Replay:Bottled Snecko","hubris:VirtuousBlindfold"],"acts_visited":["Exordium","TheCity"],"potions_floor_usage":[],"damage_taken":[{"damage":57.0,"enemies":"Gremlin Nob","floor":2.0,"turns":6.0},{"damage":10.0,"enemies":"2 Louse","floor":3.0,"turns":3.0},{"damage":31.0,"enemies":"Replay:BlueRogue","floor":4.0,"turns":7.0},{"damage":22.0,"enemies":"Jaw Worm","floor":6.0,"turns":5.0},{"damage":34.0,"enemies":"Lagavulin","floor":9.0,"turns":7.0},{"damage":19.0,"enemies":"Cultist","floor":11.0,"turns":3.0},{"damage":7.0,"enemies":"Red Slaver","floor":12.0,"turns":4.0},{"damage":34.0,"enemies":"Gremlin Gang","floor":13.0,"turns":5.0},{"damage":21,"enemies":"3 Louse","floor":14,"turns":3},{"damage":25,"enemies":"Large Slime","floor":15,"turns":5},{"damage":65,"enemies":"downfall:Watcher","floor":16,"turns":10}],"seed_played":"2406055721577375681","potions_obtained":[{"floor":2.0,"key":"Toxic Potion"},{"floor":4.0,"key":"Weak Potion"},{"floor":6.0,"key":"FairyPotion"},{"floor":12.0,"key":"Milkshake"}],"is_trial":false,"path_per_floor":["R","E","M","E","R","M","T","R","E","R","M","M","M","M","M","B",null],"character_chosen":"THE_CHAMP","items_purchased":[],"campfire_rested":1,"item_purchase_floors":[],"current_hp_per_floor":[90,46,43,24,51,48,48,48,40,40,40,35,38,24,7,22,90,90],"gold":390,"neow_bonus":"ONE_RANDOM_RARE_CARD","is_daily":false,"chose_seed":false,"campfire_upgraded":3,"win_rate":0.0,"timestamp":1608148952,"path_taken":["R","E","M","E","R","M","T","R","E","R","M","M","M","M","M","BOSS"],"items_purchased_type":[],"build_version":"2020-12-13","purchased_purges":0,"victory":false,"max_hp_per_floor":[90,90,90,90,90,90,90,90,90,90,90,90,90,90,90,90,90,90],"card_choices":[{"not_picked":["champ:BringItOn","champ:RapidStrikes"],"picked":"champ:EnragedBash","floor":2.0},{"not_picked":["champ:StanceDance","champ:Circumvent"],"picked":"champ:RageSigil","floor":3.0},{"not_picked":["champ:DeathBlow","champ:ArenaPreparation"],"picked":"champ:AdrenalArmor","floor":4.0},{"not_picked":["champ:CrookedStrike","champ:Control"],"picked":"champ:FaceSlap","floor":5.0},{"not_picked":["champ:Haymaker","champ:ShieldSigil"],"picked":"champ:MurderStrike","floor":6.0},{"not_picked":["champ:TornadoPunch","champ:GladiatorsShout","champ:CrookedStrike"],"picked":"SKIP","floor":9.0},{"not_picked":["champ:Riposte","champ:CrookedStrike"],"picked":"champ:GutPunch","floor":11.0},{"not_picked":["champ:PreciseThrust","champ:GutPunch"],"picked":"champ:FocusedBerserking","floor":12.0},{"not_picked":["champ:CrookedStrike","champ:GladiatorsShout"],"picked":"champ:BringItOn","floor":13.0},{"not_picked":["champ:GladiatorStyle","champ:Haymaker","champ:Circumvent"],"picked":"SKIP","floor":14},{"not_picked":["champ:Duel","champ:Haymaker"],"picked":"champ:Encircle","floor":15},{"not_picked":["champ:HeavySlash","champ:LastStand"],"picked":"champ:CheapShot","floor":16}],"player_experience":71767,"relics_obtained":[{"floor":2.0,"key":"The Courier"},{"floor":4.0,"key":"Dream Catcher"},{"floor":7.0,"key":"ReplayFunnel"},{"floor":9.0,"key":"Replay:Bottled Snecko"}],"event_choices":[],"is_beta":false,"boss_relics":[{"not_picked":["Empty Cage","Painkiller Herb"],"picked":"hubris:VirtuousBlindfold"}],"items_purged_floors":[],"is_endless":false,"potions_floor_spawned":[2,4,6,12,14],"ascension_level":3}}