{"host":"k4e6oxvdzzmkrew5","time":1608145581,"event":{"mods":["AchievementEnabler","BaseMod","BetterRewards","Clawfect","Colored Map","Custom Start","Highlight Path","Minty Spire (QoL Compilation)","Permanent Neow","Remove Card Discount Mod","Shop Mod","StSLib","Unceasing Turn Reminder"],"gold_per_floor":[421,433,445,470,502,549,549],"floor_reached":6,"playtime":898,"items_purged":[],"score":175,"play_id":"b4bc6d0e-65a9-4c38-8d29-4fe3d2188956","local_time":"20201216130621","is_ascension_mode":true,"campfire_choices":[],"circlet_count":0,"master_deck":["Apotheosis+1","Noxious Fumes","Noxious Fumes","Clawfect:ClawLightning+1","Clawfect:ClawLightning","Clawfect:ClawSnap+1","Clawfect:ClawSnap","Capacitor","Capacitor","Defragment","Defragment","Echo Form","Echo Form","Electrodynamics+1","Electrodynamics","Self Repair","Self Repair","Loop","Loop","Amplify","Amplify","Apotheosis+1","Lockon+1","Storm+1"],"relics":["Clawfect:DRClaw","DataDisk","Bottled Flame","Bottled Tornado","Bottled Lightning","Nuclear Battery","Mummified Hand","Philosopher\u0027s Stone","Pen Nib","Unceasing Top","WristBlade","Whetstone","War Paint","Vajra","TwistedFunnel","Turnip","TungstenRod","Toxic Egg 2","Torii","Thread and Needle","The Specimen","The Courier","Boot","Symbiotic Virus","Sundial","Strawberry","Snake Skull","Sling","SlaversCollar","Singing Bowl","Shuriken","Shovel","SacredBark","Runic Dome","Runic Capacitor","Ring of the Snake","Regal Pillow","Red Skull","PreservedInsect","Potion Belt","Pear","Paper Frog","Paper Crane","Pantograph","Ornamental Fan","Orichalcum","OrangePellets","Omamori","Old Coin","Oddly Smooth Stone","Nunchaku","Ninja Scroll","Molten Egg 2","Mercury Hourglass","Membership Card","Medical Kit","Meat on the Bone","MealTicket","Matryoshka","Mango","Magic Flower","Lizard Tail","Letter Opener","Lee\u0027s Waffle","Lantern","Kunai","Inserter","Incense Burner","Ice Cream","HornCleat","Happy Flower","HandDrill","Gremlin Horn","Cables","Girya","Ginger","Gambling Chip","Frozen Eye","Frozen Egg 2","FossilizedHelix","Eternal Feather","Empty Cage","Emotion Chip","DollysMirror","Cracked Core","ClockworkSouvenir","Chemical X","Champion Belt","CaptainsWheel","Calling Bell","MawBank","Blue Candle","Calipers","Bag of Preparation","Bag of Marbles"],"acts_visited":["Exordium"],"potions_floor_usage":[],"damage_taken":[{"damage":0,"enemies":"Jaw Worm","floor":1,"turns":1},{"damage":0,"enemies":"Cultist","floor":4,"turns":1},{"damage":0,"enemies":"2 Louse","floor":5,"turns":1},{"damage":0,"enemies":"3 Sentries","floor":6,"turns":1}],"seed_played":"4634527226611466880","potions_obtained":[{"floor":5,"key":"AttackPotion"},{"floor":6,"key":"Dexterity Potion"}],"is_trial":true,"path_per_floor":["M","?","?","M","M","E"],"character_chosen":"DEFECT","items_purchased":[],"campfire_rested":0,"item_purchase_floors":[],"current_hp_per_floor":[113,113,113,115,115,115,115],"gold":549,"neow_bonus":"","is_daily":false,"chose_seed":false,"campfire_upgraded":0,"win_rate":0.0,"timestamp":1608145581,"path_taken":["M","?","?","M","M","E"],"items_purchased_type":[],"build_version":"2020-12-13","purchased_purges":0,"victory":false,"max_hp_per_floor":[113,113,113,115,115,115,115],"card_choices":[{"not_picked":["Gash+1","Clawfect:ClawingBeam+1"],"picked":"Lockon+1","floor":1},{"not_picked":["Clawfect:Clawrage+1","Clawfect:ScrapingClaw+1","Coolheaded+1"],"picked":"Singing Bowl","floor":4},{"not_picked":["Clawfect:ClawLightning+1","Chaos+1"],"picked":"Storm+1","floor":5},{"not_picked":["Turbo+1","FTL+1","Fission+1"],"picked":"SKIP","floor":6}],"player_experience":135322,"relics_obtained":[{"floor":0,"key":"MawBank"},{"floor":0,"key":"Blue Candle"},{"floor":0,"key":"Calipers"},{"floor":6,"key":"Bag of Marbles"}],"event_choices":[{"damage_healed":0,"gold_gain":0,"player_choice":"Box","damage_taken":0,"relics_obtained":["Bag of Preparation"],"max_hp_gain":0,"max_hp_loss":0,"event_name":"Big Fish","floor":2,"gold_loss":0,"cards_obtained":["Regret"]},{"damage_healed":0,"gold_gain":0,"player_choice":"Forge","damage_taken":0,"max_hp_gain":0,"max_hp_loss":0,"event_name":"Accursed Blacksmith","floor":3,"gold_loss":0,"cards_upgraded":["Electrodynamics"]}],"is_beta":false,"boss_relics":[],"items_purged_floors":[],"is_endless":false,"potions_floor_spawned":[5,6],"killed_by":"3 Sentries","ascension_level":1}}