{"host":"d9m9v0h6vo0edadb","time":1608117441,"event":{"mods":["BaseMod","Hermit","Keyboard Shortcuts","Minty Spire (QoL Compilation)","StSLib","SuperFastMode","The Cursed"],"gold_per_floor":[114,114,130,149,149,149,183,183,257,257,272,293,61,104,104,104,104],"floor_reached":16,"playtime":315,"items_purged":["Strike_B"],"score":215,"play_id":"7fc6b3bd-e827-4e3e-832e-08edae4e1280","local_time":"20201216201721","is_ascension_mode":true,"campfire_choices":[{"data":"Dualcast","floor":6.0,"key":"SMITH"},{"data":"Coolheaded","floor":8.0,"key":"SMITH"},{"data":"Skim","floor":10.0,"key":"SMITH"},{"data":"Consume","floor":15.0,"key":"SMITH"}],"circlet_count":0,"master_deck":["AscendersBane","Strike_B","Strike_B","Defend_B","Defend_B","Defend_B","Defend_B","Zap","Dualcast+1","Leap","Gash","Skim+1","Glacier","Coolheaded+1","Capacitor","Consume+1"],"relics":["Cracked Core","Golden Idol","Mercury Hourglass","Gambling Chip","ClockworkSouvenir","Girya"],"acts_visited":["Exordium"],"potions_floor_usage":[],"damage_taken":[{"damage":8.0,"enemies":"Jaw Worm","floor":1.0,"turns":6.0},{"damage":0.0,"enemies":"Cultist","floor":3.0,"turns":3.0},{"damage":1.0,"enemies":"2 Louse","floor":4.0,"turns":3.0},{"damage":14.0,"enemies":"3 Sentries","floor":7.0,"turns":7.0},{"damage":0.0,"enemies":"Large Slime","floor":11.0,"turns":7.0},{"damage":0.0,"enemies":"Blue Slaver","floor":12.0,"turns":4.0},{"damage":14.0,"enemies":"Lagavulin","floor":14.0,"turns":7.0},{"damage":27,"enemies":"Hexaghost","floor":16,"turns":9}],"seed_played":"8500162009314124628","potions_obtained":[{"floor":1.0,"key":"Energy Potion"},{"floor":3.0,"key":"Ancient Potion"},{"floor":4.0,"key":"Fire Potion"}],"is_trial":false,"path_per_floor":["M","?","M","M","T","R","E","R","T","R","M","M","$","E","R","B"],"character_chosen":"DEFECT","items_purchased":["ClockworkSouvenir"],"campfire_rested":0,"item_purchase_floors":[13],"current_hp_per_floor":[56,56,56,55,55,55,41,41,41,41,41,41,41,27,27,0,0],"gold":104,"neow_bonus":"TRANSFORM_CARD","is_daily":false,"chose_seed":false,"campfire_upgraded":4,"win_rate":0.0,"timestamp":1608117441,"path_taken":["M","?","M","M","?","R","E","R","T","R","M","M","$","E","R","BOSS"],"items_purchased_type":["Relic"],"build_version":"2020-12-13","purchased_purges":1,"victory":false,"max_hp_per_floor":[71,64,64,64,64,64,64,64,64,64,64,64,64,64,64,64,64],"card_choices":[{"not_picked":["Conserve Battery","Compile Driver"],"picked":"Gash","floor":1.0},{"not_picked":["Heatsinks","Auto Shields"],"picked":"Skim","floor":3.0},{"not_picked":["Streamline","White Noise"],"picked":"Glacier","floor":4.0},{"not_picked":["Conserve Battery","White Noise"],"picked":"Coolheaded","floor":7.0},{"not_picked":["Leap","Double Energy","Recycle"],"picked":"SKIP","floor":11.0},{"not_picked":["Genetic Algorithm","Aggregate"],"picked":"Capacitor","floor":12.0},{"not_picked":["Coolheaded","Electrodynamics"],"picked":"Consume","floor":14.0}],"player_experience":937757,"relics_obtained":[{"floor":5.0,"key":"Mercury Hourglass"},{"floor":7.0,"key":"Gambling Chip"},{"floor":14.0,"key":"Girya"}],"event_choices":[{"damage_healed":0.0,"max_hp_gain":0.0,"max_hp_loss":7.0,"gold_gain":0.0,"event_name":"Golden Idol","player_choice":"Lose Max HP","floor":2.0,"gold_loss":0.0,"damage_taken":0.0,"relics_obtained":["Golden Idol"]}],"is_beta":false,"boss_relics":[],"items_purged_floors":[13],"is_endless":false,"potions_floor_spawned":[1,3,4,14],"killed_by":"Hexaghost","ascension_level":19}}