{"host":"kqk8x56jao7nhjrv","time":1608156638,"event":{"mods":["BaseMod","Duelist Mod","Minty Spire (QoL Compilation)","Prisma Mod","READ ME - Guardian Mod","Remilia£®¿Ÿ√◊¿Ú—«£©","StSLib","Td1madao Mod"],"gold_per_floor":[115,115,115,42,53,79,127,157,183,197,226,226,226,257,257,356,356,372,422,448,373,391,436,465,495,495,521,551,15,15,31,31,136,136,152,152,152,169,24,70,105,136,162,18,52,97,122,152,152,172],"floor_reached":51,"playtime":1640,"items_purged":["VampireClaw"],"score":1517,"play_id":"d834b973-10c8-4702-bc11-38476ed4257a","local_time":"20201217061038","daily_mods":["SealedDeck","Vintage","Heirloom","Time Dilation","Flight","DeadlyEvents"],"is_ascension_mode":true,"campfire_choices":[{"data":"FavorOfDestiny","floor":12,"key":"SMITH"},{"data":"MastersStateliness","floor":13,"key":"SMITH"},{"data":"EternalNight","floor":15,"key":"SMITH"},{"data":"QueenOfMidnight","floor":30,"key":"SMITH"},{"data":"Stigmanizer","floor":32,"key":"SMITH"},{"data":"ScarletDevil","floor":49,"key":"SMITH"}],"circlet_count":0,"master_deck":["MillenniumVampire+1","DiffusionOfMisfortune+1","NightDance","ScarletDevil+1","Stigmanizer+1","CharismaGuard","MastersStateliness+1","BloodAndWine","EternalNight+1","ChainGang+1","FavorOfDestiny+1","BloodyCatastrophe+1","QueenOfMidnight+1","ScarletNetherworld+1","LeisurelyOfLord+1","RedNightlessCastle+1","BombardNight+1","Dramatic Entrance+1","HellCatastrophe+1","ScarletNetherworld+1","TransientEternity+1","TwelveNightmare+1","TransientEternity+1"],"relics":["ScarletHat","Lizard Tail","RedBat","Meat on the Bone","Happy Flower","Akabeko","Bag of Marbles","Whetstone","Ancient Tea Set","ScarletDevilRocket","Centennial Puzzle","Ginger","Runic Dome","Strawberry","Frozen Egg 2","Bag of Preparation","Molten Egg 2","Dream Catcher","Oddly Smooth Stone","War Paint","Lantern","Sundial","StoneCalendar","Anchor","Smiling Mask","APieceOfRedMist","Omamori","Art of War","Boot","Vajra","Bottled Tornado","Du-Vu Doll","MawBank","Lee\u0027s Waffle","Potion Belt","Mummified Hand","PreservedInsect","Orichalcum"],"acts_visited":["Exordium","TheCity","TheBeyond"],"potions_floor_usage":[20,27,42],"damage_taken":[{"damage":0,"enemies":"Cultist","floor":1,"turns":2},{"damage":0,"enemies":"Jaw Worm","floor":5,"turns":3},{"damage":0,"enemies":"Lagavulin","floor":6,"turns":4},{"damage":0,"enemies":"3 Sentries","floor":7,"turns":2},{"damage":0,"enemies":"Lagavulin","floor":8,"turns":2},{"damage":0,"enemies":"2 Louse","floor":10,"turns":1},{"damage":0,"enemies":"Gremlin Nob","floor":11,"turns":1},{"damage":0,"enemies":"Lagavulin","floor":14,"turns":1},{"damage":22,"enemies":"The Guardian","floor":16,"turns":3},{"damage":0,"enemies":"Shell Parasite","floor":18,"turns":1},{"damage":6,"enemies":"Book of Stabbing","floor":20,"turns":3},{"damage":0,"enemies":"2 Thieves","floor":22,"turns":1},{"damage":0,"enemies":"Gremlin Leader","floor":23,"turns":2},{"damage":0,"enemies":"theDuelist:KaibaA2","floor":24,"turns":1},{"damage":7,"enemies":"Gremlin Leader","floor":25,"turns":2},{"damage":5,"enemies":"Book of Stabbing","floor":27,"turns":2},{"damage":0,"enemies":"Gremlin Leader","floor":28,"turns":2},{"damage":0,"enemies":"Snake Plant","floor":31,"turns":1},{"damage":4,"enemies":"Automaton","floor":33,"turns":3},{"damage":0,"enemies":"Orb Walker","floor":35,"turns":1},{"damage":8,"enemies":"3 Shapes","floor":38,"turns":1},{"damage":0,"enemies":"Giant Head","floor":40,"turns":3},{"damage":0,"enemies":"Reptomancer","floor":41,"turns":2},{"damage":0,"enemies":"Giant Head","floor":42,"turns":2},{"damage":0,"enemies":"Reptomancer","floor":45,"turns":1},{"damage":2,"enemies":"Nemesis","floor":46,"turns":1},{"damage":11,"enemies":"Reptomancer","floor":47,"turns":3},{"damage":4,"enemies":"Giant Head","floor":48,"turns":2},{"damage":19,"enemies":"Donu and Deca","floor":50,"turns":3}],"seed_played":"882726674702907575","potions_obtained":[{"floor":5,"key":"FairyPotion"},{"floor":8,"key":"Fire Potion"},{"floor":10,"key":"Weak Potion"},{"floor":14,"key":"Fire Potion"},{"floor":38,"key":"DistilledChaos"},{"floor":47,"key":"AttackPotion"}],"is_trial":true,"path_per_floor":["M","T","?","$","M","E","E","E","T","M","E","R","R","E","R","B",null,"M","?","E","$","M","E","E","E","T","E","E","$","R","M","R","B",null,"M","?","?","M","$","E","E","E","T","$","E","E","E","E","R","B",null],"character_chosen":"REMILIA","items_purchased":["ChainGang","StoneCalendar","Anchor","Dramatic Entrance+1","Boot","Lee\u0027s Waffle"],"campfire_rested":0,"item_purchase_floors":[4,29,29,29,39,44],"current_hp_per_floor":[75,75,75,75,75,75,75,75,75,75,75,75,75,75,75,70,75,82,82,78,78,78,82,82,81,81,81,81,81,81,81,81,82,82,82,82,82,74,74,82,82,82,82,89,89,87,81,89,89,87],"gold":172,"neow_bonus":"","is_daily":false,"chose_seed":false,"campfire_upgraded":6,"win_rate":0.0,"timestamp":1608156638,"path_taken":["M","?","?","$","?","E","E","E","T","?","E","R","R","E","R","BOSS","M","?","?","?","?","E","E","E","T","E","E","$","R","M","R","BOSS","M","?","?","?","$","E","E","E","T","$","E","E","E","E","R","BOSS"],"items_purchased_type":["Card","Relic","Relic","Card","Relic","Relic"],"build_version":"2020-12-13","purchased_purges":1,"victory":true,"max_hp_per_floor":[75,75,75,75,75,75,75,75,75,75,75,75,75,75,75,75,75,82,82,82,82,82,82,82,82,82,82,82,82,82,82,82,82,82,82,82,82,82,82,82,82,82,82,89,89,89,89,89,89,89],"card_choices":[{"not_picked":["MastersStateliness","NightLord"],"picked":"FavorOfDestiny","floor":6},{"not_picked":["ScarletDevil","ScarletImprint"],"picked":"BloodyCatastrophe","floor":7},{"not_picked":["Maim","BlasphemousPunishment","BloodHunter"],"picked":"SKIP","floor":8},{"not_picked":["FitfulNightmare","EternalNight","ScarletImprint"],"picked":"SKIP","floor":11},{"not_picked":["FitfulNightmare","EternalNight","ScarletImprint"],"picked":"SKIP","floor":11},{"not_picked":["DiffusionOfMisfortune","ScarletImprint","VampireClaw"],"picked":"SKIP","floor":14},{"not_picked":["HeartBreak","BloodyCatastrophe"],"picked":"QueenOfMidnight","floor":16},{"not_picked":["EternalNight","ScarletDevilSign"],"picked":"ScarletNetherworld+1","floor":20},{"not_picked":["ReincarnationDial","ScarletDevil+1","DevilSight+1"],"picked":"SKIP","floor":23},{"not_picked":["BombardNight+1","ScarletDream"],"picked":"LeisurelyOfLord+1","floor":24},{"not_picked":["ScarletSymphony","VampireSweep+1"],"picked":"RedNightlessCastle+1","floor":25},{"not_picked":["CharismaGuard+1","ForbiddenFruit"],"picked":"BombardNight+1","floor":27},{"not_picked":["ForbiddenFruit","UnstableMagic","BloodyMagicSquare"],"picked":"SKIP","floor":28},{"not_picked":["HeartBreak+1","ScarletMeister+1"],"picked":"HellCatastrophe+1","floor":33},{"not_picked":["BloodHunter+1","CharismaGuard+1"],"picked":"ScarletNetherworld+1","floor":40},{"not_picked":["NightDance+1","ScarletSymphony","GlobalNightmare"],"picked":"SKIP","floor":41},{"not_picked":["FavorOfDestiny+1","BloodyCatastrophe","DiffusionOfMisfortune+1"],"picked":"SKIP","floor":42},{"not_picked":["FavorOfDestiny+1","BloodyCatastrophe","DiffusionOfMisfortune+1"],"picked":"SKIP","floor":42},{"not_picked":["ScarletImprint+1","ScarletSymphony+1"],"picked":"TransientEternity+1","floor":45},{"not_picked":["VampireKiss+1","RedRainbow+1"],"picked":"TwelveNightmare+1","floor":46},{"not_picked":["UnderTheZenith+1","RedRainbow+1","ReincarnationDial"],"picked":"SKIP","floor":47},{"not_picked":["BlasphemousPunishment","VampireKiss+1"],"picked":"TransientEternity+1","floor":48}],"player_experience":402900,"relics_obtained":[{"floor":1,"key":"RedBat"},{"floor":2,"key":"Meat on the Bone"},{"floor":5,"key":"Happy Flower"},{"floor":6,"key":"Akabeko"},{"floor":7,"key":"Bag of Marbles"},{"floor":8,"key":"Whetstone"},{"floor":9,"key":"Ancient Tea Set"},{"floor":10,"key":"ScarletDevilRocket"},{"floor":11,"key":"Centennial Puzzle"},{"floor":14,"key":"Ginger"},{"floor":18,"key":"Strawberry"},{"floor":20,"key":"Frozen Egg 2"},{"floor":22,"key":"Bag of Preparation"},{"floor":23,"key":"Molten Egg 2"},{"floor":24,"key":"Dream Catcher"},{"floor":25,"key":"Oddly Smooth Stone"},{"floor":26,"key":"War Paint"},{"floor":27,"key":"Lantern"},{"floor":28,"key":"Sundial"},{"floor":31,"key":"Smiling Mask"},{"floor":35,"key":"Omamori"},{"floor":38,"key":"Art of War"},{"floor":40,"key":"Vajra"},{"floor":41,"key":"Bottled Tornado"},{"floor":42,"key":"Du-Vu Doll"},{"floor":43,"key":"MawBank"},{"floor":45,"key":"Potion Belt"},{"floor":46,"key":"Mummified Hand"},{"floor":47,"key":"PreservedInsect"},{"floor":48,"key":"Orichalcum"}],"event_choices":[{"damage_healed":0,"gold_gain":0,"player_choice":"Bought 0 Potions","damage_taken":0,"max_hp_gain":0,"max_hp_loss":0,"event_name":"The Woman in Blue","floor":3,"gold_loss":0},{"damage_healed":0,"gold_gain":100,"player_choice":"Bet on Murderer","damage_taken":0,"max_hp_gain":0,"max_hp_loss":0,"event_name":"The Joust","floor":19,"gold_loss":50},{"damage_healed":0,"gold_gain":0,"player_choice":"Ignored","damage_taken":0,"max_hp_gain":0,"max_hp_loss":0,"event_name":"Mysterious Sphere","floor":36,"gold_loss":0},{"damage_healed":21,"gold_gain":0,"player_choice":"Writhe","damage_taken":0,"max_hp_gain":0,"max_hp_loss":0,"event_name":"Winding Halls","floor":37,"gold_loss":0,"cards_obtained":["Writhe"]}],"is_beta":false,"boss_relics":[{"not_picked":["Runic Pyramid","SacredBark"],"picked":"Runic Dome"},{"not_picked":["Fusion Hammer","Empty Cage"],"picked":"APieceOfRedMist"}],"items_purged_floors":[21],"is_endless":false,"potions_floor_spawned":[5,8,10,14,16,18,20,22,28,33,35,38,42,47],"ascension_level":1}}