{"host":"buuozll9zukolitn","time":1608123421,"event":{"mods":["BaseMod","Googly Eyes","Minty Spire (QoL Compilation)","StSLib","everything is the same but u backflip on backflip","slay the spire mod where everything is the same but ironclad has a cowboy hat"],"gold_per_floor":[119,119,84,84,101,101,130,143,143,157,82,99,50,64,64,165,165,183,183,197,197,216,247,258,258,258,274,274,293,293,37,37,37,37],"floor_reached":33,"playtime":1379,"items_purged":["Strike_R"],"score":390,"play_id":"222d4ed3-28fd-4bfb-8f1d-7596c44281d7","local_time":"20201216135701","is_ascension_mode":true,"campfire_choices":[{"data":"Double Tap","floor":6,"key":"SMITH"},{"data":"Armaments","floor":15,"key":"SMITH"},{"floor":25,"key":"REST"},{"floor":32,"key":"REST"}],"circlet_count":0,"master_deck":["Strike_R","Strike_R","Strike_R","Defend_R","Defend_R","Defend_R","Defend_R","Bash","Double Tap+1","Cleave","Clash+1","Dual Wield","Twin Strike+1","Headbutt+1","Cleave+1","Armaments+1","Feed+1","Berserk","Rampage+1","RitualDagger+1","Uppercut+1","Thunderclap+1","Rage+1","Injury","Infernal Blade","Necronomicurse"],"relics":["Burning Blood","Molten Egg 2","Centennial Puzzle","Orichalcum","Cursed Key","MutagenicStrength","Bag of Marbles","CaptainsWheel","Necronomicon","HornCleat","Singing Bowl"],"acts_visited":["Exordium","TheCity"],"potions_floor_usage":[7,20,20,23,24,24,27],"damage_taken":[{"damage":5,"enemies":"Small Slimes","floor":1,"turns":3},{"damage":7,"enemies":"Jaw Worm","floor":5,"turns":3},{"damage":25,"enemies":"3 Sentries","floor":7,"turns":7},{"damage":0,"enemies":"Cultist","floor":8,"turns":1},{"damage":3,"enemies":"2 Fungi Beasts","floor":10,"turns":2},{"damage":8,"enemies":"3 Louse","floor":12,"turns":2},{"damage":1,"enemies":"Looter","floor":14,"turns":2},{"damage":2,"enemies":"Slime Boss","floor":16,"turns":7},{"damage":3,"enemies":"Spheric Guardian","floor":18,"turns":3},{"damage":0,"enemies":"2 Thieves","floor":20,"turns":1},{"damage":19,"enemies":"Snake Plant","floor":22,"turns":3},{"damage":49,"enemies":"Gremlin Leader","floor":23,"turns":8},{"damage":5,"enemies":"Chosen and Byrds","floor":24,"turns":4},{"damage":0,"enemies":"Centurion and Healer","floor":27,"turns":2},{"damage":12,"enemies":"Snecko","floor":29,"turns":4},{"damage":56,"enemies":"Champ","floor":33,"turns":9}],"seed_played":"-8215797286884012439","potions_obtained":[{"floor":5,"key":"Block Potion"},{"floor":7,"key":"Dexterity Potion"},{"floor":12,"key":"GamblersBrew"},{"floor":16,"key":"DuplicationPotion"},{"floor":20,"key":"SpeedPotion"},{"floor":22,"key":"Dexterity Potion"},{"floor":24,"key":"Fire Potion"}],"is_trial":false,"path_per_floor":["M","?","?","?","M","R","E","M","T","M","$","M","$","M","R","B",null,"M","?","M","?","M","E","M","R","T","M","?","M","?","$","R","B"],"character_chosen":"IRONCLAD","items_purchased":["Armaments","Singing Bowl"],"campfire_rested":2,"item_purchase_floors":[13,31],"current_hp_per_floor":[72,54,72,72,71,71,52,58,58,61,61,59,59,64,64,68,71,76,76,80,74,61,18,19,43,43,49,33,27,27,27,51,0,0],"gold":37,"neow_bonus":"THREE_RARE_CARDS","is_daily":false,"chose_seed":false,"campfire_upgraded":2,"win_rate":0.0,"timestamp":1608123421,"path_taken":["M","?","?","?","M","R","E","?","T","M","$","M","$","M","R","BOSS","M","?","M","?","M","E","M","R","T","M","?","M","?","$","R","BOSS"],"items_purchased_type":["Card","Relic"],"build_version":"2020-12-13","purchased_purges":1,"victory":false,"max_hp_per_floor":[72,72,72,72,72,72,72,72,72,72,72,72,72,72,72,72,72,76,76,80,80,80,80,80,80,80,80,80,80,80,80,80,80,80],"card_choices":[{"not_picked":["Feed","Juggernaut"],"picked":"Double Tap","floor":0},{"not_picked":["Shrug It Off","Fire Breathing"],"picked":"Cleave","floor":1},{"not_picked":["Sword Boomerang+1","Headbutt+1"],"picked":"Clash+1","floor":5},{"not_picked":["Headbutt+1","Clothesline+1"],"picked":"Dual Wield","floor":7},{"not_picked":["Reckless Charge+1","Sword Boomerang+1"],"picked":"Twin Strike+1","floor":8},{"not_picked":["Clash+1","Bloodletting"],"picked":"Headbutt+1","floor":10},{"not_picked":["Sword Boomerang+1","Warcry"],"picked":"Cleave+1","floor":12},{"not_picked":["Flex","Cleave+1"],"picked":"Feed+1","floor":14},{"not_picked":["Fiend Fire+1","Bludgeon+1"],"picked":"Berserk","floor":16},{"not_picked":["Seeing Red","Infernal Blade"],"picked":"Rampage+1","floor":18},{"not_picked":["Clash+1","Cleave+1"],"picked":"Evolve","floor":20},{"not_picked":["Armaments","Pommel Strike+1"],"picked":"Uppercut+1","floor":22},{"not_picked":["Pummel+1","Fiend Fire+1"],"picked":"Thunderclap+1","floor":23},{"not_picked":["Warcry","Thunderclap+1"],"picked":"Rage+1","floor":24},{"not_picked":["Anger+1","Disarm+1"],"picked":"Infernal Blade","floor":27},{"not_picked":["Heavy Blade+1","Pommel Strike+1","Twin Strike+1"],"picked":"SKIP","floor":29}],"player_experience":283265,"relics_obtained":[{"floor":7,"key":"Centennial Puzzle"},{"floor":9,"key":"Orichalcum"},{"floor":23,"key":"Bag of Marbles"},{"floor":26,"key":"CaptainsWheel"},{"floor":28,"key":"Necronomicon"}],"event_choices":[{"damage_healed":0,"gold_gain":0,"player_choice":"Success","damage_taken":18,"relics_obtained":["Molten Egg 2"],"max_hp_gain":0,"max_hp_loss":0,"event_name":"Scrap Ooze","floor":2,"gold_loss":0},{"damage_healed":18,"gold_gain":0,"player_choice":"Healed","damage_taken":0,"max_hp_gain":0,"max_hp_loss":0,"event_name":"The Cleric","floor":3,"gold_loss":35},{"cards_removed":["Strike_R"],"damage_healed":0,"gold_gain":0,"player_choice":"Offered Basic","damage_taken":0,"max_hp_gain":0,"max_hp_loss":0,"event_name":"Bonfire Elementals","floor":4,"gold_loss":0},{"damage_healed":0,"gold_gain":0,"player_choice":"Inject Mutagens","damage_taken":0,"relics_obtained":["MutagenicStrength"],"max_hp_gain":0,"max_hp_loss":0,"event_name":"Drug Dealer","floor":19,"gold_loss":0},{"damage_healed":0,"gold_gain":0,"player_choice":"Joined the Cult","damage_taken":6,"max_hp_gain":0,"max_hp_loss":0,"event_name":"Nest","floor":21,"gold_loss":0,"cards_obtained":["RitualDagger"]},{"damage_healed":0,"gold_gain":0,"player_choice":"Obtained Book","damage_taken":16,"max_hp_gain":0,"max_hp_loss":0,"event_name":"Cursed Tome","floor":28,"gold_loss":0},{"cards_removed":["Evolve"],"damage_healed":0,"gold_gain":0,"player_choice":"Gave Card","damage_taken":0,"relics_obtained":["HornCleat"],"max_hp_gain":0,"max_hp_loss":0,"event_name":"WeMeetAgain","floor":30,"gold_loss":0}],"is_beta":false,"boss_relics":[{"not_picked":["Ectoplasm","Pandora\u0027s Box"],"picked":"Cursed Key"}],"items_purged_floors":[11],"is_endless":false,"potions_floor_spawned":[5,7,12,16,20,22,24],"killed_by":"Champ","ascension_level":9}}