{"host":"y56d1fjpgcjsodvy","time":1608114117,"event":{"mods":["BaseMod","Colored Powertips","GifTheSpireLib","Highlight Path","Minty Spire (QoL Compilation)","StSLib","SuperFastMode","everything is the same but u backflip on backflip"],"gold_per_floor":[160,177,188,256,306,341,0,0,0,13,13,31,31,31,31,31,31],"floor_reached":16,"playtime":323,"items_purged":["Strike_R"],"score":200,"play_id":"dd770bef-d906-4b7f-a13a-b255d158d51c","local_time":"20201216192157","is_ascension_mode":true,"campfire_choices":[{"data":"Strike_R","floor":8.0,"key":"PURGE"},{"floor":11,"key":"REST"},{"data":"Strike_R","floor":13,"key":"PURGE"},{"data":"Strike_R","floor":15,"key":"PURGE"}],"circlet_count":0,"master_deck":["AscendersBane","Strike_R","Defend_R","Defend_R","Defend_R+1","Defend_R","Bash","Pommel Strike","Pommel Strike","Wild Strike","Sword Boomerang","Second Wind","Ghostly Armor","Second Wind"],"relics":["Tiny House","Peace Pipe","Sundial","Self Forming Clay"],"acts_visited":["Exordium"],"potions_floor_usage":[10,16],"damage_taken":[{"damage":6.0,"enemies":"Cultist","floor":1.0,"turns":4.0},{"damage":7.0,"enemies":"Small Slimes","floor":2.0,"turns":3.0},{"damage":7.0,"enemies":"Jaw Worm","floor":3.0,"turns":3.0},{"damage":44.0,"enemies":"Lagavulin","floor":6.0,"turns":7.0},{"damage":0,"enemies":"Red Slaver","floor":10,"turns":3},{"damage":1,"enemies":"Looter","floor":12,"turns":4},{"damage":35,"enemies":"The Guardian","floor":16,"turns":8}],"seed_played":"393225123705902329","potions_obtained":[{"floor":0.0,"key":"ElixirPotion"},{"floor":2.0,"key":"PowerPotion"},{"floor":6.0,"key":"Block Potion"},{"floor":12,"key":"Weak Potion"}],"is_trial":false,"path_per_floor":["M","M","M","?","?","E","$","R","T","M","R","M","R","$","R","B"],"character_chosen":"IRONCLAD","items_purchased":["Sundial"],"campfire_rested":1,"item_purchase_floors":[7],"current_hp_per_floor":[67,60,53,53,45,1,1,1,1,1,25,24,24,24,24,0,0],"gold":31,"neow_bonus":"BOSS_RELIC","is_daily":false,"chose_seed":false,"campfire_upgraded":0,"win_rate":0.0,"timestamp":1608114117,"path_taken":["M","?","M","?","?","E","$","R","T","?","R","M","R","$","R","BOSS"],"items_purchased_type":["Relic"],"build_version":"2020-12-13","purchased_purges":1,"victory":false,"max_hp_per_floor":[80,80,80,80,80,80,80,80,80,80,80,80,80,80,80,80,80],"card_choices":[{"not_picked":["Thunderclap","Perfected Strike"],"picked":"Pommel Strike","floor":0.0},{"not_picked":["Cleave","Headbutt"],"picked":"Pommel Strike","floor":1.0},{"not_picked":["Clash","Havoc"],"picked":"Wild Strike","floor":2.0},{"not_picked":["Thunderclap","Corruption"],"picked":"Sword Boomerang","floor":3.0},{"not_picked":["Headbutt","Metallicize"],"picked":"Second Wind","floor":6.0},{"not_picked":["Bloodletting","Cleave"],"picked":"Ghostly Armor","floor":10},{"not_picked":["Warcry","Bloodletting"],"picked":"Second Wind","floor":12}],"player_experience":1169616,"relics_obtained":[{"floor":6.0,"key":"Peace Pipe"},{"floor":9.0,"key":"Self Forming Clay"}],"event_choices":[{"damage_healed":0.0,"max_hp_gain":0.0,"max_hp_loss":0.0,"gold_gain":68.0,"event_name":"Golden Wing","player_choice":"Gained Gold","floor":4.0,"gold_loss":0.0,"damage_taken":0.0},{"damage_healed":0.0,"max_hp_gain":0.0,"max_hp_loss":0.0,"gold_gain":50.0,"event_name":"FaceTrader","player_choice":"Touch","floor":5.0,"gold_loss":0.0,"damage_taken":8.0}],"is_beta":false,"boss_relics":[],"items_purged_floors":[7],"is_endless":false,"potions_floor_spawned":[2,6,12],"killed_by":"The Guardian","ascension_level":20}}