{"host":"fdq5pmhluajjrf8d","time":1608140868,"event":{"mods":["BaseMod","Minty Spire (QoL Compilation)"],"gold_per_floor":[109,109,127,137,137,166,181,181,181,195,195,34,34,48,48,126,126,142,155,70,70,70,70,70,70],"floor_reached":24,"playtime":876,"items_purged":[],"score":382,"play_id":"ec965a57-e926-4ac9-8253-a57930a7b9fe","local_time":"20201216124748","is_ascension_mode":true,"campfire_choices":[{"data":"Defragment","floor":8.0,"key":"SMITH"},{"floor":13.0,"key":"REST"},{"data":"Darkness","floor":15.0,"key":"SMITH"},{"floor":23,"key":"REST"}],"circlet_count":0,"master_deck":["AscendersBane","Strike_B","Strike_B","Defend_B","Defend_B","Defend_B","Zap","Dualcast","Self Repair","Defragment+1","Chaos+1","Self Repair","Darkness+1","Capacitor","Machine Learning","Fusion+1","Heatsinks+1","Creative AI+1","Conserve Battery","Writhe"],"relics":["Cracked Core","Dream Catcher","Pantograph","Runic Capacitor","Astrolabe","Girya","Pen Nib"],"acts_visited":["Exordium","TheCity"],"potions_floor_usage":[16,24],"damage_taken":[{"damage":0.0,"enemies":"2 Louse","floor":1.0,"turns":2.0},{"damage":6.0,"enemies":"Jaw Worm","floor":3.0,"turns":4.0},{"damage":7.0,"enemies":"Small Slimes","floor":4.0,"turns":3.0},{"damage":42.0,"enemies":"Gremlin Nob","floor":6.0,"turns":5.0},{"damage":17.0,"enemies":"Blue Slaver","floor":7.0,"turns":5.0},{"damage":27.0,"enemies":"2 Fungi Beasts","floor":10.0,"turns":4.0},{"damage":36.0,"enemies":"3 Louse","floor":14.0,"turns":3.0},{"damage":16,"enemies":"The Guardian","floor":16,"turns":5},{"damage":41,"enemies":"Shell Parasite","floor":18,"turns":5},{"damage":26,"enemies":"Chosen","floor":19,"turns":7},{"damage":64,"enemies":"Slavers","floor":24,"turns":3}],"seed_played":"6142730083356989507","potions_obtained":[{"floor":1.0,"key":"FocusPotion"},{"floor":3.0,"key":"ColorlessPotion"},{"floor":10.0,"key":"SteroidPotion"},{"floor":14.0,"key":"EssenceOfDarkness"},{"floor":16,"key":"FocusPotion"}],"is_trial":false,"path_per_floor":["M","?","M","M","?","E","M","R","T","M","?","$","R","M","R","B",null,"M","M","?","?","?","R","E"],"character_chosen":"DEFECT","items_purchased":["Runic Capacitor"],"campfire_rested":2,"item_purchase_floors":[12],"current_hp_per_floor":[71,76,77,77,77,42,39,39,39,26,26,26,50,14,14,37,72,45,33,33,33,33,57,0,0],"gold":70,"neow_bonus":"TEN_PERCENT_HP_BONUS","is_daily":false,"chose_seed":false,"campfire_upgraded":2,"win_rate":0.0,"timestamp":1608140868,"path_taken":["M","?","M","M","?","E","M","R","T","M","?","$","R","M","R","BOSS","M","M","?","?","?","R","E"],"items_purchased_type":["Relic"],"build_version":"2020-12-13","purchased_purges":0,"victory":false,"max_hp_per_floor":[78,83,83,83,83,83,83,83,83,83,83,83,83,83,83,83,83,83,83,83,83,83,83,83,83],"card_choices":[{"not_picked":["Heatsinks","Rebound"],"picked":"Self Repair","floor":1.0},{"not_picked":["Conserve Battery","Chaos"],"picked":"Defragment","floor":3.0},{"not_picked":["Go for the Eyes","Fusion"],"picked":"Chaos","floor":4.0},{"not_picked":["Hologram","Streamline"],"picked":"Self Repair","floor":6.0},{"not_picked":["Gash","Conserve Battery","Hyperbeam"],"picked":"SKIP","floor":7.0},{"not_picked":["Hologram","Sunder"],"picked":"Darkness","floor":10.0},{"not_picked":["Coolheaded","Streamline"],"picked":"Capacitor","floor":13.0},{"not_picked":["Streamline","Hologram","Sweeping Beam"],"picked":"SKIP","floor":14.0},{"not_picked":["Hyperbeam","Thunder Strike"],"picked":"Machine Learning","floor":16},{"not_picked":["Melter","Streamline"],"picked":"Conserve Battery","floor":18},{"not_picked":["Hologram","Compile Driver","Ball Lightning"],"picked":"SKIP","floor":19}],"player_experience":1870436,"relics_obtained":[{"floor":6.0,"key":"Dream Catcher"},{"floor":9.0,"key":"Pantograph"}],"event_choices":[{"damage_healed":0.0,"max_hp_gain":5.0,"max_hp_loss":0.0,"gold_gain":0.0,"event_name":"Big Fish","player_choice":"Donut","floor":2.0,"gold_loss":0.0,"damage_taken":0.0},{"damage_healed":0.0,"max_hp_gain":0.0,"max_hp_loss":0.0,"gold_gain":0.0,"event_name":"Living Wall","player_choice":"Grow","floor":5.0,"gold_loss":0.0,"damage_taken":0.0,"cards_upgraded":["Chaos"]},{"damage_healed":0.0,"max_hp_gain":0.0,"max_hp_loss":0.0,"gold_gain":0.0,"event_name":"Shining Light","player_choice":"Ignored","floor":11.0,"gold_loss":0.0,"damage_taken":0.0},{"damage_healed":0,"gold_gain":0,"player_choice":"Obtained Relic","damage_taken":0,"relics_obtained":["Girya"],"max_hp_gain":0,"max_hp_loss":0,"event_name":"Addict","floor":20,"gold_loss":85},{"damage_healed":0,"gold_gain":0,"player_choice":"Opened","damage_taken":0,"relics_obtained":["Pen Nib"],"max_hp_gain":0,"max_hp_loss":0,"event_name":"The Mausoleum","floor":21,"gold_loss":0,"cards_obtained":["Writhe"]},{"damage_healed":0,"gold_gain":0,"player_choice":"Ignored","damage_taken":0,"max_hp_gain":0,"max_hp_loss":0,"event_name":"Vampires","floor":22,"gold_loss":0}],"is_beta":false,"boss_relics":[{"not_picked":["Runic Dome","Snecko Eye"],"picked":"Astrolabe"}],"items_purged_floors":[],"is_endless":false,"potions_floor_spawned":[1,3,10,14,16,19],"killed_by":"Slavers","ascension_level":19}}