{"host":"2brg86hfzr3u5cix","time":1608088631,"event":{"mods":["AchievementEnabler","Ascension Unlocker","BaseMod","CapriCore","DeckTracker","Hermit","Highlight Path","Keyboard Shortcuts","Minty Spire (QoL Compilation)","Permanent Neow","Relic Stats","Replay The Spire","StSLib","The Cursed","Twitch Utils","Uncapped","UnlockEverythingMod"],"gold_per_floor":[109,109,109,41,41,41,75,75,75,157,201,225,225,225,225,346,346,362,362,377,377,476,476,135,169,238,188,188,17,36,76,76,196,196,219,240,39,53,15,58,58,82,82,82,182,206,206,242,242,242,242,242,55,96,96],"floor_reached":56,"playtime":2617,"items_purged":["TheCursedMod:Strike_TheCursed","Amnesia","TheCursedMod:Defend_TheCursed","TheCursedMod:Defend_TheCursed","Injury"],"score":1470,"play_id":"222fd769-d688-4054-9ad2-d884f81ff8ce","local_time":"20201216121711","is_ascension_mode":false,"campfire_choices":[{"data":"TheCursedMod:DemonicPact","floor":6,"key":"SMITH"},{"data":"TheCursedMod:HellfireBreathing","floor":8,"key":"SMITH"},{"data":"TheCursedMod:CursedWand","floor":13,"key":"SMITH"},{"floor":15,"key":"RECALL"},{"data":"TheCursedMod:Obscuration","floor":23,"key":"SMITH"},{"data":"TheCursedMod:TacticalStrike","floor":32,"key":"SMITH"},{"data":"Pot Of Greed","floor":41,"key":"SMITH"},{"data":"TheCursedMod:StingEye","floor":44,"key":"SMITH"},{"data":"TheCursedMod:CursedBoomerang","floor":49,"key":"SMITH"}],"circlet_count":0,"master_deck":["TheCursedMod:Strike_TheCursed+1","TheCursedMod:Defend_TheCursed","TheCursedMod:CursedWand+1","TheCursedMod:CleanUpWorkshop","TheCursedMod:Dregs","TheCursedMod:DemonicPact+1","TheCursedMod:SurpriseAttack+1","TheCursedMod:HellfireBreathing+1","TheCursedMod:TacticalStrike+1","TheCursedMod:CursedBoomerang+1","TheCursedMod:Obscuration+1","TheCursedMod:NeowsMight+1","TheCursedMod:NeowsMight+1","TheCursedMod:LuckyCharm+1","TheCursedMod:DemonSword+1","Pot Of Greed+1","Pot Of Greed+1","TheCursedMod:CircleOfBlood+1","TheCursedMod:StunningStrike+1","TheCursedMod:CursedStaff","TheCursedMod:StingEye+1","Pot Of Greed+1","TheCursedMod:VoidForm+1","TheCursedMod:CursedSpellbook","ReplayTheSpireMod:Uncanny Aura+1","TheCursedMod:CollectTribute+1","TheCursedMod:ReleasedStrength+1","TheCursedMod:DarkBarrier+1","TheCursedMod:CircleOfFlame+1"],"relics":["TheCursedMod:BlackMagic101","Golden Idol","Whetstone","Sundial","Golden Egg","WingedGreaves","ReplayTheSpireMod:Ring of Addiction","Ring of Misfortune","Toy Ornithopter","Chameleon Ring","Black Star","Membership Card","Grinning Jar","Nunchaku","Replay:Accelerometer","Mirror","Mummified Hand","Replay:Rubber Ducky","TheCursedMod:OminousMark","ClockworkSouvenir","TheCursedMod:DemonicMark","TheCursedMod:MagicCandle","Vajra","Replay:Bottled Steam","TheCursedMod:Tack","Strawberry","Quantum Egg"],"acts_visited":["Exordium","TheCity","TheBeyond","TheEnding"],"potions_floor_usage":[7,16,16,16,25,31,33,46,48,50,55],"damage_taken":[{"damage":1,"enemies":"2 Louse","floor":1,"turns":3},{"damage":10,"enemies":"Replay:BlueRogue","floor":7,"turns":5},{"damage":27,"enemies":"3 Sentries","floor":11,"turns":6},{"damage":0,"enemies":"Small Slimes","floor":12,"turns":3},{"damage":9,"enemies":"Hexaghost","floor":16,"turns":7},{"damage":0,"enemies":"Spheric Guardian","floor":18,"turns":3},{"damage":0,"enemies":"Chosen","floor":20,"turns":2},{"damage":11,"enemies":"Book of Stabbing","floor":25,"turns":5},{"damage":0,"enemies":"Snake Plant","floor":30,"turns":2},{"damage":20,"enemies":"Slavers","floor":31,"turns":3},{"damage":0,"enemies":"Champ","floor":33,"turns":5},{"damage":0,"enemies":"3 Darklings","floor":35,"turns":2},{"damage":0,"enemies":"Orb Walker","floor":36,"turns":2},{"damage":0,"enemies":"3 Darklings","floor":38,"turns":3},{"damage":0,"enemies":"Giant Head","floor":40,"turns":3},{"damage":0,"enemies":"Writhing Mass","floor":42,"turns":3},{"damage":2,"enemies":"Jaw Worm Horde","floor":46,"turns":3},{"damage":0,"enemies":"R_Hoarder","floor":48,"turns":4},{"damage":14,"enemies":"Awakened One","floor":50,"turns":4},{"damage":0,"enemies":"Shield and Spear","floor":54,"turns":5},{"damage":5,"enemies":"The Heart","floor":55,"turns":6}],"seed_played":"8994003731125779579","potions_obtained":[{"floor":1,"key":"SkillPotion"},{"floor":11,"key":"DistilledChaos"},{"floor":14,"key":"AttackPotion"},{"floor":14,"key":"Adrenaline Potion"},{"floor":16,"key":"SkillPotion"},{"floor":20,"key":"Death Potion"},{"floor":28,"key":"FearPotion"},{"floor":28,"key":"FairyPotion"},{"floor":31,"key":"SpeedPotion"},{"floor":36,"key":"LifebloodPotion"},{"floor":40,"key":"Milkshake"},{"floor":48,"key":"PowerPotion"},{"floor":52,"key":"FearPotion"},{"floor":52,"key":"SpeedPotion"}],"is_trial":false,"path_per_floor":["M","?","?","$","?","R","E","R","T","T","E","M","R","?","R","B",null,"M","?","M","?","?","R","$","E","T","$","R","$","M","E","R","B",null,"M","M","$","M","$","E","R","M","T","R","?","M","?","E","R","B",null,"R","$","E","B",null],"character_chosen":"THE_CURSED","items_purchased":["TheCursedMod:HellfireBreathing","Membership Card","TheCursedMod:DemonSword","Grinning Jar","TheCursedMod:CircleOfBlood+1","TheCursedMod:StunningStrike","ClockworkSouvenir","ReplayTheSpireMod:Uncanny Aura","TheCursedMod:CollectTribute","TheCursedMod:CircleOfFlame","TheCursedMod:Tack"],"campfire_rested":0,"item_purchase_floors":[4,24,24,24,29,29,37,37,39,53,53],"current_hp_per_floor":[74,79,79,79,79,79,69,69,69,69,42,42,42,42,42,48,80,80,80,78,78,78,76,76,69,69,69,69,69,74,61,61,74,74,74,74,72,72,72,70,70,70,68,68,68,66,66,66,66,52,66,66,66,71,71],"gold":96,"neow_bonus":"TRANSFORM_CARD","is_daily":false,"chose_seed":false,"campfire_upgraded":8,"win_rate":0.0,"timestamp":1608088631,"path_taken":["M","?","?","$","?","R","E","R","T","?","E","?","R","?","R","BOSS","M","?","?","?","?","R","$","E","T","$","R","?","?","E","R","BOSS","M","M","$","?","?","E","R","?","T","R","?","?","?","E","R","BOSS","R","$","E","BOSS"],"items_purchased_type":["Card","Relic","Card","Relic","Card","Card","Relic","Card","Card","Card","Relic"],"build_version":"2020-12-13","purchased_purges":5,"victory":true,"max_hp_per_floor":[75,80,80,80,80,80,80,80,80,80,80,80,80,80,80,80,80,80,80,78,78,78,76,76,76,76,76,76,74,74,74,74,74,74,74,74,72,72,72,70,70,70,68,68,68,66,66,66,66,66,66,66,66,71,71],"relic_stats":{"Nunchaku":[14],"counters":[21,79],"Golden Idol":192,"Sundial":[18],"Mummified Hand":[46],"Black Star":5,"Whetstone":["TheCursedMod:SurpriseAttack","TheCursedMod:Strike_TheCursed"],"obtain_stats":[{"Golden Egg":10,"Replay:Accelerometer":25,"TheCursedMod:Tack":53,"Vajra":48,"Whetstone":7,"TheCursedMod:DemonicMark":40,"Replay:Rubber Ducky":31,"ClockworkSouvenir":37,"Nunchaku":25,"Chameleon Ring":14,"Sundial":9,"Mummified Hand":31,"Strawberry":54,"WingedGreaves":11,"Replay:Bottled Steam":48,"TheCursedMod:BlackMagic101":0,"Golden Idol":3,"ReplayTheSpireMod:Ring of Addiction":14,"Quantum Egg":54,"TheCursedMod:MagicCandle":40,"TheCursedMod:OminousMark":34,"Ring of Misfortune":14,"Black Star":17,"Membership Card":24,"Grinning Jar":24,"Mirror":26,"Toy Ornithopter":14},{"Golden Egg":2,"Replay:Accelerometer":8,"TheCursedMod:Tack":19,"Vajra":18,"Whetstone":2,"TheCursedMod:DemonicMark":15,"Replay:Rubber Ducky":10,"ClockworkSouvenir":13,"Nunchaku":8,"Chameleon Ring":4,"Sundial":2,"Mummified Hand":10,"Strawberry":20,"WingedGreaves":3,"Replay:Bottled Steam":18,"TheCursedMod:BlackMagic101":0,"Golden Idol":1,"ReplayTheSpireMod:Ring of Addiction":4,"Quantum Egg":20,"TheCursedMod:MagicCandle":15,"TheCursedMod:OminousMark":11,"Ring of Misfortune":4,"Black Star":5,"Membership Card":7,"Grinning Jar":7,"Mirror":8,"Toy Ornithopter":4},{"Golden Egg":8,"Replay:Accelerometer":34,"TheCursedMod:Tack":68,"Vajra":64,"Whetstone":8,"TheCursedMod:DemonicMark":54,"Replay:Rubber Ducky":39,"ClockworkSouvenir":48,"Nunchaku":34,"Chameleon Ring":17,"Sundial":8,"Mummified Hand":39,"Strawberry":73,"WingedGreaves":14,"Replay:Bottled Steam":64,"TheCursedMod:BlackMagic101":0,"Golden Idol":3,"ReplayTheSpireMod:Ring of Addiction":17,"Quantum Egg":73,"TheCursedMod:MagicCandle":54,"TheCursedMod:OminousMark":44,"Ring of Misfortune":17,"Black Star":24,"Membership Card":29,"Grinning Jar":29,"Mirror":34,"Toy Ornithopter":17}],"Toy Ornithopter":27},"card_choices":[{"not_picked":["TheCursedMod:SpreadPlague","TheCursedMod:Mangle"],"picked":"TheCursedMod:SurpriseAttack","floor":1},{"not_picked":["TheCursedMod:DemonicPact","TheCursedMod:EmpowerCircles"],"picked":"TheCursedMod:TacticalStrike","floor":7},{"not_picked":["TheCursedMod:Mangle","TheCursedMod:Stigma"],"picked":"TheCursedMod:CursedBoomerang","floor":11},{"not_picked":["TheCursedMod:ManaBullet","TheCursedMod:CircleOfFlame"],"picked":"TheCursedMod:Obscuration","floor":12},{"not_picked":["TheCursedMod:CircleOfAbyss","TheCursedMod:ShockAndAwe"],"picked":"TheCursedMod:NeowsMight","floor":16},{"not_picked":["TheCursedMod:HellsGateOpen+1","TheCursedMod:RavingStaff+1"],"picked":"TheCursedMod:CircleOfWindfury+1","floor":18},{"not_picked":["TheCursedMod:SmokeScreen","TheCursedMod:TacticalStrike"],"picked":"TheCursedMod:LuckyCharm+1","floor":20},{"not_picked":["TheCursedMod:CursedAmulet","TheCursedMod:TacticalStrike+1","TheCursedMod:Obscuration"],"picked":"SKIP","floor":25},{"not_picked":["TheCursedMod:CircleOfCorruption","TheCursedMod:TacticalStrike"],"picked":"TheCursedMod:CursedStaff","floor":30},{"not_picked":["TheCursedMod:Wield","TheCursedMod:SurpriseAttack+1"],"picked":"TheCursedMod:StingEye","floor":31},{"not_picked":["TheCursedMod:CursedRelics","TheCursedMod:NeowsMight"],"picked":"TheCursedMod:VoidForm","floor":33},{"not_picked":["TheCursedMod:CursedBoomerang","TheCursedMod:PrepareRite"],"picked":"TheCursedMod:CursedSpellbook","floor":35},{"not_picked":["TheCursedMod:FleshFromBone+1","TheCursedMod:CursedStaff+1","TheCursedMod:Wield+1"],"picked":"SKIP","floor":36},{"not_picked":["TheCursedMod:AshesToAshes","TheCursedMod:Stigma","TheCursedMod:FuryStrike+1"],"picked":"SKIP","floor":38},{"not_picked":["TheCursedMod:Stigma+1","TheCursedMod:CircleOfFocus","TheCursedMod:CursedArmor"],"picked":"SKIP","floor":40},{"not_picked":["TheCursedMod:CursedAmulet+1","TheCursedMod:Stigma"],"picked":"TheCursedMod:ReleasedStrength+1","floor":42},{"not_picked":["TheCursedMod:RavingStaff+1","TheCursedMod:VitalStrike+1","TheCursedMod:CircleOfFocus"],"picked":"SKIP","floor":46},{"not_picked":["TheCursedMod:FuryStrike","TheCursedMod:Mangle"],"picked":"TheCursedMod:DarkBarrier","floor":48},{"not_picked":["TheCursedMod:RavingStaff","TheCursedMod:VitalStrike+1","TheCursedMod:Neurasthenia"],"picked":"SKIP","floor":54}],"player_experience":337939,"relics_obtained":[{"floor":7,"key":"Whetstone"},{"floor":9,"key":"Sundial"},{"floor":10,"key":"Golden Egg"},{"floor":11,"key":"WingedGreaves"},{"floor":14,"key":"ReplayTheSpireMod:Ring of Addiction"},{"floor":14,"key":"Ring of Misfortune"},{"floor":14,"key":"Toy Ornithopter"},{"floor":14,"key":"Chameleon Ring"},{"floor":25,"key":"Nunchaku"},{"floor":25,"key":"Replay:Accelerometer"},{"floor":26,"key":"Mirror"},{"floor":31,"key":"Mummified Hand"},{"floor":31,"key":"Replay:Rubber Ducky"},{"floor":40,"key":"TheCursedMod:DemonicMark"},{"floor":40,"key":"TheCursedMod:MagicCandle"},{"floor":48,"key":"Vajra"},{"floor":48,"key":"Replay:Bottled Steam"},{"floor":54,"key":"Strawberry"},{"floor":54,"key":"Quantum Egg"}],"event_choices":[{"damage_healed":0,"gold_gain":0,"player_choice":"Donut","damage_taken":0,"max_hp_gain":5,"max_hp_loss":0,"event_name":"Big Fish","floor":2,"gold_loss":0},{"damage_healed":0,"gold_gain":0,"player_choice":"Take Wound","damage_taken":0,"relics_obtained":["Golden Idol"],"max_hp_gain":0,"max_hp_loss":0,"event_name":"Golden Idol","floor":3,"gold_loss":0,"cards_obtained":["Injury"]},{"cards_removed":["TheCursedMod:Strike_TheCursed"],"damage_healed":0,"gold_gain":0,"player_choice":"Forget","damage_taken":0,"max_hp_gain":0,"max_hp_loss":0,"event_name":"Living Wall","floor":5,"gold_loss":0},{"damage_healed":0,"gold_gain":0,"player_choice":"Copied","damage_taken":0,"max_hp_gain":0,"max_hp_loss":0,"event_name":"Duplicator","floor":19,"gold_loss":0,"cards_obtained":["TheCursedMod:NeowsMight"]},{"cards_removed":["TheCursedMod:Strike_TheCursed"],"damage_healed":0,"gold_gain":0,"player_choice":"Elegance","damage_taken":0,"max_hp_gain":0,"max_hp_loss":0,"event_name":"Back to Basics","floor":21,"gold_loss":0},{"damage_healed":0,"gold_gain":99,"player_choice":"Stole From Cult","damage_taken":0,"max_hp_gain":0,"max_hp_loss":0,"event_name":"Nest","floor":22,"gold_loss":0},{"damage_healed":0,"gold_gain":100,"player_choice":"Pray","damage_taken":0,"max_hp_gain":0,"max_hp_loss":0,"event_name":"Golden Shrine","floor":45,"gold_loss":0},{"cards_removed":["TheCursedMod:CircleOfWindfury"],"damage_healed":0,"gold_gain":0,"player_choice":"Removed Skill","damage_taken":0,"max_hp_gain":0,"max_hp_loss":0,"event_name":"Falling","floor":47,"gold_loss":0}],"is_beta":false,"boss_relics":[{"not_picked":["Busted Crown","Ring of Chaos"],"picked":"Black Star"},{"not_picked":["Pandora\u0027s Box","Abe\u0027s Treasure"],"picked":"TheCursedMod:OminousMark"}],"items_purged_floors":[24,27,29,37,53],"is_endless":false,"potions_floor_spawned":[1,11,16,20,31,36,40,48],"ascension_level":0}}