{"host":"9pqy5lt7vda52ebm","time":1608087435,"event":{"mods":["BaseMod","Minty Spire (QoL Compilation)","Optimize The Spire","Quick Restart","StSLib","The Marked"],"gold_per_floor":[115,134,149,74,74,92,107,120,120,153,103,138,138,170,170,270,270,283,303,402,413,158,158,158,192,192,192,206,206,224,240,240,342,342,362,373,373,248,248,248,282,293,293,293,323,342,48,48,48,48],"floor_reached":51,"playtime":6034,"items_purged":["theMarked:Strike","theMarked:Strike","theMarked:Defend","theMarked:Defend"],"score":837,"play_id":"d7bed5da-5e93-4bc6-a54f-1b0955a53670","local_time":"20201215215715","is_ascension_mode":true,"campfire_choices":[{"data":"theMarked:EmpowerWeapon","floor":13,"key":"SMITH"},{"data":"theMarked:TwofoldDefense","floor":15,"key":"SMITH"},{"data":"theMarked:EternalStudent","floor":23,"key":"SMITH"},{"data":"theMarked:Panic","floor":27,"key":"SMITH"},{"data":"theMarked:Panic","floor":32,"key":"SMITH"},{"data":"Madness","floor":40,"key":"SMITH"},{"data":"theMarked:TakeOffHeels","floor":44,"key":"SMITH"},{"data":"theMarked:WastefulDefense","floor":49,"key":"SMITH"}],"circlet_count":0,"master_deck":["theMarked:Defend","theMarked:SoldierOfQuellstein+1","theMarked:WastefulDefense+1","theMarked:Opportunist","theMarked:EmpowerWeapon+1","theMarked:SwordAndMagic","theMarked:MuscleMemory","theMarked:TwofoldDefense+1","theMarked:HeightenedSenses","theMarked:EternalStudent+1","theMarked:Panic+1","theMarked:Panic+1","theMarked:ParalyzingBlade","theMarked:TakeOffHeels+1","theMarked:TwofoldDefense","theMarked:SoldierForm","Madness+1","Madness"],"relics":["theMarked:ArtifactOfAir","Blood Vial","Bottled Lightning","Strawberry","theMarked:Gun","theMarked:Eyepatch","Oddly Smooth Stone","Meat on the Bone","Matryoshka","Sozu","Centennial Puzzle","Gremlin Horn","Omamori","Ornamental Fan","theMarked:VonisonLock","Anchor"],"acts_visited":["Exordium","TheCity","TheBeyond"],"potions_floor_usage":[],"damage_taken":[{"damage":1,"enemies":"Jaw Worm","floor":1,"turns":3},{"damage":0,"enemies":"2 Louse","floor":2,"turns":2},{"damage":0,"enemies":"Small Slimes","floor":3,"turns":3},{"damage":1,"enemies":"Blue Slaver","floor":6,"turns":3},{"damage":4,"enemies":"Exordium Thugs","floor":7,"turns":4},{"damage":0,"enemies":"Large Slime","floor":8,"turns":4},{"damage":2,"enemies":"Gremlin Nob","floor":10,"turns":4},{"damage":5,"enemies":"Lagavulin","floor":12,"turns":7},{"damage":2,"enemies":"Gremlin Nob","floor":14,"turns":3},{"damage":27,"enemies":"Slime Boss","floor":16,"turns":8},{"damage":0,"enemies":"Chosen","floor":18,"turns":3},{"damage":4,"enemies":"Spheric Guardian","floor":19,"turns":4},{"damage":6,"enemies":"Shelled Parasite and Fungi","floor":21,"turns":4},{"damage":34,"enemies":"Slavers","floor":25,"turns":6},{"damage":17,"enemies":"Snake Plant","floor":28,"turns":3},{"damage":0,"enemies":"Snecko","floor":30,"turns":4},{"damage":9,"enemies":"3 Cultists","floor":31,"turns":4},{"damage":32,"enemies":"Collector","floor":33,"turns":11},{"damage":3,"enemies":"3 Shapes","floor":35,"turns":3},{"damage":0,"enemies":"Orb Walker","floor":36,"turns":3},{"damage":7,"enemies":"Giant Head","floor":41,"turns":3},{"damage":0,"enemies":"Spire Growth","floor":42,"turns":3},{"damage":0,"enemies":"Reptomancer","floor":45,"turns":2},{"damage":0,"enemies":"Jaw Worm Horde","floor":46,"turns":3},{"damage":0,"enemies":"Donu and Deca","floor":50,"turns":5}],"seed_played":"-5750980790833778142","potions_obtained":[{"floor":6,"key":"Ancient Potion"},{"floor":8,"key":"SteroidPotion"},{"floor":10,"key":"FearPotion"},{"floor":12,"key":"SpeedPotion"},{"floor":33,"key":"FearPotion"}],"is_trial":false,"path_per_floor":["M","M","M","$","?","M","M","M","T","E","?","E","R","E","R","B",null,"M","M","?","M","$","R","?","E","T","R","M","?","M","M","R","B",null,"M","M","?","$","?","R","E","M","T","R","E","M","$","?","R","B",null],"character_chosen":"THE_DEFAULT","items_purchased":["Oddly Smooth Stone","Anchor"],"campfire_rested":0,"item_purchase_floors":[22,47],"current_hp_per_floor":[69,69,69,69,74,73,69,69,69,69,69,73,73,73,73,48,82,82,78,78,74,74,74,58,26,26,26,23,23,37,42,42,24,82,79,81,71,71,71,71,66,68,68,68,70,72,72,72,72,74],"gold":48,"neow_bonus":"UPGRADE_CARD","is_daily":false,"chose_seed":false,"campfire_upgraded":8,"win_rate":0.0,"timestamp":1608087435,"path_taken":["M","M","M","$","?","M","M","M","T","E","?","E","R","E","R","BOSS","M","M","?","M","$","R","?","E","T","R","M","?","M","?","R","BOSS","M","M","?","$","?","R","E","?","T","R","E","M","$","?","R","BOSS"],"items_purchased_type":["Relic","Relic"],"build_version":"2020-12-13","purchased_purges":4,"victory":true,"max_hp_per_floor":[70,70,70,70,75,75,75,75,75,75,75,82,82,82,82,82,82,82,82,82,82,82,82,82,82,82,82,82,82,82,82,82,82,82,82,82,82,82,82,82,82,82,82,82,82,82,82,82,82,82],"card_choices":[{"not_picked":["theMarked:HeightenedSenses","theMarked:WastefulAttack"],"picked":"theMarked:WastefulDefense","floor":1},{"not_picked":["theMarked:HeritageOfTheMarked","theMarked:BanishingWave"],"picked":"theMarked:Opportunist","floor":2},{"not_picked":["theMarked:BanishingStrike","theMarked:LightningStrikesTwice"],"picked":"theMarked:EmpowerWeapon","floor":3},{"not_picked":["theMarked:GodGivenPower","theMarked:Aftermath","theMarked:Generate"],"picked":"SKIP","floor":6},{"not_picked":["theMarked:Aftermath","theMarked:TurnInvisible"],"picked":"theMarked:SwordAndMagic","floor":7},{"not_picked":["theMarked:Frustration","theMarked:Generate","theMarked:RepellingDischarge"],"picked":"SKIP","floor":8},{"not_picked":["theMarked:ReduceFriction","theMarked:Overcharge"],"picked":"theMarked:MuscleMemory","floor":10},{"not_picked":["theMarked:EmpowerWeapon","theMarked:WastefulDefense"],"picked":"theMarked:TwofoldDefense","floor":12},{"not_picked":["theMarked:ResourceFulStrike","theMarked:RepellingDischarge"],"picked":"theMarked:HeightenedSenses","floor":14},{"not_picked":["theMarked:Challenge","theMarked:TakeOffHeels"],"picked":"theMarked:EternalStudent","floor":16},{"not_picked":["theMarked:Polarize","theMarked:Parkour"],"picked":"theMarked:Panic","floor":18},{"not_picked":["theMarked:Frustration","theMarked:SwordAndMagic"],"picked":"theMarked:Panic","floor":19},{"not_picked":["theMarked:RogueSparks","theMarked:Seal"],"picked":"theMarked:ParalyzingBlade","floor":21},{"not_picked":["theMarked:TunnelVision","theMarked:Defy","theMarked:WastefulAttack+1"],"picked":"SKIP","floor":25},{"not_picked":["theMarked:WastefulAttack","theMarked:WastefulDefense","theMarked:Improvise"],"picked":"SKIP","floor":28},{"not_picked":["theMarked:WastefulAttack","theMarked:PowerFlow","theMarked:GodGivenPower"],"picked":"SKIP","floor":30},{"not_picked":["theMarked:WastefulDefense","theMarked:Parkour","theMarked:Aftermath"],"picked":"SKIP","floor":31},{"not_picked":["theMarked:ChannelForce","theMarked:Defy"],"picked":"theMarked:SoldierForm","floor":33},{"not_picked":["theMarked:ContemptForTheProud+1","theMarked:TwofoldDefense","theMarked:Frustration+1"],"picked":"SKIP","floor":35},{"not_picked":["theMarked:Aftermath","theMarked:Indomitable","theMarked:Electrocute"],"picked":"SKIP","floor":36},{"not_picked":["theMarked:Aftermath+1","theMarked:Frustration+1","theMarked:Electrocute+1"],"picked":"SKIP","floor":41},{"not_picked":["theMarked:CreepingChasm+1","theMarked:PowerFlow+1","theMarked:HeightenedSenses"],"picked":"SKIP","floor":42},{"not_picked":["theMarked:GodGivenPower+1","theMarked:SelfDefenseTraining","theMarked:StartUp+1"],"picked":"SKIP","floor":45},{"not_picked":["theMarked:ReduceFriction","theMarked:EmpowerWeapon","theMarked:ResourceFulStrike"],"picked":"SKIP","floor":46}],"player_experience":321625,"relics_obtained":[{"floor":9,"key":"Blood Vial"},{"floor":10,"key":"Bottled Lightning"},{"floor":12,"key":"Strawberry"},{"floor":14,"key":"theMarked:Gun"},{"floor":25,"key":"Meat on the Bone"},{"floor":26,"key":"Matryoshka"},{"floor":39,"key":"Centennial Puzzle"},{"floor":41,"key":"Gremlin Horn"},{"floor":43,"key":"Omamori"},{"floor":43,"key":"Ornamental Fan"},{"floor":45,"key":"theMarked:VonisonLock"}],"event_choices":[{"damage_healed":0,"gold_gain":0,"player_choice":"Donut","damage_taken":0,"max_hp_gain":5,"max_hp_loss":0,"event_name":"Big Fish","floor":5,"gold_loss":0},{"cards_removed":["theMarked:Strike"],"damage_healed":0,"gold_gain":0,"player_choice":"Card Removal","damage_taken":0,"max_hp_gain":0,"max_hp_loss":0,"event_name":"The Cleric","floor":11,"gold_loss":50},{"damage_healed":0,"gold_gain":99,"player_choice":"Stole From Cult","damage_taken":0,"max_hp_gain":0,"max_hp_loss":0,"event_name":"Nest","floor":20,"gold_loss":0},{"damage_healed":0,"gold_gain":0,"player_choice":"Obtained Book","damage_taken":16,"max_hp_gain":0,"max_hp_loss":0,"event_name":"Cursed Tome","floor":24,"gold_loss":0},{"damage_healed":0,"gold_gain":0,"cards_transformed":["theMarked:Strike","theMarked:Strike"],"player_choice":"Became Test Subject","damage_taken":0,"max_hp_gain":0,"max_hp_loss":0,"event_name":"Drug Dealer","floor":29,"gold_loss":0,"cards_obtained":["theMarked:TakeOffHeels","theMarked:TwofoldDefense"]},{"damage_healed":0,"gold_gain":0,"player_choice":"Embrace Madness","damage_taken":10,"max_hp_gain":0,"max_hp_loss":0,"event_name":"Winding Halls","floor":37,"gold_loss":0,"cards_obtained":["Madness","Madness"]},{"damage_healed":0,"gold_gain":0,"player_choice":"Relic","damage_taken":0,"max_hp_gain":0,"max_hp_loss":0,"event_name":"Wheel of Change","floor":39,"gold_loss":0},{"cards_removed":["theMarked:Defend"],"damage_healed":0,"gold_gain":0,"player_choice":"Purged","damage_taken":0,"max_hp_gain":0,"max_hp_loss":0,"event_name":"Purifier","floor":48,"gold_loss":0}],"is_beta":false,"boss_relics":[{"not_picked":["Busted Crown","Empty Cage"],"picked":"theMarked:Eyepatch"},{"not_picked":["Astrolabe","Velvet Choker"],"picked":"Sozu"}],"items_purged_floors":[4,22,38,47],"is_endless":false,"potions_floor_spawned":[6,8,10,12,19,21,31,33,36,42,46],"ascension_level":1}}