{"host":"ifd7sfhtlbe34qll","time":1608157646,"event":{"mods":["2.2 Compatiblity","BaseMod","Block Reminder","Colored Map","Downfall","Highlight Path","Minty Spire (QoL Compilation)","Potion Indicator Mod","Quick Restart","Random Character Button","Relic Stats","StSLib"],"gold_per_floor":[349,362,377,396,427,444,444,444,544,574,202,215,232,232,250,250,250],"floor_reached":16,"playtime":800,"items_purged":["champ:Strike"],"score":137,"play_id":"29dfb377-809e-4afc-a3cd-d16ec800c35e","local_time":"20201216162726","is_ascension_mode":true,"campfire_choices":[{"data":"champ:Execute","floor":1,"key":"SMITH"},{"floor":8,"key":"REST"}],"circlet_count":0,"master_deck":["champ:Strike","champ:Strike","champ:Strike","champ:Defend","champ:Defend","champ:Defend","champ:Defend","champ:Execute+1","champ:Taunt","champ:FlashCut","champ:RecklessLeap","champ:TornadoPunch","champ:Improvising","champ:Duel","champ:DefensiveShout+1","champ:GladiatorStyle","champ:FocusedDefense+1","champ:Circumvent+1","champ:EnGarde+1","champ:Lariat+1"],"relics":["champ:ChampionCrown","Kunai","Toxic Egg 2","Bottled Tornado","Bottled Lightning"],"acts_visited":["Exordium"],"potions_floor_usage":[16],"damage_taken":[{"damage":5,"enemies":"2 Louse","floor":2,"turns":2},{"damage":18,"enemies":"Jaw Worm","floor":3,"turns":4},{"damage":15,"enemies":"Small Slimes","floor":4,"turns":2},{"damage":33,"enemies":"Gremlin Nob","floor":5,"turns":3},{"damage":12,"enemies":"Red Slaver","floor":6,"turns":3},{"damage":52,"enemies":"3 Sentries","floor":10,"turns":7},{"damage":14,"enemies":"downfall:FleeingMerchant","floor":11,"turns":4},{"damage":14,"enemies":"3 Louse","floor":12,"turns":3},{"damage":8,"enemies":"2 Fungi Beasts","floor":13,"turns":3},{"damage":28,"enemies":"Exordium Wildlife","floor":15,"turns":4},{"damage":20,"enemies":"downfall:Watcher","floor":16,"turns":8}],"seed_played":"7518948572419638774","potions_obtained":[{"floor":6,"key":"Guardian:BlockOnCardUsePotion"},{"floor":10,"key":"Dexterity Potion"},{"floor":12,"key":"Dexterity Potion"},{"floor":15,"key":"DuplicationPotion"}],"is_trial":false,"path_per_floor":["R","M","M","M","E","M","T","R","?","E","$","M","M","?","M","B"],"character_chosen":"THE_CHAMP","items_purchased":["champ:FocusedDefense+1","Bottled Lightning"],"campfire_rested":1,"item_purchase_floors":[11,11],"current_hp_per_floor":[63,63,50,50,37,30,30,57,57,15,15,9,1,31,18,0,0],"gold":250,"neow_bonus":"TWO_FIFTY_GOLD","is_daily":false,"chose_seed":false,"campfire_upgraded":1,"win_rate":0.0,"timestamp":1608157646,"path_taken":["R","M","M","M","E","M","T","R","?","E","$","M","M","?","M","BOSS"],"items_purchased_type":["Card","Relic"],"build_version":"2020-12-13","purchased_purges":1,"victory":false,"max_hp_per_floor":[90,90,90,90,90,90,90,90,90,90,90,90,90,90,90,90,90],"relic_stats":{"counters":[11,43],"Kunai":[3],"obtain_stats":[{"champ:ChampionCrown":0,"Kunai":5,"Bottled Lightning":11,"Toxic Egg 2":7,"Bottled Tornado":10},{"champ:ChampionCrown":0,"Kunai":4,"Bottled Lightning":7,"Toxic Egg 2":5,"Bottled Tornado":6},{"champ:ChampionCrown":0,"Kunai":11,"Bottled Lightning":25,"Toxic Egg 2":14,"Bottled Tornado":21}]},"card_choices":[{"not_picked":["champ:StanceDance","champ:DefensiveShout"],"picked":"champ:FlashCut","floor":2},{"not_picked":["champ:ArenaPreparation","champ:Aggression"],"picked":"champ:RecklessLeap","floor":3},{"not_picked":["champ:Shatter","champ:Encircle"],"picked":"champ:TornadoPunch","floor":4},{"not_picked":["champ:Encircle","champ:CalledShot"],"picked":"champ:Improvising","floor":5},{"not_picked":["champ:AdrenalArmor","champ:FalseCounter"],"picked":"champ:Duel","floor":6},{"not_picked":["champ:Encircle","champ:CrookedStrike"],"picked":"champ:DefensiveShout+1","floor":10},{"not_picked":["champ:HeavySlash","champ:ShieldWall"],"picked":"champ:GladiatorStyle","floor":11},{"not_picked":["champ:GladiatorsShout+1","champ:FlashCut"],"picked":"champ:Circumvent+1","floor":12},{"not_picked":["champ:IronFortress","champ:StanceDance+1"],"picked":"champ:EnGarde+1","floor":13},{"not_picked":["champ:CrookedStrike","champ:AdrenalArmor+1"],"picked":"champ:Lariat+1","floor":15}],"player_experience":1582385,"relics_obtained":[{"floor":5,"key":"Kunai"},{"floor":7,"key":"Toxic Egg 2"},{"floor":10,"key":"Bottled Tornado"}],"event_choices":[{"damage_healed":30,"gold_gain":0,"player_choice":"Banana","damage_taken":0,"max_hp_gain":0,"max_hp_loss":0,"event_name":"Big Fish","floor":14,"gold_loss":0}],"is_beta":false,"boss_relics":[],"items_purged_floors":[11],"is_endless":false,"potions_floor_spawned":[6,10,12,15],"killed_by":"downfall:Watcher","ascension_level":4}}