{"host":"4t0jwv2xqla89y5e","time":1608157483,"event":{"mods":["AchievementEnabler","Act Like it!","Aspiration","BaseMod","Better Skull","BetterRewards","Colored Map","Colored Powertips","Downfall","Friendly Minions","Hallownest","Hermit","Highlight Path","Hubris","Infinite Spire","Minty Spire (QoL Compilation)","Quick Restart","Rare Cards Sparkle","Relic Stats","Replay The Spire","Shop Mod","Spicy Shops","StSLib","The Construct","The Disciple","The Hierophant","The Runesmith"],"gold_per_floor":[114,114,129,144,159,159,174,174,199,199,199,214,214,214,214,414,414,429,414,429,429,444,444,474,474,499,499,197,200,215,230,230,345,345,382,382,382,157,157,182,182,209,209,240,294,127,167,183,183],"floor_reached":48,"playtime":4496,"items_purged":["Writhe","LikeWater","hubris:PowerSurge"],"score":677,"play_id":"1caf1dbc-28ec-4790-80ee-06232d34e913","local_time":"20201216232443","daily_mods":["Specialized","Purple Cards","downfall:WorldOfGoo"],"is_ascension_mode":false,"campfire_choices":[{"floor":15,"key":"DIG"},{"data":"infinitespire:Collect","floor":23,"key":"SMITH"},{"data":"Devotion","floor":25,"key":"SMITH"},{"data":"White Noise","floor":32,"key":"SMITH"},{"data":"Madness","floor":41,"key":"SMITH"}],"circlet_count":0,"master_deck":["infinitespire:Collect+1","Strike_B","Strike_B","Strike_B+1","Strike_B+1","Defend_B","Defend_B","Defend_B+1","Defend_B","Zap","Dualcast","Self Repair","Self Repair","Self Repair","Self Repair","Self Repair","Loop","Darkness","ReachHeaven","Replay:ManipulateFuture","Prostrate+1","Devotion+1","CurseOfTheBell","EmptyBody+1","infinitespire:Collect+1","infinitespire:NeuralNetwork","infinitespire:UltimateForm","Sweeping Beam","Perseverance+1","expansioncontent:StudyTheSpire","Defragment+1","Evaluate+1","White Noise+1","DeusExMachina+1","Hello World+1","Madness","Madness+1","Redo+1","Fusion","Replay:DivineShield+1","FIFO Queue+1","Compile Driver","Replay:ManipulateFuture"],"relics":["Cracked Core","Hallownest:DreamNailRelic","Ancient Tea Set","infinitespire:Freezer","aspiration:ArtOfWarUpgrade","hubris:SlimyHat","hubris:Icosahedron","Eternal Feather","Calling Bell","Pen Nib","hubris:TinFlute","infinitespire:Lychee Nut","infinitespire:BottledMercury","Black Star","Anchor","infinitespire:EmpoweringShard","hubris:ToyBattleship","Red Mask","infinitespire:EvilPickle","Philosopher\u0027s Stone","Gremlin Horn","Blue Doll","Bag of Preparation","infinitespire:Midas Blood","Whetstone","War Paint","infinitespire:Satchel","Replay:Baseball","Runesmith:AutoHammer","Prayer Wheel"],"acts_visited":["Hallownest:Greenpath","TheCity","TheBeyond"],"potions_floor_usage":[12,16,18,24,24,29,42,44],"damage_taken":[{"damage":0,"enemies":"Hallownest:2_Tiktiks_and_1_Crawlid","floor":1,"turns":4},{"damage":0,"enemies":"Hallownest:2_MossCreeps","floor":3,"turns":4},{"damage":7,"enemies":"Hallownest:monsterHuskGuard","floor":4,"turns":4},{"damage":0,"enemies":"Hallownest:monsterAspidMother","floor":5,"turns":5},{"damage":12,"enemies":"Hallownest:MossCreep_and_Mosskin","floor":7,"turns":4},{"damage":1,"enemies":"Hallownest:1_Baldur_1_Crawlid_1_Warrior","floor":12,"turns":4},{"damage":44,"enemies":"Hallownest:BossBrokenVessel","floor":16,"turns":9},{"damage":48,"enemies":"3 Byrds","floor":18,"turns":6},{"damage":22,"enemies":"2 Thieves","floor":19,"turns":4},{"damage":35,"enemies":"Cultist and Chosen","floor":20,"turns":9},{"damage":24,"enemies":"Snake Plant","floor":22,"turns":7},{"damage":19,"enemies":"Replay:Snechameleon","floor":24,"turns":6},{"damage":57,"enemies":"Masked Bandits","floor":29,"turns":4},{"damage":8,"enemies":"Centurion and Healer","floor":30,"turns":5},{"damage":2,"enemies":"Shelled Parasite and Fungi","floor":31,"turns":5},{"damage":4,"enemies":"Pondfish","floor":33,"turns":6},{"damage":29,"enemies":"3 Darklings","floor":35,"turns":4},{"damage":10,"enemies":"Orb Walker","floor":40,"turns":5},{"damage":27,"enemies":"Sphere and 2 Shapes","floor":42,"turns":4},{"damage":10,"enemies":"Maw","floor":44,"turns":5},{"damage":28,"enemies":"R_Hoarder","floor":45,"turns":8},{"damage":3,"enemies":"Giant Head","floor":47,"turns":7},{"damage":78,"enemies":"4 Shapes","floor":48,"turns":3}],"seed_played":"4580661739168851385","potions_obtained":[{"floor":3,"key":"champ:CounterPotion"},{"floor":12,"key":"Elixir"},{"floor":16,"key":"champ:CounterPotion"},{"floor":20,"key":"ColorlessPotion"},{"floor":22,"key":"ColorlessPotion"},{"floor":30,"key":"Adrenaline Potion"},{"floor":33,"key":"AttackPotion"},{"floor":45,"key":"GamblersBrew"}],"is_trial":false,"path_per_floor":["M","?","M","M","M","?","M","R","T","R","?","M","?","?","R_BF","B",null,"M","M","M","AVR","M","R","E","R","T","?","$","?","M","M","R","B",null,"M","?","?","$","?","M","R","M","T","M","E","$","E","M"],"character_chosen":"DEFECT","items_purchased":["expansioncontent:StudyTheSpire","Defragment+1","Gremlin Horn","infinitespire:Satchel","Compile Driver"],"campfire_rested":0,"item_purchase_floors":[28,28,38,46,46],"current_hp_per_floor":[75,75,75,75,75,20,25,25,25,25,34,67,67,58,58,42,63,46,51,43,43,60,63,63,63,63,63,63,35,63,63,63,63,63,62,62,54,54,14,38,59,63,63,63,50,50,63,0,0],"gold":183,"neow_bonus":"","is_daily":true,"chose_seed":false,"campfire_upgraded":4,"win_rate":0.0,"timestamp":1608157483,"path_taken":["M","?","M","M","?","?","?","R","T","R","?","M","?","?","R_BF","BOSS","M","M","M","AVR","M","R","E","R","T","?","$","?","M","M","R","BOSS","M","?","?","?","?","?","R","M","T","M","E","$","E","M"],"items_purchased_type":["Card","Card","Relic","Relic","Card"],"build_version":"2020-12-13","purchased_purges":3,"victory":false,"max_hp_per_floor":[75,75,75,75,75,75,75,75,75,75,84,84,84,84,84,84,63,63,63,63,63,63,63,63,63,63,63,63,63,63,63,63,63,63,63,63,63,63,63,63,63,63,63,63,63,63,63,63,63],"relic_stats":{"Gremlin Horn":[3,3],"counters":[23,122],"Eternal Feather":24,"Prayer Wheel":0,"Pen Nib":[7],"Black Star":3,"Bag of Preparation":[14],"Whetstone":["Strike_B","Strike_B"],"War Paint":["Defend_B","Prostrate"],"obtain_stats":[{"infinitespire:BottledMercury":21,"Gremlin Horn":38,"Blue Doll":39,"Hallownest:DreamNailRelic":2,"hubris:SlimyHat":9,"Bag of Preparation":39,"Whetstone":45,"Ancient Tea Set":6,"hubris:Icosahedron":13,"aspiration:ArtOfWarUpgrade":10,"Philosopher\u0027s Stone":34,"Prayer Wheel":48,"Red Mask":29,"Cracked Core":0,"hubris:TinFlute":17,"Eternal Feather":15,"Pen Nib":17,"War Paint":45,"Calling Bell":17,"infinitespire:EvilPickle":33,"Anchor":24,"Replay:Baseball":47,"infinitespire:Lychee Nut":17,"infinitespire:Satchel":46,"Art of War":6,"Black Star":21,"infinitespire:EmpoweringShard":24,"hubris:ToyBattleship":26,"Runesmith:AutoHammer":47,"infinitespire:Freezer":6,"infinitespire:Midas Blood":43},{"infinitespire:BottledMercury":10,"Gremlin Horn":17,"Blue Doll":17,"Hallownest:DreamNailRelic":1,"hubris:SlimyHat":5,"Bag of Preparation":17,"Whetstone":21,"Ancient Tea Set":4,"hubris:Icosahedron":6,"aspiration:ArtOfWarUpgrade":5,"Philosopher\u0027s Stone":16,"Prayer Wheel":23,"Red Mask":13,"Cracked Core":0,"hubris:TinFlute":7,"Eternal Feather":6,"Pen Nib":7,"War Paint":21,"Calling Bell":7,"infinitespire:EvilPickle":16,"Anchor":12,"Replay:Baseball":22,"infinitespire:Lychee Nut":7,"infinitespire:Satchel":21,"Art of War":4,"Black Star":10,"infinitespire:EmpoweringShard":12,"hubris:ToyBattleship":12,"Runesmith:AutoHammer":22,"infinitespire:Freezer":4,"infinitespire:Midas Blood":19},{"infinitespire:BottledMercury":53,"Gremlin Horn":90,"Blue Doll":90,"Hallownest:DreamNailRelic":4,"hubris:SlimyHat":21,"Bag of Preparation":90,"Whetstone":112,"Ancient Tea Set":17,"hubris:Icosahedron":25,"aspiration:ArtOfWarUpgrade":21,"Philosopher\u0027s Stone":86,"Prayer Wheel":120,"Red Mask":70,"Cracked Core":0,"hubris:TinFlute":34,"Eternal Feather":25,"Pen Nib":34,"War Paint":112,"Calling Bell":34,"infinitespire:EvilPickle":86,"Anchor":66,"Replay:Baseball":119,"infinitespire:Lychee Nut":34,"infinitespire:Satchel":112,"Art of War":17,"Black Star":53,"infinitespire:EmpoweringShard":66,"hubris:ToyBattleship":66,"Runesmith:AutoHammer":119,"infinitespire:Freezer":17,"infinitespire:Midas Blood":99}]},"card_choices":[{"not_picked":["Evaluate","CutThroughFate"],"picked":"Loop","floor":1},{"not_picked":["EmptyFist","Skim"],"picked":"Darkness","floor":3},{"not_picked":["Cold Snap","Scrape"],"picked":"ReachHeaven","floor":4},{"not_picked":["BasicCrystalCard","CrushJoints"],"picked":"Replay:ManipulateFuture","floor":5},{"not_picked":["aspiration:Polymerization","Coolheaded"],"picked":"LikeWater","floor":7},{"not_picked":["Brilliance","Replay:BluntJabs"],"picked":"Prostrate","floor":12},{"not_picked":["Replay:AllIn","Thunder Strike"],"picked":"Devotion","floor":16},{"not_picked":["CrushJoints","Turbo+1"],"picked":"EmptyBody+1","floor":18},{"not_picked":["Panic Button","Replay:ManipulateFuture","Self Repair"],"picked":"SKIP","floor":19},{"not_picked":["Gash","Rebound","Blasphemy"],"picked":"SKIP","floor":20},{"not_picked":["BattleHymn","Evaluate"],"picked":"Sweeping Beam","floor":22},{"not_picked":["Halt","ReplayTheSpireMod:Repulse+1"],"picked":"Perseverance+1","floor":24},{"not_picked":["Compile Driver","FlyingSleeves"],"picked":"hubris:PowerSurge","floor":29},{"not_picked":["aspiration:Polymerization","SignatureMove"],"picked":"Evaluate+1","floor":30},{"not_picked":["hubris:Ukulele","BasicCrystalCard+1"],"picked":"White Noise","floor":31},{"not_picked":["Ragnarok","Wish"],"picked":"DeusExMachina","floor":33},{"not_picked":["JustLucky","Replay:ManipulateFuture+1"],"picked":"Hello World+1","floor":35},{"not_picked":["Panic Button+1","Protect"],"picked":"Redo+1","floor":40},{"not_picked":["Cold Snap+1","Crescendo+1"],"picked":"Fusion","floor":42},{"not_picked":["BowlingBash+1","Cold Snap"],"picked":"Replay:DivineShield+1","floor":44},{"not_picked":["Mirror Shield","Redo+1"],"picked":"FIFO Queue+1","floor":45},{"not_picked":["EmptyBody+1","EmptyFist"],"picked":"Replay:ManipulateFuture","floor":47}],"player_experience":252912,"relics_obtained":[{"floor":9,"key":"hubris:SlimyHat"},{"floor":15,"key":"Eternal Feather"},{"floor":17,"key":"Pen Nib"},{"floor":17,"key":"hubris:TinFlute"},{"floor":17,"key":"infinitespire:Lychee Nut"},{"floor":24,"key":"Anchor"},{"floor":24,"key":"infinitespire:EmpoweringShard"},{"floor":26,"key":"hubris:ToyBattleship"},{"floor":29,"key":"Red Mask"},{"floor":43,"key":"infinitespire:Midas Blood"},{"floor":45,"key":"Whetstone"},{"floor":45,"key":"War Paint"},{"floor":47,"key":"Replay:Baseball"},{"floor":47,"key":"Runesmith:AutoHammer"}],"event_choices":[{"damage_healed":0,"gold_gain":0,"player_choice":"RE RE RE ","damage_taken":61,"relics_obtained":["Ancient Tea Set","infinitespire:Freezer","Art of War"],"max_hp_gain":0,"max_hp_loss":0,"event_name":"betterSkull:BetterSkull","floor":6,"gold_loss":0,"cards_upgraded":[]},{"damage_healed":0,"gold_gain":0,"player_choice":"Fought Bandits","damage_taken":0,"max_hp_gain":0,"max_hp_loss":0,"event_name":"Masked Bandits","floor":29,"gold_loss":0},{"damage_healed":0,"gold_gain":0,"player_choice":"Embrace Madness","damage_taken":8,"max_hp_gain":0,"max_hp_loss":0,"event_name":"Winding Halls","floor":37,"gold_loss":0,"cards_obtained":["Madness","Madness"]},{"damage_healed":0,"gold_gain":0,"player_choice":"RE RE UP ","damage_taken":46,"relics_obtained":["Blue Doll","Bag of Preparation"],"max_hp_gain":0,"max_hp_loss":0,"event_name":"betterSkull:BetterSkull","floor":39,"gold_loss":0,"cards_upgraded":["DeusExMachina"]}],"is_beta":false,"boss_relics":[{"not_picked":["Runesmith:UraniumAnvil","aspiration:FutureDiary"],"picked":"Calling Bell"},{"not_picked":["hubris:BlackHole","expansioncontent:StudyCardRelic"],"picked":"Philosopher\u0027s Stone"}],"items_purged_floors":[21,28,38],"is_endless":false,"potions_floor_spawned":[3,12,16,20,22,30,33,45],"killed_by":"4 Shapes","ascension_level":0}}