{"host":"nwyj08ts91jkyezn","time":1608092214,"event":{"mods":["AchievementEnabler","BaseMod","Colored Map","DeckTracker","Minty Spire (QoL Compilation)","Rare Cards Sparkle","StSLib","SuperFastMode","everything is the same but u backflip on backflip"],"gold_per_floor":[115,115,133,4,21,56,56,90,136,136,211,238,238,256,256,359,359,379,132,149,149,24,24,59,74,74,74,74,85,85,112,112,209,209,227,227,78,88,88,88],"floor_reached":39,"playtime":1362,"items_purged":["Defend_B","Strike_B","Decay"],"score":642,"play_id":"dd4ce5ee-3637-4d7c-8f42-2e71d7b9238c","local_time":"20201216131654","is_ascension_mode":true,"campfire_choices":[{"data":"Defragment","floor":7.0,"key":"SMITH"},{"floor":10.0,"key":"REST"},{"data":"Creative AI","floor":15.0,"key":"SMITH"},{"data":"Seek","floor":23.0,"key":"SMITH"},{"data":"Coolheaded","floor":28.0,"key":"SMITH"},{"floor":30.0,"key":"REST"},{"floor":32.0,"key":"REST"}],"circlet_count":0,"master_deck":["Strike_B+1","Strike_B+1","Defend_B","Defend_B","Zap","Dualcast","Genetic Algorithm","Rebound","Conserve Battery","Defragment+1","Creative AI+1","Seek+1","CurseOfTheBell","Reboot","Doom and Gloom+1","Coolheaded+1","Coolheaded+1","Buffer","Multi-Cast","Defragment","Compile Driver+1"],"relics":["Cracked Core","Whetstone","Symbiotic Virus","Ancient Tea Set","Lantern","InkBottle","Calling Bell","Vajra","Molten Egg 2","Emotion Chip","Blue Candle","Calipers","Question Card","Black Star","OrangePellets"],"acts_visited":["Exordium","TheCity","TheBeyond"],"potions_floor_usage":[39],"damage_taken":[{"damage":4.0,"enemies":"2 Louse","floor":1.0,"turns":2.0},{"damage":0.0,"enemies":"Small Slimes","floor":3.0,"turns":2.0},{"damage":1.0,"enemies":"Cultist","floor":5.0,"turns":3.0},{"damage":18.0,"enemies":"Lagavulin","floor":6.0,"turns":7.0},{"damage":18.0,"enemies":"3 Sentries","floor":8.0,"turns":6.0},{"damage":37.0,"enemies":"Gremlin Nob","floor":12.0,"turns":5.0},{"damage":0.0,"enemies":"3 Louse","floor":14.0,"turns":3.0},{"damage":0.0,"enemies":"Hexaghost","floor":16.0,"turns":8.0},{"damage":19.0,"enemies":"Chosen","floor":18.0,"turns":7.0},{"damage":22.0,"enemies":"Spheric Guardian","floor":20.0,"turns":4.0},{"damage":20.0,"enemies":"Book of Stabbing","floor":24.0,"turns":4.0},{"damage":13.0,"enemies":"Snake Plant","floor":25.0,"turns":4.0},{"damage":8.0,"enemies":"3 Cultists","floor":29.0,"turns":4.0},{"damage":28.0,"enemies":"Slavers","floor":31.0,"turns":3.0},{"damage":0.0,"enemies":"Champ","floor":33.0,"turns":9.0},{"damage":20.0,"enemies":"3 Shapes","floor":35.0,"turns":5.0},{"damage":7,"enemies":"Orb Walker","floor":38,"turns":3},{"damage":55,"enemies":"Writhing Mass","floor":39,"turns":8}],"seed_played":"5806571713509790209","potions_obtained":[{"floor":1.0,"key":"BlessingOfTheForge"},{"floor":3.0,"key":"PowerPotion"},{"floor":12.0,"key":"BlessingOfTheForge"},{"floor":14.0,"key":"FocusPotion"},{"floor":18.0,"key":"BlessingOfTheForge"},{"floor":20.0,"key":"ColorlessPotion"},{"floor":29.0,"key":"SpeedPotion"},{"floor":35.0,"key":"Energy Potion"}],"is_trial":false,"path_per_floor":["M","?","M","$","M","E","R","E","T","R","?","E","?","M","R","B",null,"M","$","M","?","$","R","E","M","T","?","R","M","R","E","R","B",null,"M","?","$","M","M"],"character_chosen":"DEFECT","items_purchased":["Conserve Battery","Reboot","OrangePellets"],"campfire_rested":3,"item_purchase_floors":[4,19,37],"current_hp_per_floor":[71,64,64,64,63,45,45,27,27,49,38,1,1,1,1,1,75,56,56,34,34,34,34,14,1,1,26,26,18,40,12,34,34,75,55,55,55,48,0,0],"gold":88,"neow_bonus":"RANDOM_COMMON_RELIC","is_daily":false,"chose_seed":false,"campfire_upgraded":4,"win_rate":0.0,"timestamp":1608092214,"path_taken":["M","?","M","$","M","E","R","E","T","R","?","E","?","M","R","BOSS","M","$","M","?","$","R","E","?","T","?","R","M","R","E","R","BOSS","M","?","$","?","?"],"items_purchased_type":["Card","Card","Relic"],"build_version":"2020-12-13","purchased_purges":3,"victory":false,"max_hp_per_floor":[75,75,75,75,75,75,75,75,75,75,75,75,75,75,75,75,75,75,75,75,75,75,75,75,75,75,75,75,75,75,75,75,75,75,75,75,75,75,75,75],"card_choices":[{"not_picked":["Reinforced Body","Conserve Battery"],"picked":"Genetic Algorithm","floor":1.0},{"not_picked":["Leap","Turbo"],"picked":"Rebound","floor":3.0},{"not_picked":["Machine Learning","BootSequence"],"picked":"Defragment","floor":5.0},{"not_picked":["Gash","Leap","Hello World"],"picked":"SKIP","floor":6.0},{"not_picked":["Melter","Genetic Algorithm","Cold Snap"],"picked":"SKIP","floor":8.0},{"not_picked":["Blizzard","Sweeping Beam"],"picked":"Creative AI","floor":12.0},{"not_picked":["Beam Cell","Gash","Melter"],"picked":"SKIP","floor":14.0},{"not_picked":["Amplify","Electrodynamics"],"picked":"Seek","floor":16.0},{"not_picked":["Sunder+1","Blizzard+1","Streamline+1"],"picked":"SKIP","floor":18.0},{"not_picked":["Recycle","Stack"],"picked":"Doom and Gloom+1","floor":20.0},{"not_picked":["Fission","Go for the Eyes+1"],"picked":"Coolheaded+1","floor":24.0},{"not_picked":["Turbo","Cold Snap+1"],"picked":"Coolheaded","floor":25.0},{"not_picked":["Static Discharge","Streamline+1","FTL+1"],"picked":"SKIP","floor":29.0},{"not_picked":["Cold Snap+1","Steam Power"],"picked":"Buffer","floor":31.0},{"not_picked":["Seek","Biased Cognition","Thunder Strike+1"],"picked":"Multi-Cast","floor":33.0},{"not_picked":["Leap","Cold Snap+1","Ball Lightning+1"],"picked":"Defragment","floor":35.0},{"not_picked":["Rebound+1","Coolheaded","Go for the Eyes+1"],"picked":"Compile Driver+1","floor":38}],"player_experience":1062856,"relics_obtained":[{"floor":6.0,"key":"Symbiotic Virus"},{"floor":8.0,"key":"Ancient Tea Set"},{"floor":9.0,"key":"Lantern"},{"floor":12.0,"key":"InkBottle"},{"floor":17.0,"key":"Vajra"},{"floor":17.0,"key":"Molten Egg 2"},{"floor":17.0,"key":"Emotion Chip"},{"floor":24.0,"key":"Blue Candle"},{"floor":26.0,"key":"Calipers"},{"floor":31.0,"key":"Question Card"}],"event_choices":[{"cards_removed":["Strike_B"],"damage_healed":0.0,"max_hp_gain":0.0,"max_hp_loss":0.0,"gold_gain":0.0,"event_name":"Golden Wing","player_choice":"Card Removal","floor":2.0,"gold_loss":0.0,"damage_taken":7.0},{"damage_healed":0.0,"max_hp_gain":0.0,"max_hp_loss":0.0,"gold_gain":75.0,"event_name":"World of Goop","player_choice":"Gather Gold","floor":11.0,"gold_loss":0.0,"damage_taken":11.0},{"damage_healed":0.0,"max_hp_gain":0.0,"max_hp_loss":0.0,"gold_gain":0.0,"event_name":"Scrap Ooze","player_choice":"Fled","floor":13.0,"gold_loss":0.0,"damage_taken":0.0},{"damage_healed":0.0,"max_hp_gain":0.0,"max_hp_loss":0.0,"gold_gain":0.0,"event_name":"Wheel of Change","player_choice":"Cursed","floor":21.0,"gold_loss":0.0,"damage_taken":0.0,"cards_obtained":["Decay"]},{"damage_healed":25.0,"max_hp_gain":0.0,"max_hp_loss":0.0,"gold_gain":0.0,"event_name":"The Library","player_choice":"Heal","floor":27.0,"gold_loss":0.0,"damage_taken":0.0},{"cards_removed":["Defend_B"],"damage_healed":0.0,"max_hp_gain":0.0,"max_hp_loss":0.0,"gold_gain":0.0,"event_name":"Purifier","player_choice":"Purged","floor":36.0,"gold_loss":0.0,"damage_taken":0.0}],"is_beta":false,"boss_relics":[{"not_picked":["SlaversCollar","Snecko Eye"],"picked":"Calling Bell"},{"not_picked":["Runic Dome","Sozu"],"picked":"Black Star"}],"items_purged_floors":[4,19,22],"is_endless":false,"potions_floor_spawned":[1,3,12,14,18,20,29,35],"killed_by":"Writhing Mass","ascension_level":4}}