{"host":"is2s59edl8twrhoj","time":1608120491,"event":{"mods":["BaseMod","Colored Map","Colored Powertips","DeckTracker","Downfall","Minty Spire (QoL Compilation)","StSLib"],"gold_per_floor":[199,100,100,135,135,135,135,147,147,159,171,156,173,191,201,296,296,296,86,102,102,116,116,116],"floor_reached":23,"playtime":1685,"items_purged":["Slimebound:FlameTackle"],"score":191,"play_id":"c1ba83d7-fb70-41cc-8e62-2d37c2873748","local_time":"20201216120811","is_ascension_mode":false,"campfire_choices":[{"data":"Slimebound:Split","floor":1,"key":"SMITH"},{"data":"Slimebound:CorrosiveSpit","floor":3,"key":"SMITH"},{"data":"Slimebound:AcidTongue","floor":6,"key":"SMITH"},{"floor":9,"key":"REST"},{"data":"Slimebound:Equalize","floor":18,"key":"SMITH"},{"data":"Slimebound:RainOfGoop","floor":21,"key":"SMITH"}],"circlet_count":0,"master_deck":["Slimebound:Split+1","Slimebound:CorrosiveSpit+1","Slimebound:LeechEnergy","expansioncontent:DarkVoid","Slimebound:AcidTongue+1","Slimebound:GrowthPunch","Slimebound:SplitMire","Slimebound:Schlurp","Slimebound:DisruptingSlam","Slimebound:RainOfGoop+1","Slimebound:ViciousTackle","Slimebound:SplitLeeching","Slimebound:SelfFormingGoo","Slimebound:Equalize+1","Slimebound:SplitBruiser","Slimebound:SpikyOuterGoop","Slimebound:LeechEnergy+1"],"relics":["Slimebound:AbsorbEndCombat","Dream Catcher","Bottled Tornado","Pandora\u0027s Box","Membership Card"],"acts_visited":["Exordium","TheCity"],"potions_floor_usage":[20,23],"damage_taken":[{"damage":8,"enemies":"downfall:FleeingMerchant","floor":2,"turns":4},{"damage":38,"enemies":"Gremlin Nob","floor":4,"turns":4},{"damage":18,"enemies":"2 Louse","floor":8,"turns":3},{"damage":4,"enemies":"Small Slimes","floor":10,"turns":2},{"damage":13,"enemies":"Jaw Worm","floor":11,"turns":3},{"damage":17,"enemies":"downfall:FleeingMerchant","floor":12,"turns":4},{"damage":10,"enemies":"Blue Slaver","floor":13,"turns":3},{"damage":11,"enemies":"3 Louse","floor":14,"turns":3},{"damage":21,"enemies":"Large Slime","floor":15,"turns":4},{"damage":53,"enemies":"downfall:Silent","floor":16,"turns":11},{"damage":33,"enemies":"downfall:FleeingMerchant","floor":19,"turns":4},{"damage":38,"enemies":"Shell Parasite","floor":20,"turns":4},{"damage":31,"enemies":"3 Byrds","floor":22,"turns":4},{"damage":81,"enemies":"Slavers","floor":23,"turns":2}],"seed_played":"-641077559630116033","potions_obtained":[{"floor":4,"key":"Regen Potion"},{"floor":8,"key":"Energy Potion"},{"floor":10,"key":"Swift Potion"},{"floor":13,"key":"Strength Potion"},{"floor":16,"key":"champ:CounterPotion"}],"is_trial":false,"path_per_floor":["R","$","R","E","?","R","T","M","R","M","M","$","M","M","M","B",null,"R","$","M","R","M","E"],"character_chosen":"SLIMEBOUND","items_purchased":["expansioncontent:DarkVoid","Membership Card"],"campfire_rested":1,"item_purchase_floors":[2,19],"current_hp_per_floor":[60,60,60,34,34,34,34,24,42,46,51,52,56,57,58,41,60,60,47,37,37,50,0,0],"gold":116,"neow_bonus":"HUNDRED_GOLD","is_daily":false,"chose_seed":false,"campfire_upgraded":5,"win_rate":0.0,"timestamp":1608120491,"path_taken":["R","$","R","E","?","R","T","M","R","M","M","$","M","M","M","BOSS","R","$","M","R","M","E"],"items_purchased_type":["Card","Relic"],"build_version":"2020-12-13","purchased_purges":1,"victory":false,"max_hp_per_floor":[60,60,60,60,60,60,60,60,60,60,60,60,60,60,60,60,60,60,60,60,60,60,60,60],"card_choices":[{"not_picked":["Slimebound:GoopSpray","Slimebound:SlimeSpikes"],"picked":"Slimebound:LeechEnergy","floor":2},{"not_picked":["Slimebound:BestDefense","Slimebound:LeechingTouch"],"picked":"Slimebound:AcidTongue","floor":4},{"not_picked":["Slimebound:ViciousTackle","Slimebound:SplitAcid"],"picked":"Slimebound:GrowthPunch","floor":8},{"not_picked":["Slimebound:GrowthPunch","Slimebound:DisruptingSlam"],"picked":"Slimebound:SplitMire","floor":9},{"not_picked":["Slimebound:ComboTackle","Slimebound:FinishingTackle","Slimebound:SlimeSpikes"],"picked":"SKIP","floor":10},{"not_picked":["Slimebound:Chomp","Slimebound:GoopSpray","Slimebound:FlameTackle"],"picked":"SKIP","floor":11},{"not_picked":["Slimebound:GrowthPunch","Slimebound:MassRepurpose"],"picked":"Slimebound:Schlurp","floor":12},{"not_picked":["Slimebound:FirmFortitude","Slimebound:SamplingLick"],"picked":"Slimebound:DisruptingSlam","floor":13},{"not_picked":["Slimebound:SlimeBrawl","Slimebound:FinishingTackle","Slimebound:LeechingTouch"],"picked":"SKIP","floor":14},{"not_picked":["Slimebound:PressTheAttack","Slimebound:SplitMire","Slimebound:Grow"],"picked":"SKIP","floor":15},{"not_picked":["Slimebound:FinishingTackle","Slimebound:LeechingTouch"],"picked":"Slimebound:SpikyOuterGoop","floor":19},{"not_picked":["Slimebound:DisruptingSlam","Slimebound:SlimeBarrage","Slimebound:Schlurp"],"picked":"SKIP","floor":20},{"not_picked":["Slimebound:Prepare","Slimebound:SlimeSpikes"],"picked":"Slimebound:LeechEnergy+1","floor":22}],"player_experience":633674,"relics_obtained":[{"floor":4,"key":"Dream Catcher"},{"floor":7,"key":"Bottled Tornado"}],"event_choices":[{"cards_removed":["Slimebound:Tackle"],"damage_healed":0,"gold_gain":0,"player_choice":"Card Removal","damage_taken":0,"max_hp_gain":0,"max_hp_loss":0,"event_name":"The Cleric","floor":5,"gold_loss":0}],"is_beta":false,"boss_relics":[{"not_picked":["Tiny House","Runic Dome"],"picked":"Pandora\u0027s Box"}],"items_purged_floors":[19],"is_endless":false,"potions_floor_spawned":[4,8,10,13,15,16],"killed_by":"Slavers","ascension_level":0}}