{"host":"1tmagqyeywr2w44t","time":1608114817,"event":{"mods":["2.2 Compatiblity","BaseMod","Colored Powertips","Marisa£¨Ùöéë¡¡Øª×âÞÞ£©","Minty Spire (QoL Compilation)","Rare Cards Sparkle","Replay The Spire","StSLib","SuperFastMode","The Cursed"],"gold_per_floor":[110,190,190,118,132,132,166,166,166,183,183,183,210,230,230,331,331,343,204,547,564,564,589,606,640,666,678,711,724,724,735,797,893,893,904,904,924,935,935,935,947,972,972,999,999,1034,1044,1055,1055,1055,1055,1055,16,50,50],"floor_reached":56,"playtime":2915,"items_purged":[],"score":2305,"play_id":"e23422c3-5ba6-421f-afcf-d2ed04c0f439","local_time":"20201216193337","is_ascension_mode":true,"campfire_choices":[{"data":"TheCursedMod:ParallelWorld","floor":6,"key":"SMITH"},{"data":"TheCursedMod:LuckyCharm","floor":8,"key":"SMITH"},{"data":"TheCursedMod:AbyssShockwave","floor":12,"key":"SMITH"},{"floor":15,"key":"RECALL"},{"data":"TheCursedMod:CursedShiv","floor":30,"key":"SMITH"},{"data":"TheCursedMod:CleanUpWorkshop","floor":40,"key":"SMITH"},{"data":"TheCursedMod:CircleOfAbyss","floor":45,"key":"SMITH"},{"data":"TheCursedMod:ManaCirculation","floor":49,"key":"SMITH"},{"data":"TheCursedMod:CursedSpellbook","floor":52,"key":"SMITH"}],"circlet_count":0,"master_deck":["TheCursedMod:CleanUpWorkshop+1","TheCursedMod:CursedAmulet+1","TheCursedMod:HellfireBreathing","TheCursedMod:HellfireBreathing","TheCursedMod:SpitefulPlan","TheCursedMod:LuckyCharm+1","TheCursedMod:CursedSpellbook+1","TheCursedMod:NeowsMight+1","TheCursedMod:ParallelWorld+1","TheCursedMod:CircleOfAmplification+1","TheCursedMod:AbyssShockwave+1","TheCursedMod:BlessingInDisguise","TheCursedMod:AshesToAshes","TheCursedMod:CursedShiv+1","TheCursedMod:Wield","TheCursedMod:RapidMovement","TheCursedMod:ManaCirculation+1","TheCursedMod:CircleOfAbyss+1","ReplayTheSpireMod:Splinters","TheCursedMod:Hemoplague","TheCursedMod:FleshFromBone+1","TheCursedMod:Neurasthenia+1","TheCursedMod:TacticalStrike+1","TheCursedMod:PrepareRite+1","TheCursedMod:HellfireBreathing","TheCursedMod:CursedRelics","Transmutation"],"relics":["TheCursedMod:BlackMagicAdvanced","Dream Catcher","Oddly Smooth Stone","Mercury Hourglass","Art of War","Busted Crown","Old Coin","Divine Protection","ReplayTheSpireMod:Lightbulb","Replay:Mystery Machine","The Courier","Painkiller Herb","Toy Ornithopter","Sundial","TheCursedMod:Tack","Lantern","TheCursedMod:BloodyHarpoon","Mummified Hand","Garlic","Bag of Preparation","Ornamental Fan"],"acts_visited":["Exordium","TheCity","TheBeyond","TheEnding"],"potions_floor_usage":[13,28,28,35,42,50,55,55,55],"damage_taken":[{"damage":0.0,"enemies":"Small Slimes","floor":1.0,"turns":1.0},{"damage":0,"enemies":"Jaw Worm","floor":5,"turns":2},{"damage":0,"enemies":"Lagavulin","floor":7,"turns":3},{"damage":0,"enemies":"2 Louse","floor":10,"turns":1},{"damage":0,"enemies":"3 Sentries","floor":13,"turns":1},{"damage":0,"enemies":"2 Fungi Beasts","floor":14,"turns":1},{"damage":3,"enemies":"Fading Forest","floor":16,"turns":11},{"damage":4,"enemies":"Chosen","floor":18,"turns":3},{"damage":3,"enemies":"Shell Parasite","floor":21,"turns":3},{"damage":0,"enemies":"Gremlin Leader","floor":23,"turns":2},{"damage":0,"enemies":"Snake Plant","floor":24,"turns":3},{"damage":0,"enemies":"Replay:Snechameleon","floor":25,"turns":4},{"damage":0,"enemies":"Centurion and Healer","floor":27,"turns":3},{"damage":5,"enemies":"Slavers","floor":28,"turns":2},{"damage":0,"enemies":"Chosen and Byrds","floor":29,"turns":3},{"damage":0,"enemies":"Shelled Parasite and Fungi","floor":31,"turns":2},{"damage":7,"enemies":"Collector","floor":33,"turns":7},{"damage":0,"enemies":"3 Darklings","floor":35,"turns":2},{"damage":0,"enemies":"Orb Walker","floor":37,"turns":3},{"damage":0,"enemies":"Maw","floor":38,"turns":4},{"damage":0,"enemies":"3 Darklings","floor":41,"turns":2},{"damage":0,"enemies":"Reptomancer","floor":42,"turns":4},{"damage":0,"enemies":"Giant Head","floor":44,"turns":5},{"damage":0,"enemies":"R_Hoarder","floor":46,"turns":7},{"damage":0,"enemies":"Spire Growth","floor":47,"turns":4},{"damage":0,"enemies":"4 Shapes","floor":48,"turns":3},{"damage":0,"enemies":"Donu and Deca","floor":50,"turns":5},{"damage":0,"enemies":"Shield and Spear","floor":54,"turns":4},{"damage":0,"enemies":"The Heart","floor":55,"turns":6}],"seed_played":"4570920599839655689","potions_obtained":[{"floor":1.0,"key":"Swift Potion"},{"floor":7,"key":"BlessingOfTheForge"},{"floor":14,"key":"Dexterity Potion"},{"floor":18,"key":"SkillPotion"},{"floor":28,"key":"GamblersBrew"},{"floor":33,"key":"SteroidPotion"},{"floor":35,"key":"Fruit Juice"},{"floor":38,"key":"LiquidMemories"},{"floor":41,"key":"Explosive Potion"},{"floor":46,"key":"AttackPotion"}],"is_trial":false,"path_per_floor":["M","?","?","$","M","R","E","R","T","M","?","R","E","M","R","B",null,"M","$","?","M","?","E","M","E","T","M","E","M","R","M","R","B",null,"?","?","?","?","?","T","?","E","T","E","T","E","?","?","T","B",null,"T","T","E","B",null],"character_chosen":"THE_CURSED","items_purchased":["TheCursedMod:BlessingInDisguise","TheCursedMod:CircleOfAbyss","TheCursedMod:CursedRelics","Transmutation","TheCursedMod:BloodyHarpoon","Mummified Hand","Garlic","Bag of Preparation","Dexterity Potion"],"campfire_rested":0,"item_purchase_floors":[4,19,53,53,53,53,53,53,53],"current_hp_per_floor":[68,68,53,53,53,53,53,53,53,53,50,50,50,50,50,47,68,64,64,64,61,61,61,61,61,61,61,56,56,56,56,56,49,69,74,74,74,74,74,74,74,79,79,79,79,79,79,79,79,80,80,80,80,80,80],"gold":50,"neow_bonus":"UPGRADE_CARD","is_daily":false,"chose_seed":false,"campfire_upgraded":8,"win_rate":0.0,"timestamp":1608114817,"path_taken":["M","?","?","?","M","R","E","R","T","M","?","R","E","M","R","BOSS","M","$","?","M","?","E","?","E","T","M","E","M","R","M","R","BOSS","?","?","?","?","?","T","?","E","T","E","T","E","?","?","T","BOSS","T","T","E","BOSS"],"items_purchased_type":["Card","Card","Card","Card","Relic","Relic","Relic","Relic","Potion"],"build_version":"2020-12-13","purchased_purges":0,"victory":true,"max_hp_per_floor":[75,75,75,75,75,75,75,75,75,75,75,75,75,75,75,75,75,75,75,75,75,75,75,75,75,75,75,75,75,75,75,75,75,75,80,80,80,80,80,80,80,80,80,80,80,80,80,80,80,80,80,80,80,80,80],"card_choices":[{"not_picked":["TheCursedMod:Stretching","TheCursedMod:CursedArmor"],"picked":"TheCursedMod:AbyssShockwave","floor":1.0},{"not_picked":["TheCursedMod:Torture","TheCursedMod:CircleOfFocus"],"picked":"TheCursedMod:AshesToAshes","floor":5},{"not_picked":["TheCursedMod:SmokeScreen","TheCursedMod:CursedAmulet"],"picked":"TheCursedMod:CursedShiv","floor":7},{"not_picked":["TheCursedMod:ReleasedKnowledge","TheCursedMod:CircleOfFlame"],"picked":"TheCursedMod:Wield","floor":10},{"not_picked":["TheCursedMod:CursedShiv","TheCursedMod:ManaBullet"],"picked":"TheCursedMod:RapidMovement","floor":13},{"not_picked":["TheCursedMod:ManaBullet","TheCursedMod:SpitefulStrike","TheCursedMod:RapidMovement"],"picked":"SKIP","floor":14},{"not_picked":["TheCursedMod:StunningStrike","TheCursedMod:CursedRelics"],"picked":"TheCursedMod:ManaCirculation","floor":16},{"not_picked":["TheCursedMod:EmpowerCircles+1"],"picked":"SKIP","floor":18},{"not_picked":[],"picked":"TheCursedMod:Hemoplague","floor":20},{"not_picked":["TheCursedMod:RapidMovement+1"],"picked":"SKIP","floor":21},{"not_picked":["TheCursedMod:Mangle"],"picked":"SKIP","floor":23},{"not_picked":["TheCursedMod:SpreadPlague+1"],"picked":"SKIP","floor":24},{"not_picked":["TheCursedMod:CursedShiv"],"picked":"SKIP","floor":25},{"not_picked":["TheCursedMod:SpitefulPlan"],"picked":"SKIP","floor":27},{"not_picked":["TheCursedMod:CursedMace"],"picked":"SKIP","floor":28},{"not_picked":["TheCursedMod:CursedBlade"],"picked":"SKIP","floor":29},{"not_picked":[],"picked":"TheCursedMod:FleshFromBone+1","floor":31},{"not_picked":[],"picked":"TheCursedMod:Neurasthenia","floor":33},{"not_picked":["TheCursedMod:TacticalStrike"],"picked":"SKIP","floor":35},{"not_picked":[],"picked":"TheCursedMod:TacticalStrike+1","floor":37},{"not_picked":[],"picked":"TheCursedMod:PrepareRite+1","floor":38},{"not_picked":["TheCursedMod:FuryStrike"],"picked":"SKIP","floor":41},{"not_picked":[],"picked":"TheCursedMod:HellfireBreathing","floor":42},{"not_picked":["TheCursedMod:SaltUponWound"],"picked":"SKIP","floor":44},{"not_picked":["TheCursedMod:CursedArmor+1"],"picked":"SKIP","floor":46},{"not_picked":["TheCursedMod:CircleOfFlame+1"],"picked":"SKIP","floor":47},{"not_picked":["TheCursedMod:Wield+1"],"picked":"SKIP","floor":48},{"not_picked":["TheCursedMod:PrepareRite+1"],"picked":"SKIP","floor":54}],"player_experience":158763,"relics_obtained":[{"floor":7,"key":"Dream Catcher"},{"floor":9,"key":"Oddly Smooth Stone"},{"floor":13,"key":"Art of War"},{"floor":20,"key":"Old Coin"},{"floor":23,"key":"Divine Protection"},{"floor":25,"key":"ReplayTheSpireMod:Lightbulb"},{"floor":26,"key":"Replay:Mystery Machine"},{"floor":28,"key":"The Courier"},{"floor":42,"key":"Sundial"},{"floor":44,"key":"TheCursedMod:Tack"},{"floor":46,"key":"Lantern"},{"floor":54,"key":"Ornamental Fan"}],"event_choices":[{"damage_healed":0,"gold_gain":0,"player_choice":"Entered Light","damage_taken":15,"max_hp_gain":0,"max_hp_loss":0,"event_name":"Shining Light","floor":3,"gold_loss":0,"cards_upgraded":["TheCursedMod:CursedAmulet","TheCursedMod:NeowsMight"]},{"damage_healed":0,"gold_gain":0,"player_choice":"Success","damage_taken":3,"relics_obtained":["Mercury Hourglass"],"max_hp_gain":0,"max_hp_loss":0,"event_name":"Scrap Ooze","floor":11,"gold_loss":0},{"damage_healed":0,"gold_gain":0,"player_choice":"Ignored","damage_taken":0,"max_hp_gain":0,"max_hp_loss":0,"event_name":"Fountain of Cleansing","floor":22,"gold_loss":0},{"damage_healed":0,"gold_gain":0,"player_choice":"Gave Potion","damage_taken":0,"relics_obtained":["Toy Ornithopter"],"max_hp_gain":0,"max_hp_loss":0,"event_name":"WeMeetAgain","floor":36,"gold_loss":0},{"damage_healed":0,"gold_gain":0,"player_choice":"Forge","damage_taken":0,"max_hp_gain":0,"max_hp_loss":0,"event_name":"Accursed Blacksmith","floor":39,"gold_loss":0,"cards_upgraded":["TheCursedMod:Neurasthenia"]}],"is_beta":false,"boss_relics":[{"not_picked":["Astrolabe","SacredBark"],"picked":"Busted Crown"},{"not_picked":["Runic Pyramid","Tiny House"],"picked":"Painkiller Herb"}],"items_purged_floors":[],"is_endless":false,"potions_floor_spawned":[1,7,14,18,24,27,28,33,35,38,41,46,54],"ascension_level":8}}