{"host":"bux1pdxjwq4dkad9","time":1608103295,"event":{"mods":["BaseMod","Colored Map","Minty Spire (QoL Compilation)","Quick Restart","Robot Space Explorer","StSLib","SuperFastMode","The Alterego","°æ“≈ŒÔMod°øºÚµ•”Œœ∑"],"gold_per_floor":[167,111,121,46,57,57,89,107,107,107,124,145,145,166,166,166,266,266,288,288,309,324,344,379,379,412,438,475,72,110,126,144,144,251,251,273,53,53,73,93,93,131,6,6,6,37,62,62,62,62,67,67,67,67,98,98],"floor_reached":56,"playtime":1405,"items_purged":["alterego_mod:Strike","alterego_mod:Strike+1","alterego_mod:Strike+1"],"score":2453,"play_id":"31eb9b9f-dcb8-4f60-ac74-c729e9447c32","local_time":"20201216152135","is_ascension_mode":true,"campfire_choices":[{"data":"alterego_mod:Belle","floor":8,"key":"SMITH"},{"data":"alterego_mod:Mirror","floor":12,"key":"SMITH"},{"data":"alterego_mod:IndependentAction","floor":15,"key":"SMITH"},{"data":"alterego_mod:Venus","floor":24,"key":"SMITH"},{"data":"alterego_mod:Table","floor":32,"key":"SMITH"},{"data":"alterego_mod:GIGAMILK","floor":40,"key":"SMITH"},{"floor":49,"key":"RECALL"},{"data":"alterego_mod:Birthday","floor":52,"key":"SMITH"}],"circlet_count":0,"master_deck":["AscendersBane","alterego_mod:Defend","alterego_mod:Defend","alterego_mod:Defend+1","alterego_mod:Defend","alterego_mod:Impale+1","alterego_mod:BigMeatyClaws","alterego_mod:BrynhildrsRune","alterego_mod:TrashNCrash+1","alterego_mod:Cooking+1","alterego_mod:IndependentAction+1","alterego_mod:Mirror+1","alterego_mod:Undulate","alterego_mod:Venus+1","alterego_mod:Nekomimi+1","alterego_mod:GIGAMILK+1","alterego_mod:Table+1","alterego_mod:AlterEgo+1","alterego_mod:Birthday+1","Trip","Bandage Up","Panache+1","Madness","Madness","alterego_mod:GachaTicket+1"],"relics":["EasyRelic","NeowsBlessing","Mercury Hourglass","HornCleat","SlaversCollar","Nloth\u0027s Gift","Frozen Egg 2","Happy Flower","Whetstone","InkBottle","ClockworkSouvenir","War Paint","Pantograph","Philosopher\u0027s Stone","Medical Kit","Boot","Lantern","Eternal Feather"],"acts_visited":["Exordium","TheCity","TheBeyond","TheEnding"],"potions_floor_usage":[55,55],"damage_taken":[{"damage":0.0,"enemies":"Small Slimes","floor":1.0,"turns":1.0},{"damage":0,"enemies":"2 Louse","floor":2,"turns":1},{"damage":0,"enemies":"Cultist","floor":4,"turns":1},{"damage":0,"enemies":"Lagavulin","floor":6,"turns":6},{"damage":0,"enemies":"Large Slime","floor":7,"turns":4},{"damage":0,"enemies":"Exordium Thugs","floor":10,"turns":4},{"damage":0,"enemies":"Gremlin Gang","floor":11,"turns":2},{"damage":0,"enemies":"Exordium Wildlife","floor":13,"turns":2},{"damage":0,"enemies":"The Guardian","floor":16,"turns":6},{"damage":0,"enemies":"Spheric Guardian","floor":18,"turns":3},{"damage":0,"enemies":"Chosen","floor":20,"turns":4},{"damage":0,"enemies":"3 Cultists","floor":21,"turns":3},{"damage":0,"enemies":"Centurion and Healer","floor":22,"turns":7},{"damage":0,"enemies":"Book of Stabbing","floor":23,"turns":6},{"damage":0,"enemies":"Gremlin Leader","floor":25,"turns":5},{"damage":0,"enemies":"Book of Stabbing","floor":27,"turns":4},{"damage":0,"enemies":"Gremlin Leader","floor":29,"turns":5},{"damage":0,"enemies":"Snecko","floor":30,"turns":3},{"damage":0,"enemies":"Shelled Parasite and Fungi","floor":31,"turns":2},{"damage":0,"enemies":"Collector","floor":33,"turns":4},{"damage":0,"enemies":"3 Shapes","floor":35,"turns":2},{"damage":0,"enemies":"Orb Walker","floor":38,"turns":3},{"damage":0,"enemies":"Maw","floor":39,"turns":6},{"damage":0,"enemies":"Giant Head","floor":41,"turns":2},{"damage":0,"enemies":"Nemesis","floor":45,"turns":3},{"damage":0,"enemies":"4 Shapes","floor":46,"turns":2},{"damage":0,"enemies":"Awakened One","floor":50,"turns":4},{"damage":0,"enemies":"Shield and Spear","floor":54,"turns":1},{"damage":0,"enemies":"The Heart","floor":55,"turns":6}],"seed_played":"582896947895859023","potions_obtained":[{"floor":4,"key":"Explosive Potion"},{"floor":7,"key":"SteroidPotion"},{"floor":11,"key":"PowerPotion"},{"floor":16,"key":"PowerPotion"}],"is_trial":false,"path_per_floor":["M","M","$","M","?","E","M","R","T","M","M","R","M","?","R","B",null,"M","?","M","M","M","E","R","E","T","E","$","E","M","M","R","B",null,"M","$","?","M","M","R","E","$","T","$","E","M","?","?","R","B",null,"R","$","E","B",null],"character_chosen":"The_Alterego","items_purchased":["ClockworkSouvenir","War Paint","Medical Kit","alterego_mod:AlterEgo+1"],"campfire_rested":0,"item_purchase_floors":[28,28,36,36],"current_hp_per_floor":[63,63,63,63,63,49,59,62,62,62,65,68,68,70,70,70,70,70,70,70,70,70,70,70,70,70,70,70,70,70,70,70,70,70,70,70,70,70,70,70,70,70,70,70,70,70,70,60,51,51,70,70,70,70,70,70],"gold":98,"neow_bonus":"THREE_ENEMY_KILL","is_daily":false,"chose_seed":false,"campfire_upgraded":7,"win_rate":0.0,"timestamp":1608103295,"path_taken":["M","M","$","M","?","E","M","R","T","M","M","R","M","?","R","BOSS","M","?","M","M","M","E","R","E","T","E","$","E","M","M","R","BOSS","M","$","?","M","M","R","E","$","T","$","E","M","?","?","R","BOSS","R","$","E","BOSS"],"items_purchased_type":["Relic","Relic","Relic","Card"],"build_version":"2020-12-13","purchased_purges":3,"victory":true,"max_hp_per_floor":[70,70,70,70,70,70,70,70,70,70,70,70,70,70,70,70,70,70,70,70,70,70,70,70,70,70,70,70,70,70,70,70,70,70,70,70,70,70,70,70,70,70,70,70,70,70,70,70,70,70,70,70,70,70,70,70],"card_choices":[{"not_picked":["alterego_mod:DiscoLights","alterego_mod:TrashNCrash"],"picked":"alterego_mod:Belle","floor":1},{"not_picked":["alterego_mod:Clones","alterego_mod:PurpleHair"],"picked":"alterego_mod:TrashNCrash","floor":2},{"not_picked":["alterego_mod:PerceptionDisorder","alterego_mod:Skirt"],"picked":"alterego_mod:Cooking","floor":4},{"not_picked":["alterego_mod:Valentines","alterego_mod:VirginLaserPalladion"],"picked":"alterego_mod:IndependentAction","floor":6},{"not_picked":["alterego_mod:BusterCard","alterego_mod:GoddessCore","alterego_mod:Table"],"picked":"SKIP","floor":7},{"not_picked":["alterego_mod:Mirror","alterego_mod:Clap","alterego_mod:SuperDuperMasochism"],"picked":"SKIP","floor":10},{"not_picked":["alterego_mod:IndependentAction","alterego_mod:HighServant"],"picked":"alterego_mod:Mirror","floor":11},{"not_picked":["alterego_mod:GoddessCore","alterego_mod:DiscoLights","alterego_mod:HighServant"],"picked":"SKIP","floor":13},{"not_picked":["alterego_mod:BiFurious","alterego_mod:GoddessCore","alterego_mod:Valentines+1"],"picked":"SKIP","floor":18},{"not_picked":["alterego_mod:Cooking","alterego_mod:Maid"],"picked":"alterego_mod:Undulate","floor":20},{"not_picked":["alterego_mod:Jiggle","alterego_mod:Santa"],"picked":"alterego_mod:Venus","floor":21},{"not_picked":["alterego_mod:1TonWallop+1","alterego_mod:Complex"],"picked":"alterego_mod:Nekomimi+1","floor":22},{"not_picked":["alterego_mod:Support+1","alterego_mod:Cycle"],"picked":"alterego_mod:GIGAMILK","floor":23},{"not_picked":["alterego_mod:InsideBaseball+1","alterego_mod:Cooking","alterego_mod:Cycle+1"],"picked":"SKIP","floor":25},{"not_picked":["alterego_mod:Complex","alterego_mod:GoddessCore","alterego_mod:PainIsPleasure+1"],"picked":"SKIP","floor":27},{"not_picked":["alterego_mod:Rip","alterego_mod:BiFurious+1","alterego_mod:MagicResistance+1"],"picked":"SKIP","floor":29},{"not_picked":["alterego_mod:Schoolgirl","alterego_mod:Complex","alterego_mod:DeftHands+1"],"picked":"SKIP","floor":30},{"not_picked":["alterego_mod:Cycle+1","alterego_mod:Table","alterego_mod:BustOut+1"],"picked":"SKIP","floor":31},{"not_picked":["alterego_mod:Cycle+1","alterego_mod:BustOut+1"],"picked":"alterego_mod:Table","floor":31},{"not_picked":["alterego_mod:DiscoLights+1","alterego_mod:PresenceConcealment+1","alterego_mod:HighServant"],"picked":"SKIP","floor":35},{"not_picked":["alterego_mod:Mirror+1","alterego_mod:BusterCard","alterego_mod:PresenceConcealment+1"],"picked":"SKIP","floor":38},{"not_picked":["alterego_mod:Mirror+1","alterego_mod:BusterCard","alterego_mod:PresenceConcealment+1"],"picked":"SKIP","floor":38},{"not_picked":["alterego_mod:BustOut+1","alterego_mod:Bounce","alterego_mod:Maid"],"picked":"SKIP","floor":39},{"not_picked":["alterego_mod:Support+1","alterego_mod:Mirror+1","alterego_mod:Vow"],"picked":"SKIP","floor":41},{"not_picked":["alterego_mod:Exercise","alterego_mod:Vow","alterego_mod:HighServant+1"],"picked":"SKIP","floor":45},{"not_picked":["alterego_mod:Undulate","alterego_mod:Bounce+1"],"picked":"alterego_mod:Birthday","floor":46},{"not_picked":["Swift Strike","Flash of Steel"],"picked":"Trip","floor":47},{"not_picked":["The Bomb","HandOfGreed"],"picked":"Bandage Up","floor":47},{"not_picked":["Mind Blast","Dramatic Entrance"],"picked":"Panache+1","floor":47},{"not_picked":["alterego_mod:GIGAMILK","alterego_mod:MaintainEyeContact+1"],"picked":"alterego_mod:GachaTicket+1","floor":54}],"player_experience":2347508,"relics_obtained":[{"floor":6,"key":"Mercury Hourglass"},{"floor":9,"key":"HornCleat"},{"floor":23,"key":"Frozen Egg 2"},{"floor":25,"key":"Happy Flower"},{"floor":26,"key":"Whetstone"},{"floor":27,"key":"InkBottle"},{"floor":29,"key":"Pantograph"},{"floor":41,"key":"Boot"},{"floor":45,"key":"Lantern"},{"floor":54,"key":"Eternal Feather"}],"event_choices":[{"damage_healed":0,"gold_gain":0,"player_choice":"Entered Light","damage_taken":14,"max_hp_gain":0,"max_hp_loss":0,"event_name":"Shining Light","floor":5,"gold_loss":0,"cards_upgraded":["alterego_mod:TrashNCrash","alterego_mod:Strike"]},{"cards_removed":["alterego_mod:Strike"],"damage_healed":0,"gold_gain":0,"player_choice":"Forget","damage_taken":0,"max_hp_gain":0,"max_hp_loss":0,"event_name":"Living Wall","floor":14,"gold_loss":0},{"damage_healed":0,"gold_gain":0,"player_choice":"Traded Relic","damage_taken":0,"relics_obtained":["Nloth\u0027s Gift"],"max_hp_gain":0,"max_hp_loss":0,"event_name":"N\u0027loth","floor":19,"relics_lost":["alterego_mod:MasochisticConstitution"],"gold_loss":0},{"damage_healed":0,"gold_gain":0,"player_choice":"Ignored","damage_taken":0,"max_hp_gain":0,"max_hp_loss":0,"event_name":"Tomb of Lord Red Mask","floor":37,"gold_loss":0},{"damage_healed":0,"gold_gain":0,"player_choice":"Memory 3","damage_taken":10,"max_hp_gain":0,"max_hp_loss":0,"event_name":"SensoryStone","floor":47,"gold_loss":0},{"damage_healed":0,"gold_gain":0,"player_choice":"Embrace Madness","damage_taken":9,"max_hp_gain":0,"max_hp_loss":0,"event_name":"Winding Halls","floor":48,"gold_loss":0,"cards_obtained":["Madness","Madness"]}],"is_beta":false,"boss_relics":[{"not_picked":["Busted Crown","Sozu"],"picked":"SlaversCollar"},{"not_picked":["Runic Pyramid","Fusion Hammer"],"picked":"Philosopher\u0027s Stone"}],"items_purged_floors":[3,28,42],"is_endless":false,"potions_floor_spawned":[4,7,11,16,18,21,22,25,31,35,46],"ascension_level":11}}