{"host":"Teixeira","time":1608161903,"event":{"mods":["2.2 Compatiblity","BaseMod","Colored Map","Colored Powertips","Downfall","Hermit","Hubris","Minty Spire (QoL Compilation)","Permanent Neow","Rare Cards Sparkle","Relic Filter","Replay The Spire","Spicy Shops","StSLib","SuperFastMode"],"gold_per_floor":[99,128,128,128,155,155,181,198,198,198,212,226,241,25,44,146,146,146,178,197,208,208,308,308,116,135,135,149,217,16,36,36,36],"floor_reached":32,"playtime":3835,"items_purged":["hexamod:Haunted","Pain"],"score":422,"play_id":"819b123a-19ce-420d-9bc9-ebab116e9958","local_time":"20201216203823","is_ascension_mode":false,"campfire_choices":[{"data":"champ:Taunt","floor":1,"key":"SMITH"},{"data":"champ:EnGarde","floor":6,"key":"SMITH"},{"data":"champ:Backstep","floor":9,"key":"SMITH"},{"data":"champ:DefensiveShout","floor":18,"key":"SMITH"},{"data":"champ:TornadoPunch","floor":22,"key":"SMITH"},{"data":"champ:MurderStrike","floor":27,"key":"SMITH"}],"circlet_count":0,"master_deck":["champ:Strike","champ:Strike","champ:Strike","champ:Strike","champ:Defend","champ:Defend","champ:Defend","champ:Defend","champ:Execute","champ:Taunt+1","champ:EnGarde+1","champ:Backstep+1","champ:StanceDance","champ:DeathBlow","champ:IronFortress","champ:Circumvent","champ:FlashCut","champ:DefensiveShout+1","champ:RecklessLeap","champ:StanceDance","champ:DancingMaster","Injury","Injury","champ:TornadoPunch+1","champ:MurderStrike+1","champ:GladiatorsShout+1","champ:DefensiveStyle+1","champ:FocusedDefense","champ:GutPunch+1"],"relics":["champ:ChampionCrown","downfall:HeartsMalice","Centennial Puzzle","CaptainsWheel","hubris:TenFootPole","ReplayTheSpireMod:Ring of Challenge","ReplayTheSpireMod:Ring of Addiction","SacredBark","hubris:EmptyBottle","Replay:Ancient Bell","Bag of Marbles","ReplayTheSpireMod:Shallot","Bird Faced Urn","hubris:ToyBattleship","downfall:CloakOfManyFaces","CultistMask","FaceOfCleric","NlothsMask","GremlinMask","SsserpentHead","Replay:Wax Seal","Membership Card","Membership Card","champ:BerserkersGuideToSlaughter"],"acts_visited":["Exordium","TheCity"],"potions_floor_usage":[16,16,19,19,21,32],"damage_taken":[{"damage":0,"enemies":"Lagavulin","floor":2,"turns":1},{"damage":0,"enemies":"Small Slimes","floor":3,"turns":1},{"damage":0,"enemies":"Gremlin Nob","floor":5,"turns":1},{"damage":0,"enemies":"2 Louse","floor":8,"turns":2},{"damage":25,"enemies":"Cultist","floor":11,"turns":3},{"damage":20,"enemies":"3 Louse","floor":12,"turns":3},{"damage":4,"enemies":"Blue Slaver","floor":13,"turns":3},{"damage":25,"enemies":"downfall:FleeingMerchant","floor":14,"turns":4},{"damage":53,"enemies":"Gremlin Gang","floor":15,"turns":4},{"damage":3,"enemies":"downfall:Watcher","floor":16,"turns":3},{"damage":18,"enemies":"Slavers","floor":19,"turns":3},{"damage":56,"enemies":"3 Byrds","floor":20,"turns":5},{"damage":47,"enemies":"Snecko","floor":21,"turns":6},{"damage":35,"enemies":"downfall:FaceTrader","floor":23,"turns":7},{"damage":51,"enemies":"downfall:FleeingMerchant","floor":25,"turns":4},{"damage":23,"enemies":"Shelled Parasite and Fungi","floor":26,"turns":4},{"damage":12,"enemies":"Snake Plant","floor":28,"turns":4},{"damage":15,"enemies":"Sentry and Sphere","floor":29,"turns":4},{"damage":21,"enemies":"downfall:FleeingMerchant","floor":30,"turns":4},{"damage":15,"enemies":"Centurion and Healer","floor":31,"turns":6},{"damage":41,"enemies":"Cultist and Chosen","floor":32,"turns":4}],"seed_played":"6729524058437239700","potions_obtained":[{"floor":5,"key":"PowerPotion"},{"floor":10,"key":"SkillPotion"},{"floor":10,"key":"Venom Potion"},{"floor":12,"key":"Explosive Potion"},{"floor":19,"key":"AttackPotion"},{"floor":21,"key":"Adrenaline Potion"},{"floor":31,"key":"DuplicationPotion"}],"is_trial":false,"path_per_floor":["R","E","M","?","E","R","T","M","R","?","M","M","M","$","M","B",null,"R","E","M","M","R","?","T","$","M","R","M","M","$","M","M"],"character_chosen":"THE_CHAMP","items_purchased":["champ:DefensiveShout","champ:RecklessLeap","Replay:Wax Seal","champ:BerserkersGuideToSlaughter","champ:FocusedDefense"],"campfire_rested":0,"item_purchase_floors":[14,14,25,30,30],"current_hp_per_floor":[90,90,90,90,90,90,90,90,90,90,90,90,86,84,71,71,88,88,87,70,66,66,63,63,50,32,32,23,26,30,35,0,0],"gold":36,"neow_bonus":"THREE_ENEMY_KILL","is_daily":false,"chose_seed":false,"campfire_upgraded":6,"win_rate":0.0,"timestamp":1608161903,"path_taken":["R","E","M","?","E","R","T","M","R","?","M","M","M","$","M","BOSS","R","E","M","M","R","?","T","$","M","R","M","?","$","M","M"],"items_purchased_type":["Card","Card","Relic","Relic","Card"],"build_version":"2020-11-17","purchased_purges":2,"victory":false,"max_hp_per_floor":[90,90,90,90,90,90,90,90,90,90,90,90,90,88,88,88,88,88,88,88,88,88,88,88,87,88,88,87,88,89,88,88,88],"card_choices":[{"not_picked":["champ:Backstep","champ:BerserkerStyle"],"picked":"champ:EnGarde","floor":2},{"not_picked":["champ:FanOfKnives","champ:FocusedBerserking"],"picked":"champ:Backstep","floor":3},{"not_picked":["champ:FaceSlap","champ:IgnorePain"],"picked":"champ:StanceDance","floor":5},{"not_picked":["champ:Haymaker","champ:CrookedStrike"],"picked":"champ:DeathBlow","floor":8},{"not_picked":["champ:Encircle","champ:ViciousMockery"],"picked":"champ:IronFortress","floor":11},{"not_picked":["champ:BringItOn","champ:DeathBlow"],"picked":"champ:Circumvent","floor":12},{"not_picked":["champ:FightOn","champ:StanceDance","champ:Shatter"],"picked":"SKIP","floor":13},{"not_picked":["champ:EndlessRage","champ:BringItOn"],"picked":"champ:FlashCut","floor":14},{"not_picked":["champ:PerfectedStrike","champ:AdrenalArmor"],"picked":"champ:StanceDance","floor":15},{"not_picked":["champ:IgnorePain","champ:LastStand"],"picked":"champ:DancingMaster","floor":16},{"not_picked":["hubris:Compulsion","Pain"],"picked":"Injury","floor":17},{"not_picked":["hubris:Lust","sneckomod:Bewildered"],"picked":"Injury","floor":17},{"not_picked":["hubris:Despair","hubris:Envy"],"picked":"Pain","floor":17},{"not_picked":["champ:RecklessLeap+1","champ:Encircle+1","champ:DefensiveShout"],"picked":"SKIP","floor":19},{"not_picked":["champ:Backstep","champ:FalseCounter","champ:CrookedStrike"],"picked":"SKIP","floor":20},{"not_picked":["champ:Backstep","champ:AdrenalArmor"],"picked":"champ:TornadoPunch","floor":21},{"not_picked":["champ:StanceDance","champ:HeartStrike"],"picked":"champ:MurderStrike","floor":23},{"not_picked":["champ:StanceDance","champ:RisingSlash","champ:DeathBlow"],"picked":"SKIP","floor":25},{"not_picked":["champ:CrookedStrike+1","champ:StanceDance"],"picked":"champ:GladiatorsShout+1","floor":26},{"not_picked":["champ:StanceDance","champ:FightOn","champ:TornadoPunch"],"picked":"SKIP","floor":28},{"not_picked":["champ:ShieldWall","champ:BladeFlurry"],"picked":"champ:DefensiveStyle+1","floor":29},{"not_picked":["champ:Haymaker+1","champ:BerserkersShout","champ:PreciseThrust"],"picked":"SKIP","floor":30},{"not_picked":["champ:ViciousMockery","champ:Haymaker"],"picked":"champ:GutPunch+1","floor":31}],"player_experience":52530,"relics_obtained":[{"floor":2,"key":"Centennial Puzzle"},{"floor":5,"key":"CaptainsWheel"},{"floor":7,"key":"hubris:TenFootPole"},{"floor":10,"key":"ReplayTheSpireMod:Ring of Challenge"},{"floor":10,"key":"ReplayTheSpireMod:Ring of Addiction"},{"floor":10,"key":"SacredBark"},{"floor":10,"key":"hubris:EmptyBottle"},{"floor":19,"key":"hubris:ToyBattleship"},{"floor":23,"key":"downfall:CloakOfManyFaces"}],"event_choices":[],"is_beta":true,"boss_relics":[{"not_picked":["expansioncontent:StudyCardRelic","Astrolabe"],"picked":"Replay:Ancient Bell"},{"not_picked":["Anchor","Dream Catcher"],"picked":"Bag of Marbles"},{"not_picked":["Question Card","Garlic"],"picked":"ReplayTheSpireMod:Shallot"},{"not_picked":["Unceasing Top","Replay:PocketPolymizer"],"picked":"Bird Faced Urn"}],"items_purged_floors":[14,25],"is_endless":false,"potions_floor_spawned":[5,11,12,19,21,23,31],"killed_by":"Cultist and Chosen","ascension_level":0}}