{"host":"1c52r9kaxdyo25eq","time":1608138158,"event":{"mods":["AchievementEnabler","BaseMod","Minty Spire (QoL Compilation)","Rare Cards Sparkle","SuperFastMode","everything is the same but u backflip on backflip"],"gold_per_floor":[362,362,175,100,400,400,410,410,410,425,92,125,125,138,138,215,215,228,68,68,68,86,86,86,86],"floor_reached":24,"playtime":463,"items_purged":["Decay"],"score":384,"play_id":"3fda7235-be43-46aa-abda-73a077ad35b7","local_time":"20201217020238","is_ascension_mode":true,"campfire_choices":[{"data":"Neutralize","floor":6,"key":"SMITH"},{"data":"Prepared","floor":8,"key":"SMITH"},{"data":"Bouncing Flask","floor":13,"key":"SMITH"},{"floor":15,"key":"REST"},{"floor":23,"key":"REST"}],"circlet_count":0,"master_deck":["AscendersBane","Strike_G","Strike_G","Strike_G","Strike_G","Strike_G","Defend_G","Defend_G","Defend_G","Defend_G","Survivor","Neutralize+1","Prepared+1","Underhanded Strike","Deadly Poison","Bouncing Flask+1","Burst","Adrenaline","Escape Plan+1"],"relics":["Ring of the Snake","Old Coin","Sundial","Torii","Question Card","Sozu","TwistedFunnel"],"acts_visited":["Exordium","TheCity"],"potions_floor_usage":[22],"damage_taken":[{"damage":9,"enemies":"Jaw Worm","floor":1,"turns":5},{"damage":3,"enemies":"2 Louse","floor":7,"turns":3},{"damage":7,"enemies":"Small Slimes","floor":10,"turns":3},{"damage":64,"enemies":"Gremlin Nob","floor":12,"turns":5},{"damage":24,"enemies":"Exordium Thugs","floor":14,"turns":4},{"damage":3,"enemies":"The Guardian","floor":16,"turns":7},{"damage":10,"enemies":"Shell Parasite","floor":18,"turns":3},{"damage":9,"enemies":"2 Thieves","floor":22,"turns":3},{"damage":33,"enemies":"Book of Stabbing","floor":24,"turns":4}],"seed_played":"-5162820814240789444","potions_obtained":[{"floor":7,"key":"FairyPotion"},{"floor":14,"key":"Ancient Potion"},{"floor":16,"key":"PowerPotion"}],"is_trial":false,"path_per_floor":["M","?","$","?","T","R","M","R","T","M","$","E","R","M","R","B",null,"M","$","?","?","M","R","E"],"character_chosen":"THE_SILENT","items_purchased":["FairyPotion","Torii","TwistedFunnel"],"campfire_rested":2,"item_purchase_floors":[3,11,19],"current_hp_per_floor":[50,50,50,50,50,50,47,47,47,40,40,19,19,19,38,35,58,48,48,48,30,21,42,9,9],"gold":86,"neow_bonus":"TWO_FIFTY_GOLD","is_daily":false,"chose_seed":false,"campfire_upgraded":3,"win_rate":0.0,"timestamp":1608138158,"path_taken":["M","?","$","?","?","R","M","R","T","M","$","E","R","M","R","BOSS","M","$","?","?","M","R","E"],"items_purchased_type":["Potion","Relic","Relic"],"build_version":"2020-12-13","purchased_purges":1,"victory":false,"max_hp_per_floor":[66,66,66,66,66,66,66,66,66,66,66,66,66,66,66,66,66,66,66,66,71,71,71,71,71],"card_choices":[{"not_picked":["Concentrate","Backflip"],"picked":"Prepared","floor":1},{"not_picked":["Sucker Punch","PiercingWail","Underhanded Strike"],"picked":"SKIP","floor":7},{"not_picked":["Sucker Punch","PiercingWail"],"picked":"Underhanded Strike","floor":7},{"not_picked":["Blade Dance","Masterful Stab"],"picked":"Deadly Poison","floor":10},{"not_picked":["Dagger Throw","All Out Attack"],"picked":"Bouncing Flask","floor":12},{"not_picked":["Cloak And Dagger","Terror","Dagger Spray"],"picked":"Burst","floor":14},{"not_picked":["Corpse Explosion","After Image","Doppelganger"],"picked":"Adrenaline","floor":16},{"not_picked":["Dagger Spray","Prepared","Dodge and Roll","Outmaneuver"],"picked":"SKIP","floor":18},{"not_picked":["After Image","Expertise","Prepared+1"],"picked":"Escape Plan+1","floor":22}],"player_experience":489062,"relics_obtained":[{"floor":5,"key":"Old Coin"},{"floor":9,"key":"Sundial"},{"floor":12,"key":"Question Card"}],"event_choices":[{"damage_healed":0,"gold_gain":0,"player_choice":"Ignored","damage_taken":0,"max_hp_gain":0,"max_hp_loss":0,"event_name":"Liars Game","floor":2,"gold_loss":0},{"cards_removed":["Defend_G"],"damage_healed":0,"gold_gain":0,"player_choice":"Card Removal","damage_taken":0,"max_hp_gain":0,"max_hp_loss":0,"event_name":"The Cleric","floor":4,"gold_loss":75},{"damage_healed":0,"gold_gain":0,"player_choice":"Ignored","damage_taken":0,"max_hp_gain":0,"max_hp_loss":0,"event_name":"Vampires","floor":20,"gold_loss":0},{"damage_healed":0,"gold_gain":0,"player_choice":"Shed Blood","damage_taken":23,"max_hp_gain":5,"max_hp_loss":0,"event_name":"Forgotten Altar","floor":21,"gold_loss":0}],"is_beta":false,"boss_relics":[{"not_picked":["SlaversCollar","WristBlade"],"picked":"Sozu"}],"items_purged_floors":[3],"is_endless":false,"potions_floor_spawned":[7,14,16,22],"killed_by":"Book of Stabbing","ascension_level":20}}