{"host":"l8lkgdumzpe3823a","time":1608153991,"event":{"mods":["Aspiration","BaseMod","Better Note","Colored Powertips","Curses Come First","Custom Start","DeckTracker","Defuse TimeMaze Blight","Highlight Path","Hubris","Infinite Spire","Minty Spire (QoL Compilation)","Quick Restart","Replay The Spire","Shop Mod","StSLib","SuperFastMode","The Construct","The Dragon Tamer","vexMod"],"gold_per_floor":[110,122,122,173,173,189,189,209,236,236,265,285,133,147,147,147,147],"floor_reached":16,"playtime":690,"items_purged":["Strike_G"],"score":117,"play_id":"3f7ae571-9133-41f3-ba0e-8dc7107ccd24","local_time":"20201216152631","is_ascension_mode":true,"campfire_choices":[{"data":"Blur","floor":7,"key":"SMITH"},{"data":"Pot Of Greed","floor":10,"key":"SMITH"},{"floor":15,"key":"REST"}],"circlet_count":0,"master_deck":["Strike_G","Strike_G","Strike_G","Strike_G","Defend_G+1","Defend_G","Defend_G","Defend_G","Defend_G","Survivor","Neutralize","Blur+1","Blur+1","Deadly Poison","Pot Of Greed+1","Pot Of Greed+1","Acrobatics","Noxious Fumes"],"relics":["Ring of the Snake","NeowsBlessing","vexMod:BarristanHead","vexMod:FocusSash","Grinning Jar","War Paint"],"acts_visited":["Exordium"],"potions_floor_usage":[16,16,16],"damage_taken":[{"damage":0,"enemies":"Small Slimes","floor":1,"turns":1},{"damage":0,"enemies":"Jaw Worm","floor":2,"turns":1},{"damage":0,"enemies":"2 Louse","floor":6,"turns":1},{"damage":5,"enemies":"Exordium Wildlife","floor":8,"turns":10},{"damage":26,"enemies":"3 Sentries","floor":11,"turns":20},{"damage":0,"enemies":"Looter","floor":12,"turns":4},{"damage":0,"enemies":"Blue Slaver","floor":14,"turns":6},{"damage":48,"enemies":"Slime Boss","floor":16,"turns":13}],"seed_played":"5521602044927168042","potions_obtained":[{"floor":1,"key":"CunningPotion"},{"floor":2,"key":"Adrenaline Potion"},{"floor":6,"key":"ColorlessPotion"},{"floor":12,"key":"Energy Potion"}],"is_trial":false,"path_per_floor":["M","M","?","T","?","M","R","M","T","R","E","M","$","M","R","B"],"character_chosen":"THE_SILENT","items_purchased":["Noxious Fumes"],"campfire_rested":1,"item_purchase_floors":[13],"current_hp_per_floor":[70,70,70,70,58,58,58,53,53,53,27,27,27,27,48,0,0],"gold":147,"neow_bonus":"THREE_ENEMY_KILL","is_daily":false,"chose_seed":false,"campfire_upgraded":2,"win_rate":0.0,"timestamp":1608153991,"path_taken":["M","M","?","?","?","M","R","M","T","R","E","M","$","M","R","BOSS"],"items_purchased_type":["Card"],"build_version":"2020-12-13","purchased_purges":1,"victory":false,"max_hp_per_floor":[70,70,70,70,70,70,70,70,70,70,70,70,70,70,70,70,70],"card_choices":[{"not_picked":["Dagger Throw","Prepared"],"picked":"Blur","floor":1},{"not_picked":["Quick Slash","Cloak And Dagger"],"picked":"Blur","floor":2},{"not_picked":["Leg Sweep","Flying Knee","Dagger Throw"],"picked":"SKIP","floor":6},{"not_picked":["Deflect","Sucker Punch"],"picked":"Deadly Poison","floor":8},{"not_picked":["Dash","hubris:SlightOfHand","Endless Agony"],"picked":"SKIP","floor":11},{"not_picked":["Skewer","Hidden Blade"],"picked":"Acrobatics","floor":12},{"not_picked":["All Out Attack","Prepared","Eviscerate"],"picked":"SKIP","floor":14}],"player_experience":558880,"relics_obtained":[{"floor":4,"key":"vexMod:BarristanHead"},{"floor":9,"key":"Grinning Jar"},{"floor":11,"key":"War Paint"}],"event_choices":[{"damage_healed":0,"gold_gain":0,"player_choice":"Grow","damage_taken":0,"max_hp_gain":0,"max_hp_loss":0,"event_name":"Living Wall","floor":3,"gold_loss":0,"cards_upgraded":["Blur"]},{"damage_healed":0,"gold_gain":0,"player_choice":"Success","damage_taken":12,"relics_obtained":["vexMod:FocusSash"],"max_hp_gain":0,"max_hp_loss":0,"event_name":"Scrap Ooze","floor":5,"gold_loss":0}],"is_beta":false,"boss_relics":[],"items_purged_floors":[13],"is_endless":false,"potions_floor_spawned":[1,2,6,12],"killed_by":"Slime Boss","ascension_level":3}}