{"host":"c9m2z2wmcavfgdp8","time":1608141235,"event":{"mods":["2.2 Compatiblity","Act Like it!","Aspiration","BaseMod","Better Third Choice","Conspire","Downfall","Ekko","Elementarium","Energized Spire","Friendly Minions","GifTheSpireLib","Hallownest","Hermit","Hubris","Infinite Spire","Jorbs\u0027s Wanderer Trilogy","Koishi","Luminous","Marisa????????","Menagerie","Minty Spire (QoL Compilation)","Pale of the Ancients","Permanent Neow","Potionbrewer","Prisma Mod","READ ME - Guardian Mod","Remilia??????","Replay The Spire","SCP261 Mod","Shop Mod","StSLib","The Animator","The Blackbeard","The Bug Knight","The Cursed","The Death Knight","The Disciple","The Exalted","The Hierophant","The Necromancer","The Servant 0.9.4","TheBandit","TheFirefly"],"gold_per_floor":[99,110,110,110,145,164,164,184,184,184],"floor_reached":9,"playtime":542,"items_purged":[],"score":61,"play_id":"58f22b76-929f-4d9a-89a7-1bd114b81ef5","local_time":"20201216185355","is_ascension_mode":false,"campfire_choices":[{"floor":4,"key":"RECALL"}],"circlet_count":0,"master_deck":["Strike_W","Strike_W+1","Strike_W","Strike_W","Defend_W","Defend_W","Defend_W","Defend_W+1","Negative_Energy_Arrows","Bone_Wall","Blood_Shield+1","Regret","Spectral_Armor","Scare","Bone_Armory"],"relics":["Vampire_Amulet","CaptainsWheel","hubris:BottledRain","Omamori"],"acts_visited":["Exordium"],"potions_floor_usage":[5,5,5],"damage_taken":[{"damage":0,"enemies":"Cultist","floor":2,"turns":4},{"damage":39,"enemies":"Lagavulin","floor":5,"turns":12},{"damage":2,"enemies":"Small Slimes","floor":6,"turns":4},{"damage":2,"enemies":"Jaw Worm","floor":8,"turns":4},{"damage":29,"enemies":"Gremlin Nob","floor":9,"turns":6}],"seed_played":"5516926808128883616","potions_obtained":[{"floor":1,"key":"Elixir"},{"floor":1,"key":"potionbrewer:MidasPotion"},{"floor":2,"key":"Swift Potion"}],"is_trial":false,"path_per_floor":["R","M","?","R","E","M","T","M","E"],"character_chosen":"NECROMANCER","items_purchased":[],"campfire_rested":0,"item_purchase_floors":[],"current_hp_per_floor":[68,68,68,68,31,33,33,33,4,4],"gold":184,"neow_bonus":"ONE_RARE_RELIC","is_daily":false,"chose_seed":false,"campfire_upgraded":0,"win_rate":0.0,"timestamp":1608141235,"path_taken":["R","M","?","R","E","M","T","M","E"],"items_purchased_type":[],"build_version":"2020-12-13","purchased_purges":0,"victory":false,"max_hp_per_floor":[68,68,68,68,68,68,68,68,68,68],"card_choices":[{"not_picked":["Bones_to_Steel","Negative_Energy_Mist"],"picked":"Blood_Shield","floor":2},{"not_picked":["Blood_Shield","Bone_Bullets"],"picked":"Spectral_Armor","floor":5},{"not_picked":["Chill_Blood","Blood_Curse"],"picked":"Scare","floor":6},{"not_picked":["Uncharnel","Negative_Energy_Javelin"],"picked":"Bone_Armory","floor":8}],"player_experience":1634694,"relics_obtained":[{"floor":5,"key":"hubris:BottledRain"},{"floor":7,"key":"Omamori"}],"event_choices":[],"is_beta":false,"boss_relics":[],"items_purged_floors":[],"is_endless":false,"potions_floor_spawned":[2],"killed_by":"Gremlin Nob","ascension_level":0}}