{"host":"fvsruk02bthdqpa4","time":1608144631,"event":{"mods":["AchievementEnabler","Aspiration","BaseMod","Colored Map","Colored Powertips","Conspire","Energized Spire","Hubris","Infinite Spire","Minty Spire (QoL Compilation)","Quick Restart","Replay The Spire","Shop Mod","StSLib","SuperFastMode","The Blue Laboratory","The Runesmith","vexMod"],"gold_per_floor":[114,45,58,71,71,98,120,120,120,120,43,43,43,63,63,159,159,178,178,178,178,178,178,33,33,33,33,33],"floor_reached":27,"playtime":1266,"items_purged":["conspire:GhostlyStrike","conspire:GhostlyDefend","conspire:GhostlyStrike"],"score":215,"play_id":"d10eedea-914d-40da-be9f-bb316cf9f2ed","local_time":"20201216135031","is_ascension_mode":true,"campfire_choices":[{"data":"Runesmith:Fortify","floor":8,"key":"SMITH"},{"data":"Runesmith:CraftFirestone","floor":10,"key":"SMITH"},{"data":"Runesmith:Firestorm","floor":12,"key":"SMITH"},{"data":"Runesmith:LithiumIon","floor":15,"key":"SMITH"},{"data":"Runesmith:OneForEveryone","floor":23,"key":"SMITH"},{"data":"Runesmith:Permafrost","floor":25,"key":"SMITH"}],"circlet_count":0,"master_deck":["conspire:GhostlyStrike","conspire:GhostlyDefend","conspire:GhostlyDefend","Runesmith:CraftFirestone+1","Runesmith:Fortify+1","Runesmith:Firestorm+1","Runesmith:OneForEveryone+1","Runesmith:FrozenChisel","Runesmith:Firestorm","Runesmith:Firestorm","Runesmith:LithiumIon+1","Runesmith:CraftMedicinae","AbeCurse","Runesmith:Permafrost+1"],"relics":["Runesmith:BrokenRuby","Happy Flower","Durian","infinitespire:Lucky Rock","Matryoshka","Abe\u0027s Treasure","vexMod:Spyglass","vexMod:FocusSash","Pen Nib"],"acts_visited":["TheCity"],"potions_floor_usage":[16,27,27],"damage_taken":[{"damage":6,"enemies":"2 Louse","floor":1,"turns":4},{"damage":0,"enemies":"conspire:RoseBush","floor":3,"turns":3},{"damage":6,"enemies":"Small Slimes","floor":4,"turns":3},{"damage":3,"enemies":"Lagavulin","floor":6,"turns":7},{"damage":7,"enemies":"Blue Slaver","floor":14,"turns":3},{"damage":17,"enemies":"The Guardian","floor":16,"turns":8},{"damage":14,"enemies":"conspire:FuzzyDice","floor":18,"turns":7},{"damage":46,"enemies":"Slavers","floor":27,"turns":4}],"seed_played":"-1315665135969356826","potions_obtained":[{"floor":1,"key":"AttackPotion"},{"floor":4,"key":"conspire:TimeTravelPotion"},{"floor":14,"key":"SteroidPotion"},{"floor":16,"key":"FearPotion"},{"floor":18,"key":"blueLaboratory:PyrophylliteBrew"}],"is_trial":false,"path_per_floor":["M","$","M","M","?","E","?","R","T","R","$","R","AVR","M","R","B",null,"M","?","?","?","AVR","R","$","R","T","E"],"character_chosen":"RUNESMITH_CLASS","items_purchased":["Runesmith:Firestorm","Runesmith:Firestorm","Runesmith:Permafrost"],"campfire_rested":0,"item_purchase_floors":[2,11,24],"current_hp_per_floor":[64,64,64,58,58,55,43,43,43,43,43,43,43,36,36,36,75,67,53,53,44,44,44,44,44,44,0,0],"gold":33,"neow_bonus":"REMOVE_CARD","is_daily":false,"chose_seed":false,"campfire_upgraded":6,"win_rate":0.0,"timestamp":1608144631,"path_taken":["M","$","M","M","?","E","?","R","T","R","$","R","AVR","M","R","BOSS","M","?","?","?","AVR","R","$","R","T","E"],"items_purchased_type":["Card","Card","Card"],"build_version":"2020-12-13","purchased_purges":3,"victory":false,"max_hp_per_floor":[70,70,70,70,70,70,75,75,75,75,75,75,75,75,75,75,75,75,80,80,80,80,80,80,80,80,80,80],"card_choices":[{"not_picked":["Runesmith:HammerTime","Runesmith:EnergizedChisel","Runesmith:HammerAndChisel"],"picked":"SKIP","floor":1},{"not_picked":["Runesmith:StaticCage","Runesmith:RuneHurl"],"picked":"Runesmith:OneForEveryone","floor":3},{"not_picked":["Runesmith:ElementalConversion","Runesmith:MakeshiftArmor","Runesmith:CraftReservo"],"picked":"SKIP","floor":4},{"not_picked":["Runesmith:UnstableHammer","Runesmith:WhiteBalance"],"picked":"Runesmith:FrozenChisel","floor":6},{"not_picked":["Runesmith:Repurpose","Runesmith:FieryHammer"],"picked":"Runesmith:Firestorm","floor":7},{"not_picked":["Runesmith:ShiftingStrike","Runesmith:HeatExchange"],"picked":"Runesmith:LithiumIon","floor":14},{"not_picked":["Runesmith:GrandSlam","Runesmith:FissionHammer"],"picked":"Runesmith:CraftMedicinae","floor":16},{"not_picked":["Runesmith:MakeshiftArmor","Runesmith:Electrocute","Runesmith:Prism+1"],"picked":"SKIP","floor":18}],"player_experience":369964,"relics_obtained":[{"floor":6,"key":"Happy Flower"},{"floor":7,"key":"Durian"},{"floor":9,"key":"infinitespire:Lucky Rock"},{"floor":26,"key":"vexMod:FocusSash"},{"floor":26,"key":"Pen Nib"}],"event_choices":[{"damage_healed":0,"gold_gain":0,"player_choice":"Agree","damage_taken":0,"max_hp_gain":0,"max_hp_loss":0,"event_name":"conspire:LoneGhost","floor":5,"gold_loss":0},{"damage_healed":0,"gold_gain":0,"player_choice":"Shed Blood","damage_taken":19,"max_hp_gain":5,"max_hp_loss":0,"event_name":"Forgotten Altar","floor":19,"gold_loss":0},{"cards_removed":["conspire:GhostlyStrike"],"damage_healed":0,"gold_gain":0,"player_choice":"Elegance","damage_taken":0,"max_hp_gain":0,"max_hp_loss":0,"event_name":"Back to Basics","floor":20,"gold_loss":0},{"damage_healed":0,"gold_gain":0,"player_choice":"Stopped","damage_taken":9,"max_hp_gain":0,"max_hp_loss":0,"event_name":"Cursed Tome","floor":21,"gold_loss":0}],"is_beta":false,"boss_relics":[{"not_picked":["aspiration:MobileForge","Astrolabe"],"picked":"Abe\u0027s Treasure"}],"items_purged_floors":[13,22,24],"is_endless":false,"potions_floor_spawned":[1,4,14,16,18],"killed_by":"Slavers","ascension_level":1}}