{"host":"uwh382mre4waz4ff","time":1608116601,"event":{"mods":["AchievementEnabler","BaseMod","Better Note","Better Third Choice","BetterRewards","Downfall","Highlight Path","HololiveMod","Minty Spire (QoL Compilation)","StSLib"],"gold_per_floor":[66,51,51,36,65,65,91,125,143,170,189,209,144,160,174,271,271,271,300,300,300,319,319,319,352,363,395,406,424,443,212,229,324,324,324,341,376,376,428,174,174,192,192,226,237,107,121,44,61,61],"floor_reached":51,"playtime":2586,"items_purged":["Hololive_Strike","Hololive_Strike","Hololive_Defend","Hololive_Defend"],"score":1212,"play_id":"2c84d0af-c8ed-4d12-9142-91abf817482b","local_time":"20201216190321","is_ascension_mode":false,"campfire_choices":[{"data":"Hololive_CallAmaneKanata","floor":1,"key":"SMITH"},{"data":"Hololive_CallOzoraSubaru","floor":6,"key":"SMITH"},{"data":"Hololive_Nanodesu","floor":18,"key":"SMITH"},{"data":"Hololive_CallUsadaPekora","floor":20,"key":"SMITH"},{"data":"Hololive_CallHoshimachiSuisei","floor":23,"key":"SMITH"},{"floor":35,"key":"RECALL"},{"floor":38,"key":"REST"},{"data":"Apotheosis","floor":43,"key":"SMITH"}],"circlet_count":0,"master_deck":["Hololive_Drill+1","Hololive_CallUruhaRushia","Hololive_CallUruhaRushia","Hololive_CallOkamiMio","Hololive_CallUsadaPekora+1","Hololive_CallAmaneKanata+1","Hololive_Nanodesu+1","Hololive_CallAZKi","Hololive_Trident+1","Hololive_CallOzoraSubaru+1","Hololive_DDD","Hololive_CallAkiRosenthal","Hololive_CallMurasakiShion+1","Hololive_CallTsunomakiWatame","Hololive_CallAyundaRisu","Hololive_CallMoonaHoshinova","Hololive_CallHoshimachiSuisei+1","Hololive_DDD","Hololive_ILoveYou","Hololive_Thief","Hololive_CallYozoraMel","Hololive_CallYogiri","Hololive_CallHimemoriLuna","Hololive_CallShishiroBotan","Hololive_CallCivia","Hololive_StarCraft","Hololive_CallDoris","Hololive_CallShirakamiFubuki+1","Hololive_CallTokinoSora","Apotheosis+1","Hololive_CallUsadaPekora","Hololive_CallUsadaPekora","Hololive_Spy","Hololive_CallFriendA"],"relics":["Hololive_TheStar","Incense Burner","Boot","Smiling Mask","Bronze Scales","Busted Crown","Eternal Feather","Pantograph","Dream Catcher","Nunchaku","Strange Spoon","Ginger","Runic Dome","Hololive_FriedShrimpLion","WingedGreaves","Ancient Tea Set","Whetstone"],"acts_visited":["Exordium","TheCity","TheBeyond"],"potions_floor_usage":[11,19,19,26,37],"damage_taken":[{"damage":0,"enemies":"downfall:FleeingMerchant","floor":2,"turns":4},{"damage":0,"enemies":"downfall:FleeingMerchant","floor":4,"turns":4},{"damage":0,"enemies":"Lagavulin","floor":5,"turns":5},{"damage":0,"enemies":"Gremlin Nob","floor":8,"turns":4},{"damage":0,"enemies":"Cultist","floor":9,"turns":3},{"damage":0,"enemies":"3 Sentries","floor":10,"turns":5},{"damage":2,"enemies":"Small Slimes","floor":11,"turns":4},{"damage":0,"enemies":"Jaw Worm","floor":12,"turns":2},{"damage":0,"enemies":"downfall:FleeingMerchant","floor":13,"turns":4},{"damage":0,"enemies":"3 Louse","floor":14,"turns":2},{"damage":0,"enemies":"Red Slaver","floor":15,"turns":2},{"damage":0,"enemies":"downfall:Silent","floor":16,"turns":4},{"damage":0,"enemies":"Slavers","floor":19,"turns":3},{"damage":0,"enemies":"Shell Parasite","floor":22,"turns":4},{"damage":0,"enemies":"Gremlin Leader","floor":25,"turns":4},{"damage":0,"enemies":"Centurion and Healer","floor":26,"turns":3},{"damage":0,"enemies":"Slavers","floor":27,"turns":4},{"damage":0,"enemies":"Shelled Parasite and Fungi","floor":28,"turns":3},{"damage":6,"enemies":"Snake Plant","floor":29,"turns":2},{"damage":0,"enemies":"Cultist and Chosen","floor":30,"turns":3},{"damage":0,"enemies":"downfall:FleeingMerchant","floor":31,"turns":3},{"damage":0,"enemies":"Shelled Parasite and Fungi","floor":32,"turns":4},{"damage":0,"enemies":"downfall:Watcher","floor":33,"turns":4},{"damage":0,"enemies":"Orb Walker","floor":36,"turns":3},{"damage":0,"enemies":"Reptomancer","floor":37,"turns":4},{"damage":0,"enemies":"2 Orb Walkers","floor":39,"turns":2},{"damage":0,"enemies":"3 Darklings","floor":42,"turns":3},{"damage":0,"enemies":"Nemesis","floor":44,"turns":4},{"damage":0,"enemies":"Writhing Mass","floor":45,"turns":4},{"damage":0,"enemies":"Jaw Worm Horde","floor":47,"turns":3},{"damage":0,"enemies":"Spire Growth","floor":49,"turns":4},{"damage":0,"enemies":"downfall:Ironclad","floor":50,"turns":6}],"seed_played":"-1243399893515460028","potions_obtained":[{"floor":8,"key":"SteroidPotion"},{"floor":9,"key":"SpeedPotion"},{"floor":11,"key":"Fruit Juice"},{"floor":14,"key":"BlessingOfTheForge"},{"floor":15,"key":"FairyPotion"},{"floor":16,"key":"DuplicationPotion"},{"floor":19,"key":"Swift Potion"},{"floor":26,"key":"Fruit Juice"},{"floor":30,"key":"EssenceOfSteel"},{"floor":37,"key":"GamblersBrew"},{"floor":39,"key":"Swift Potion"},{"floor":44,"key":"Energy Potion"},{"floor":49,"key":"Energy Potion"}],"is_trial":false,"path_per_floor":["R","$","T","$","E","R","T","E","M","E","M","M","$","M","M","B",null,"R","E","R","?","M","R","T","E","M","E","M","M","M","$","M","B",null,"R","M","E","R","?","$","T","M","R","E","M","$","M","$","M","B",null],"character_chosen":"Hololive_HololiveCharacter","items_purchased":["Hololive_CallCivia","Strange Spoon","Ginger","Apotheosis","Hololive_CallUsadaPekora","Hololive_Spy","Hololive_CallFriendA"],"campfire_rested":1,"item_purchase_floors":[31,31,31,40,40,46,48],"current_hp_per_floor":[35,35,35,35,35,35,35,35,35,35,38,38,38,38,38,38,40,40,40,40,40,40,40,40,40,45,45,45,39,39,39,39,45,45,45,45,45,45,45,45,45,45,45,45,45,45,45,45,45,45],"gold":61,"neow_bonus":"ONE_RANDOM_RARE_CARD","is_daily":false,"chose_seed":false,"campfire_upgraded":6,"win_rate":0.0,"timestamp":1608116601,"path_taken":["R","?","?","$","E","R","T","E","?","E","M","M","?","?","M","BOSS","R","E","R","?","M","R","T","E","M","E","M","M","M","?","M","BOSS","R","M","E","R","?","$","T","M","R","E","M","$","M","$","M","BOSS"],"items_purchased_type":["Card","Relic","Relic","Card","Card","Card","Card"],"build_version":"2020-12-13","purchased_purges":4,"victory":true,"max_hp_per_floor":[35,35,35,35,35,35,35,35,35,35,40,40,40,40,40,40,40,40,40,40,40,40,40,40,40,45,45,45,45,45,45,45,45,45,45,45,45,45,45,45,45,45,45,45,45,45,45,45,45,45],"card_choices":[{"not_picked":["Hololive_Trident","Hololive_Breathe","Hololive_HuntDinosaur"],"picked":"Hololive_CallAZKi","floor":2},{"not_picked":["Hololive_Sequa","Hololive_Psychosis","Hololive_RevenueBasedLive"],"picked":"Hololive_Trident","floor":4},{"not_picked":["Hololive_ILoveYou","Hololive_CallOkamiMio","Hololive_DDD"],"picked":"Hololive_CallOzoraSubaru","floor":5},{"not_picked":["Hololive_HuntDinosaur","Hololive_Breathe","Hololive_DurableLive"],"picked":"Hololive_DDD","floor":8},{"not_picked":["Hololive_CallNekomataOkayu","Hololive_FlyingPonyTail","Hololive_RevenueBasedLive"],"picked":"Hololive_CallAkiRosenthal","floor":9},{"not_picked":["Hololive_LuckPotion","Hololive_OvertimeWork","Hololive_Psychosis","Hololive_Trident"],"picked":"SKIP","floor":10},{"not_picked":["Hololive_CallNakiriAyame","Hololive_DevilCharm","Hololive_FlyingPonyTail"],"picked":"Hololive_CallMurasakiShion","floor":11},{"not_picked":["Hololive_Drill","Hololive_Yoholoon","Hololive_Trident"],"picked":"Hololive_CallTsunomakiWatame","floor":12},{"not_picked":["Hololive_CallShishiroBotan","Hololive_StrengthChampion","Hololive_CallMurasakiShion"],"picked":"Hololive_CallAyundaRisu","floor":13},{"not_picked":["Hololive_HuntDinosaur","Hololive_Breathe","Hololive_Teleport"],"picked":"Hololive_CallMoonaHoshinova","floor":14},{"not_picked":["Hololive_SummonFox","Hololive_CallMoonaHoshinova","Hololive_HuntDinosaur"],"picked":"Hololive_CallHoshimachiSuisei","floor":15},{"not_picked":["Hololive_BeCareful","Hololive_Recruit","Hololive_StarCraft"],"picked":"Hololive_DDD","floor":16},{"not_picked":["Hololive_CallOkamiMio","Hololive_FlyingPonyTail+1"],"picked":"SKIP","floor":19},{"not_picked":["Hololive_Psychosis"],"picked":"Hololive_ILoveYou","floor":22},{"not_picked":["Hololive_Drill"],"picked":"Hololive_Thief","floor":25},{"not_picked":["Hololive_Breathe","Hololive_OvertimeWork"],"picked":"SKIP","floor":26},{"not_picked":["Hololive_Rebound"],"picked":"Hololive_CallYozoraMel","floor":27},{"not_picked":["Hololive_Breathe+1"],"picked":"Hololive_CallYogiri","floor":28},{"not_picked":["Hololive_Teleport"],"picked":"Hololive_CallHimemoriLuna","floor":29},{"not_picked":["Hololive_Psychosis"],"picked":"Hololive_CallShishiroBotan","floor":30},{"not_picked":["Hololive_Drill+1","Hololive_HuntDinosaur"],"picked":"SKIP","floor":31},{"not_picked":["Hololive_OvertimeWork","Hololive_LuckPotion"],"picked":"SKIP","floor":32},{"not_picked":["Hololive_DDD"],"picked":"Hololive_StarCraft","floor":33},{"not_picked":["Hololive_CallHoshimachiSuisei"],"picked":"Hololive_CallDoris","floor":36},{"not_picked":["Hololive_CocoNews+1"],"picked":"Hololive_CallShirakamiFubuki+1","floor":37},{"not_picked":["Hololive_StrengthChampion"],"picked":"Hololive_CallTokinoSora","floor":38},{"not_picked":["Hololive_OvertimeWork","Hololive_LuckPotion+1"],"picked":"SKIP","floor":42},{"not_picked":["Hololive_Sequa+1","Hololive_Trident+1"],"picked":"SKIP","floor":44},{"not_picked":["Hololive_Breathe"],"picked":"Hololive_CallUsadaPekora","floor":45},{"not_picked":["Hololive_CallAyundaRisu","Hololive_Breathe"],"picked":"SKIP","floor":47},{"not_picked":["Hololive_RevenueBasedLive","Hololive_LuckPotion"],"picked":"SKIP","floor":49}],"player_experience":113027,"relics_obtained":[{"floor":3,"key":"Incense Burner"},{"floor":5,"key":"Boot"},{"floor":8,"key":"Smiling Mask"},{"floor":10,"key":"Bronze Scales"},{"floor":19,"key":"Eternal Feather"},{"floor":24,"key":"Pantograph"},{"floor":25,"key":"Dream Catcher"},{"floor":27,"key":"Nunchaku"},{"floor":37,"key":"Hololive_FriedShrimpLion"},{"floor":39,"key":"WingedGreaves"},{"floor":41,"key":"Ancient Tea Set"},{"floor":44,"key":"Whetstone"}],"event_choices":[{"damage_healed":0,"gold_gain":0,"player_choice":"Upgraded","damage_taken":0,"max_hp_gain":0,"max_hp_loss":0,"event_name":"Upgrade Shrine","floor":21,"gold_loss":0,"cards_upgraded":["Hololive_CallMurasakiShion"]},{"damage_healed":0,"gold_gain":0,"player_choice":"Fight","damage_taken":0,"max_hp_gain":0,"max_hp_loss":0,"event_name":"Mysterious Sphere","floor":39,"gold_loss":0}],"is_beta":false,"boss_relics":[{"not_picked":["Fusion Hammer","Empty Cage"],"picked":"Busted Crown"},{"not_picked":["Hololive_Finger","Cursed Key"],"picked":"Runic Dome"}],"items_purged_floors":[13,31,40,46],"is_endless":false,"potions_floor_spawned":[8,9,11,14,15,16,19,26,30,32,37,39,44,49],"ascension_level":0}}