{"host":"newqdrzxfhh2im9e","time":1608155390,"event":{"mods":["AchievementEnabler","BaseMod","BetterRewards","Block Reminder","Colored Map","Jorbs\u0027s Wanderer Trilogy","Minty Spire (QoL Compilation)","Rare Cards Sparkle","Shop Mod","StSLib"],"gold_per_floor":[114,131,17,17,37,37,100,117,143,157,157,157,157,188,188,188,188],"floor_reached":16,"playtime":638,"items_purged":[],"score":125,"play_id":"02410bdb-3d5a-4d54-b29d-067275f855ba","local_time":"20201216134950","is_ascension_mode":true,"campfire_choices":[{"data":"Catalyst","floor":6,"key":"SMITH"},{"floor":11,"key":"REST"},{"floor":13,"key":"REST"},{"floor":15,"key":"REST"}],"circlet_count":0,"master_deck":["Strike_G","Strike_G","Strike_G","Strike_G","Strike_G","Defend_G","Defend_G","Defend_G","Defend_G","Defend_G","Survivor","Neutralize","Bouncing Flask","Expertise","Calculated Gamble","Caltrops","Catalyst+1","Escape Plan","Tools of the Trade"],"relics":["Ring of the Snake","Bronze Scales","Tiny Chest","Boot","Golden Idol","Potion Belt"],"acts_visited":["Exordium"],"potions_floor_usage":[10,14,16],"damage_taken":[{"damage":0,"enemies":"Cultist","floor":1,"turns":3},{"damage":7,"enemies":"2 Louse","floor":2,"turns":2},{"damage":4,"enemies":"Jaw Worm","floor":5,"turns":3},{"damage":24,"enemies":"Lagavulin Event","floor":7,"turns":4},{"damage":2,"enemies":"Exordium Wildlife","floor":8,"turns":3},{"damage":7,"enemies":"Gremlin Gang","floor":10,"turns":2},{"damage":20,"enemies":"Lagavulin","floor":14,"turns":6},{"damage":46,"enemies":"Slime Boss","floor":16,"turns":9}],"seed_played":"-6400667817270729527","potions_obtained":[{"floor":1,"key":"LiquidMemories"},{"floor":7,"key":"CunningPotion"},{"floor":14,"key":"PowerPotion"}],"is_trial":false,"path_per_floor":["M","M","$","?","M","R","?","M","T","M","R","?","R","E","R","B"],"character_chosen":"THE_SILENT","items_purchased":["Bouncing Flask","Caltrops","Catalyst"],"campfire_rested":3,"item_purchase_floors":[0,3,3],"current_hp_per_floor":[70,63,63,56,52,52,28,26,26,19,40,23,44,24,45,0,0],"gold":188,"neow_bonus":"","is_daily":false,"chose_seed":false,"campfire_upgraded":1,"win_rate":0.0,"timestamp":1608155390,"path_taken":["M","M","$","?","M","R","?","M","T","M","R","?","R","E","R","BOSS"],"items_purchased_type":["Card","Card","Card"],"build_version":"2020-12-13","purchased_purges":0,"victory":false,"max_hp_per_floor":[70,70,70,70,70,70,70,70,70,70,70,70,70,70,70,70,70],"card_choices":[{"not_picked":["Quick Slash","Prepared"],"picked":"Expertise","floor":1},{"not_picked":["Dagger Throw","Prepared"],"picked":"Calculated Gamble","floor":2},{"not_picked":["Bouncing Flask","Underhanded Strike"],"picked":"Escape Plan","floor":5},{"not_picked":["Outmaneuver","Deadly Poison","Backflip"],"picked":"SKIP","floor":8},{"not_picked":["PiercingWail","Dagger Throw"],"picked":"Tools of the Trade","floor":10},{"not_picked":["Escape Plan","Deadly Poison","Sucker Punch"],"picked":"SKIP","floor":14}],"player_experience":606927,"relics_obtained":[{"floor":7,"key":"Tiny Chest"},{"floor":9,"key":"Boot"},{"floor":14,"key":"Potion Belt"}],"event_choices":[{"damage_healed":0,"gold_gain":0,"player_choice":"Success","damage_taken":7,"relics_obtained":["Bronze Scales"],"max_hp_gain":0,"max_hp_loss":0,"event_name":"Scrap Ooze","floor":4,"gold_loss":0},{"damage_healed":0,"gold_gain":0,"player_choice":"Searched \u00271\u0027 times","damage_taken":0,"max_hp_gain":0,"max_hp_loss":0,"event_name":"Dead Adventurer","floor":7,"gold_loss":0},{"damage_healed":0,"gold_gain":0,"player_choice":"Take Damage","damage_taken":17,"relics_obtained":["Golden Idol"],"max_hp_gain":0,"max_hp_loss":0,"event_name":"Golden Idol","floor":12,"gold_loss":0}],"is_beta":false,"boss_relics":[],"items_purged_floors":[],"is_endless":false,"potions_floor_spawned":[1,7,14],"killed_by":"Slime Boss","ascension_level":5}}