{"host":"2lrkmsuh7nz013qb","time":1608117908,"event":{"mods":["BaseMod","Colored Map","DeckTracker","Minty Spire (QoL Compilation)","SuperFastMode","everything is the same but u backflip on backflip"],"gold_per_floor":[119,129,142,217,217,217,15,32,55,55,3,3,19,34,34,105,105,125,138,149,167,167,167,167,197,197,215,215,84,84,103,103,179,179,194,214,233,108,118,118,118,118,118,152,12,31,51,71,71,71,71,71,71,21,56,56,56],"floor_reached":56,"playtime":3535,"items_purged":["Injury","Strike_G","Clumsy","Strike_G"],"score":1736,"play_id":"5f3c6e63-2344-423d-aa30-af4e77522889","local_time":"20201216202508","is_ascension_mode":true,"campfire_choices":[{"data":"Crippling Poison","floor":6.0,"key":"SMITH"},{"data":"Apotheosis","floor":10.0,"key":"SMITH"},{"data":"Neutralize","floor":12.0,"key":"SMITH"},{"floor":15.0,"key":"REST"},{"data":"Ghostly","floor":23.0,"key":"SMITH"},{"data":"Ghostly","floor":28.0,"key":"SMITH"},{"data":"Ghostly","floor":30.0,"key":"SMITH"},{"floor":32.0,"key":"REST"},{"floor":40.0,"key":"RECALL"},{"floor":42.0,"key":"REST"},{"floor":49.0,"key":"REST"},{"data":"Strike_G","floor":53.0,"key":"PURGE"}],"circlet_count":0,"master_deck":["AscendersBane","Strike_G","Defend_G","Defend_G","Defend_G","Defend_G","Survivor","Neutralize+1","Deadly Poison","Crippling Poison+1","Apotheosis+1","Backflip","Dodge and Roll","Backflip","Leg Sweep","Bouncing Flask","Backflip","Ghostly+1","Ghostly+1","Ghostly+1","Tactician","Caltrops","Noxious Fumes","Malaise","Expertise","Well Laid Plans","Leg Sweep","Malaise","Reflex","Catalyst"],"relics":["Ring of the Snake","NeowsBlessing","Boot","Regal Pillow","Cursed Key","Smiling Mask","Fusion Hammer","Peace Pipe","Centennial Puzzle","Shuriken"],"acts_visited":["Exordium","TheCity","TheBeyond","TheEnding"],"potions_floor_usage":[55],"damage_taken":[{"damage":0.0,"enemies":"2 Louse","floor":1.0,"turns":1.0},{"damage":0.0,"enemies":"Small Slimes","floor":2.0,"turns":1.0},{"damage":0.0,"enemies":"Cultist","floor":3.0,"turns":1.0},{"damage":1.0,"enemies":"Large Slime","floor":8.0,"turns":7.0},{"damage":3.0,"enemies":"Looter","floor":13.0,"turns":4.0},{"damage":6.0,"enemies":"Gremlin Gang","floor":14.0,"turns":3.0},{"damage":17.0,"enemies":"The Guardian","floor":16.0,"turns":11.0},{"damage":7.0,"enemies":"Shell Parasite","floor":18.0,"turns":5.0},{"damage":0.0,"enemies":"Spheric Guardian","floor":19.0,"turns":6.0},{"damage":13.0,"enemies":"Snecko","floor":20.0,"turns":8.0},{"damage":0.0,"enemies":"Snake Plant","floor":21.0,"turns":5.0},{"damage":11.0,"enemies":"Book of Stabbing","floor":25.0,"turns":9.0},{"damage":12.0,"enemies":"Sentry and Sphere","floor":27.0,"turns":6.0},{"damage":2.0,"enemies":"Shelled Parasite and Fungi","floor":31.0,"turns":5.0},{"damage":5.0,"enemies":"Champ","floor":33.0,"turns":15.0},{"damage":9.0,"enemies":"Orb Walker","floor":35.0,"turns":4.0},{"damage":0.0,"enemies":"3 Shapes","floor":36.0,"turns":5.0},{"damage":0.0,"enemies":"Jaw Worm Horde","floor":37.0,"turns":5.0},{"damage":8.0,"enemies":"4 Shapes","floor":39.0,"turns":8.0},{"damage":11.0,"enemies":"Giant Head","floor":44.0,"turns":12.0},{"damage":1.0,"enemies":"Spire Growth","floor":46.0,"turns":8.0},{"damage":12.0,"enemies":"Maw","floor":47.0,"turns":10.0},{"damage":2.0,"enemies":"4 Shapes","floor":48.0,"turns":6.0},{"damage":8.0,"enemies":"Time Eater","floor":50.0,"turns":18.0},{"damage":6.0,"enemies":"Awakened One","floor":51.0,"turns":20.0},{"damage":15,"enemies":"Shield and Spear","floor":55,"turns":10},{"damage":23,"enemies":"The Heart","floor":56,"turns":5}],"seed_played":"-4160973966114004462","potions_obtained":[{"floor":1.0,"key":"Fire Potion"},{"floor":3.0,"key":"Explosive Potion"},{"floor":14.0,"key":"EntropicBrew"},{"floor":20.0,"key":"Explosive Potion"},{"floor":25.0,"key":"Swift Potion"},{"floor":35.0,"key":"Strength Potion"},{"floor":48.0,"key":"SpeedPotion"}],"is_trial":false,"path_per_floor":["M","M","M","?","?","R","$","M","T","R","?","R","M","M","R","B",null,"M","M","M","M","?","R","?","E","T","M","R","$","R","M","R","B",null,"M","M","M","$","M","R","?","R","T","E","$","M","M","M","R","B","B",null,"R","$","E","B"],"character_chosen":"THE_SILENT","items_purchased":["Apotheosis","Backflip","Caltrops","Well Laid Plans","Reflex"],"campfire_rested":4,"item_purchase_floors":[7,7,29,38,45],"current_hp_per_floor":[59,59,59,48,48,48,48,47,47,47,47,47,44,38,66,49,62,55,55,42,42,33,33,33,22,22,10,10,10,10,8,32,27,32,23,23,23,23,15,15,15,33,33,22,22,21,9,7,31,23,17,29,29,29,14,0,0],"gold":56,"neow_bonus":"THREE_ENEMY_KILL","is_daily":false,"chose_seed":false,"campfire_upgraded":6,"win_rate":0.0,"timestamp":1608117908,"path_taken":["M","M","M","?","?","R","$","M","T","R","?","R","?","M","R","BOSS","M","M","M","M","?","R","?","E","T","M","R","$","R","M","R","BOSS","M","?","M","$","M","R","?","R","T","E","$","M","M","M","R","BOSS","BOSS","R","$","E","BOSS"],"items_purchased_type":["Card","Card","Card","Card","Card"],"build_version":"2020-12-13","purchased_purges":4,"victory":false,"max_hp_per_floor":[66,66,66,66,66,66,66,66,66,66,66,66,66,66,66,66,66,66,66,66,66,33,33,33,33,33,33,33,33,33,33,33,33,33,33,33,33,33,33,33,33,33,33,33,33,33,33,33,33,33,33,33,33,33,33,33,33],"card_choices":[{"not_picked":["Skewer","Deflect","Tactician"],"picked":"SKIP","floor":1.0},{"not_picked":["Outmaneuver","Blur"],"picked":"Deadly Poison","floor":2.0},{"not_picked":["Slice","Underhanded Strike"],"picked":"Crippling Poison","floor":3.0},{"not_picked":["Heel Hook","Infinite Blades"],"picked":"Dodge and Roll","floor":8.0},{"not_picked":["Crippling Poison","Slice","Infinite Blades"],"picked":"SKIP","floor":13.0},{"not_picked":["Setup","Quick Slash"],"picked":"Backflip","floor":14.0},{"not_picked":["Predator","Sucker Punch"],"picked":"Leg Sweep","floor":18.0},{"not_picked":["Flechettes","Expertise+1","Cloak And Dagger"],"picked":"SKIP","floor":19.0},{"not_picked":["Sucker Punch","Prepared"],"picked":"Bouncing Flask","floor":20.0},{"not_picked":["Prepared","Slice"],"picked":"Backflip","floor":21.0},{"not_picked":["Underhanded Strike","Die Die Die"],"picked":"Tactician","floor":25.0},{"not_picked":["Dagger Spray","Slice","Infinite Blades"],"picked":"SKIP","floor":27.0},{"not_picked":["Calculated Gamble","Cloak And Dagger"],"picked":"Noxious Fumes","floor":31.0},{"not_picked":["Glass Knife","Storm of Steel"],"picked":"Malaise","floor":33.0},{"not_picked":["Dagger Throw+1","Noxious Fumes"],"picked":"Expertise","floor":35.0},{"not_picked":["Bane","Outmaneuver","Poisoned Stab"],"picked":"SKIP","floor":36.0},{"not_picked":["A Thousand Cuts","Tactician+1","Deflect+1"],"picked":"SKIP","floor":37.0},{"not_picked":["Accuracy+1","Dagger Spray+1"],"picked":"Leg Sweep","floor":39.0},{"not_picked":["Blade Dance","Outmaneuver+1","Caltrops"],"picked":"SKIP","floor":44.0},{"not_picked":["Cloak And Dagger","Crippling Poison","Outmaneuver"],"picked":"SKIP","floor":46.0},{"not_picked":["Escape Plan","Glass Knife","Bane+1"],"picked":"SKIP","floor":47.0},{"not_picked":["Blur","Bane"],"picked":"Catalyst","floor":48.0},{"not_picked":["Bane","Crippling Poison","Skewer"],"picked":"SKIP","floor":55}],"player_experience":665894,"relics_obtained":[{"floor":9.0,"key":"Boot"},{"floor":25.0,"key":"Smiling Mask"},{"floor":43.0,"key":"Peace Pipe"},{"floor":44.0,"key":"Centennial Puzzle"},{"floor":55,"key":"Shuriken"}],"event_choices":[{"damage_healed":0.0,"max_hp_gain":0.0,"max_hp_loss":0.0,"gold_gain":75.0,"event_name":"World of Goop","player_choice":"Gather Gold","floor":4.0,"gold_loss":0.0,"damage_taken":11.0},{"cards_removed":["Strike_G"],"damage_healed":0.0,"max_hp_gain":0.0,"max_hp_loss":0.0,"gold_gain":0.0,"event_name":"Living Wall","player_choice":"Forget","floor":5.0,"gold_loss":0.0,"damage_taken":0.0},{"damage_healed":0.0,"max_hp_gain":0.0,"max_hp_loss":0.0,"gold_gain":0.0,"event_name":"WeMeetAgain","player_choice":"Paid Gold","floor":11.0,"gold_loss":52.0,"damage_taken":0.0,"relics_obtained":["Regal Pillow"]},{"damage_healed":0.0,"max_hp_gain":0.0,"max_hp_loss":33.0,"gold_gain":0.0,"event_name":"Ghosts","player_choice":"Became a Ghost","floor":22.0,"gold_loss":0.0,"damage_taken":0.0,"cards_obtained":["Ghostly","Ghostly","Ghostly"]},{"damage_healed":0.0,"max_hp_gain":0.0,"max_hp_loss":0.0,"gold_gain":0.0,"cards_transformed":["Defend_G"],"event_name":"Transmorgrifier","player_choice":"Transformed","floor":24.0,"gold_loss":0.0,"damage_taken":0.0,"cards_obtained":["Eviscerate"]},{"damage_healed":0.0,"max_hp_gain":0.0,"max_hp_loss":0.0,"gold_gain":0.0,"cards_transformed":["Eviscerate"],"event_name":"Transmorgrifier","player_choice":"Transformed","floor":41.0,"gold_loss":0.0,"damage_taken":0.0,"cards_obtained":["Malaise"]}],"is_beta":false,"boss_relics":[{"not_picked":["Calling Bell","Sozu"],"picked":"Cursed Key"},{"not_picked":["Black Star","Empty Cage"],"picked":"Fusion Hammer"}],"items_purged_floors":[29,38,45,54],"is_endless":false,"potions_floor_spawned":[1,3,14,19,20,25,35,44,46,48],"killed_by":"The Heart","ascension_level":20}}