{"host":"05vhm55ztg7fyvhd","time":1608122380,"event":{"mods":["BaseMod","Downfall","Googly Eyes","Hubris","Minty Spire (QoL Compilation)","Replay The Spire","Shop Mod","StSLib"],"gold_per_floor":[99,19,51,51,85,100,100,116,41,72,83,103,103,116,133,234,234,159,178,35,35,51,67,93,123,142,142,142,162,174,26,44,44,44],"floor_reached":33,"playtime":3783,"items_purged":["champ:Strike"],"score":366,"play_id":"9bf5beb6-e1a2-4ebc-9e0d-8f504656aae2","local_time":"20201216133940","is_ascension_mode":false,"campfire_choices":[{"floor":1.0,"key":"RECALL"},{"data":"champ:GladiatorStyle","floor":9.0,"key":"SMITH"},{"data":"champ:MurderStrike","floor":18.0,"key":"SMITH"},{"floor":27,"key":"REST"}],"circlet_count":0,"master_deck":["champ:Strike","champ:Strike","champ:Strike","champ:Defend","champ:Defend","champ:Defend","champ:Execute","champ:Taunt","champ:FlashCut","champ:GladiatorStyle+1","champ:Haymaker","champ:IronFortress","champ:EndlessRage","champ:TornadoPunch","champ:RecklessLeap","champ:StanceDance","champ:RisingSlash","champ:CrookedStrike+1","champ:DefensiveStyle","champ:MurderStrike+1","champ:PreciseThrust+1","champ:ShieldWall","champ:BladeFlurry","Pain","champ:ShieldWall","champ:FanOfKnives+1","champ:FanOfKnives+1","champ:Shatter+1","champ:Encircle+1","champ:Lariat","champ:Shatter+1"],"relics":["champ:ChampionCrown","downfall:HeartsMalice","ReplayTheSpireMod:Shallot","Ancient Tea Set","Garlic","downfall:HeartBlessingRed","Durian","hubris:HollowSoul","downfall:HeartBlessingGreen","WarpedTongs","Vajra","Letter Opener","MerchantsRug"],"acts_visited":["Exordium","TheCity"],"potions_floor_usage":[25],"damage_taken":[{"damage":0.0,"enemies":"downfall:FleeingMerchant","floor":2.0,"turns":1.0},{"damage":0.0,"enemies":"Lagavulin","floor":3.0,"turns":1.0},{"damage":0.0,"enemies":"Replay:BlueRogue","floor":5.0,"turns":1.0},{"damage":1.0,"enemies":"2 Louse","floor":6.0,"turns":2.0},{"damage":13.0,"enemies":"Jaw Worm","floor":8.0,"turns":5.0},{"damage":0.0,"enemies":"3 Sentries","floor":10.0,"turns":6.0},{"damage":0.0,"enemies":"Cultist","floor":11.0,"turns":3.0},{"damage":6.0,"enemies":"Exordium Thugs","floor":12.0,"turns":4.0},{"damage":23.0,"enemies":"Red Slaver","floor":14.0,"turns":2.0},{"damage":15.0,"enemies":"Blue Slaver","floor":15.0,"turns":3.0},{"damage":21.0,"enemies":"downfall:Watcher","floor":16.0,"turns":8.0},{"damage":0.0,"enemies":"3 Byrds","floor":19.0,"turns":7.0},{"damage":0,"enemies":"downfall:FleeingMerchant","floor":20,"turns":4},{"damage":7,"enemies":"Chosen","floor":22,"turns":5},{"damage":28,"enemies":"Centurion and Healer","floor":23,"turns":9},{"damage":16,"enemies":"Gremlin Leader","floor":25,"turns":8},{"damage":20,"enemies":"Chosen and Byrds","floor":26,"turns":6},{"damage":0,"enemies":"Snake Plant","floor":29,"turns":3},{"damage":34,"enemies":"Sentry and Sphere","floor":30,"turns":4},{"damage":4,"enemies":"downfall:FleeingMerchant","floor":31,"turns":4},{"damage":22,"enemies":"Centurion and Healer","floor":32,"turns":4},{"damage":20,"enemies":"downfall:Silent","floor":33,"turns":4}],"seed_played":"-2588582148434314119","potions_obtained":[{"floor":6.0,"key":"champ:CounterPotion"},{"floor":8.0,"key":"Reflective Coating"},{"floor":10.0,"key":"Swift Potion"},{"floor":12.0,"key":"SteroidPotion"},{"floor":15.0,"key":"Languid Potion"},{"floor":29,"key":"SkillPotion"}],"is_trial":false,"path_per_floor":["R","$","E","?","E","M","T","M","R","E","M","M","?","M","M","B",null,"R","M","$","?","M","M","T","E","M","R","?","M","M","$","M","B"],"character_chosen":"THE_CHAMP","items_purchased":["champ:GladiatorStyle","champ:BladeFlurry","MerchantsRug","champ:Lariat"],"campfire_rested":1,"item_purchase_floors":[2,20,31,31],"current_hp_per_floor":[90,90,90,83,83,82,82,75,75,80,80,74,74,71,72,73,95,95,95,95,95,93,65,65,51,34,62,62,62,53,53,52,0,0],"gold":44,"neow_bonus":"THREE_ENEMY_KILL","is_daily":false,"chose_seed":false,"campfire_upgraded":2,"win_rate":0.0,"timestamp":1608122380,"path_taken":["R","$","E","?","E","M","T","M","R","E","M","M","?","?","M","BOSS","R","M","$","?","M","?","T","E","M","R","?","M","?","$","M","BOSS"],"items_purchased_type":["Card","Card","Relic","Card"],"build_version":"2020-12-13","purchased_purges":1,"victory":false,"max_hp_per_floor":[90,90,90,90,90,90,90,90,90,95,95,95,95,95,95,95,95,95,95,95,95,95,95,95,95,95,95,95,95,95,95,95,95,95],"card_choices":[{"not_picked":["champ:StanceDance","champ:BladeFlurry"],"picked":"champ:FlashCut","floor":2.0},{"not_picked":["champ:FalseCounter","champ:FocusedGladiator"],"picked":"champ:Haymaker","floor":3.0},{"not_picked":["champ:Shatter","champ:FocusedDefense"],"picked":"champ:IronFortress","floor":5.0},{"not_picked":["champ:IronFortress","champ:DefensiveShout"],"picked":"champ:EndlessRage","floor":6.0},{"not_picked":["champ:ArenaPreparation","champ:Backstep"],"picked":"champ:TornadoPunch","floor":8.0},{"not_picked":["champ:FocusedBerserking","champ:CalledShot"],"picked":"champ:RecklessLeap","floor":10.0},{"not_picked":["champ:DancingMaster","champ:Circumvent"],"picked":"champ:StanceDance","floor":11.0},{"not_picked":["champ:BerserkersShout","champ:FalseCounter"],"picked":"champ:RisingSlash","floor":12.0},{"not_picked":["champ:AdrenalArmor","champ:FightOn"],"picked":"champ:DefensiveStyle","floor":14.0},{"not_picked":["champ:DefensiveStyle","champ:Duel","champ:Haymaker"],"picked":"SKIP","floor":15.0},{"not_picked":["champ:SwordThrow","champ:Devastate"],"picked":"champ:MurderStrike","floor":16.0},{"not_picked":["champ:Encircle","champ:IronFortress+1"],"picked":"champ:PreciseThrust+1","floor":19},{"not_picked":["champ:StanceDance+1","champ:FlashCut"],"picked":"champ:ShieldWall","floor":20},{"not_picked":["champ:BringItOn","champ:PreciseThrust"],"picked":"champ:ShieldWall","floor":22},{"not_picked":["champ:TornadoPunch","champ:Haymaker"],"picked":"champ:FanOfKnives+1","floor":23},{"not_picked":["champ:BladeFlurry","champ:CalledShot"],"picked":"champ:FanOfKnives+1","floor":25},{"not_picked":["champ:EnGarde","champ:BringItOn"],"picked":"champ:Shatter+1","floor":26},{"not_picked":["champ:GladiatorsShout","champ:SkillfulDodge","champ:Backstep"],"picked":"SKIP","floor":29},{"not_picked":["champ:GladiatorsShout","champ:FanOfKnives+1"],"picked":"champ:Encircle+1","floor":30},{"not_picked":["champ:Duel","champ:BladeFlurry+1","champ:GladiatorsShout"],"picked":"SKIP","floor":31},{"not_picked":["champ:FlashCut","champ:IgnorePain"],"picked":"champ:Shatter+1","floor":32}],"player_experience":425921,"relics_obtained":[{"floor":3.0,"key":"ReplayTheSpireMod:Shallot"},{"floor":5.0,"key":"hubris:OldNail"},{"floor":7.0,"key":"Garlic"},{"floor":10.0,"key":"Durian"},{"floor":24,"key":"Vajra"},{"floor":25,"key":"Letter Opener"}],"event_choices":[{"damage_healed":0.0,"max_hp_gain":0.0,"max_hp_loss":0.0,"gold_gain":0.0,"event_name":"Scrap Ooze","player_choice":"Success","floor":4.0,"gold_loss":0.0,"damage_taken":7.0,"relics_obtained":["Ancient Tea Set"]},{"damage_healed":0.0,"max_hp_gain":0.0,"max_hp_loss":0.0,"gold_gain":0.0,"cards_transformed":["champ:Defend"],"event_name":"Transmorgrifier","player_choice":"Transformed","floor":13.0,"gold_loss":0.0,"damage_taken":0.0,"cards_obtained":["champ:CrookedStrike"]},{"damage_healed":0,"gold_gain":0,"player_choice":"Rummage","damage_taken":0,"relics_obtained":["WarpedTongs"],"max_hp_gain":0,"max_hp_loss":0,"event_name":"Accursed Blacksmith","floor":21,"gold_loss":0,"cards_obtained":["Pain"]},{"damage_healed":0,"gold_gain":0,"player_choice":"Upgraded","damage_taken":0,"max_hp_gain":0,"max_hp_loss":0,"event_name":"Upgrade Shrine","floor":28,"gold_loss":0,"cards_upgraded":["champ:CrookedStrike"]}],"is_beta":false,"boss_relics":[{"not_picked":["Astrolabe","SacredBark"],"picked":"hubris:HollowSoul"}],"items_purged_floors":[20],"is_endless":false,"potions_floor_spawned":[6,8,10,12,15,19,23,29],"killed_by":"downfall:Silent","ascension_level":0}}