{"host":"b94931fzay7ri6da","time":1608098795,"event":{"mods":["AchievementEnabler","BaseMod","Colored Map","Colored Powertips","Downfall","Minty Spire (QoL Compilation)","Quick Restart","StSLib","SuperFastMode"],"gold_per_floor":[118,133,308,308,308,342,342,372,372,391,391,404,423,423,423,521,521,537,452,452,468,486,486,518,518,545,140,150,175,189,70,70,170,170,181,181,192,205,225,225,243,255,255,290,340,350,361,386,386,386,386],"floor_reached":50,"playtime":3136,"items_purged":[],"score":676,"play_id":"a1d63c39-1d45-4a58-acad-52cf2f0c7a99","local_time":"20201216060635","is_ascension_mode":false,"campfire_choices":[{"data":"Eruption","floor":7,"key":"SMITH"},{"data":"Weave","floor":11,"key":"SMITH"},{"floor":15,"key":"REST"},{"floor":23,"key":"REST"},{"floor":25,"key":"REST"},{"floor":32,"key":"REST"},{"floor":40,"key":"REST"},{"floor":49,"key":"REST"}],"circlet_count":0,"master_deck":["Strike_P+1","Strike_P","Strike_P","Strike_P+1","Defend_P","Defend_P","Defend_P+1","Eruption+1","Vigilance","JustLucky","Weave+1","SandsOfTime","DevaForm","Tantrum+1","Scrawl+1","JustLucky+1","FlurryOfBlows","Indignation","BattleHymn","expansioncontent:QuickStudy","Vault","LessonLearned","BattleHymn","DevaForm","Crescendo+1","CarveReality","ConjureBlade","ReachHeaven+1","BattleHymn+1","FollowUp+1","JustLucky+1"],"relics":["PureWater","Potion Belt","The Courier","Orichalcum","Singing Bowl","Black Star","Mango","Ancient Tea Set","War Paint","Bag of Marbles","Bag of Preparation","Omamori","Regal Pillow","Whetstone","Pen Nib","Calling Bell","Centennial Puzzle","InkBottle","Calipers","Anchor","Gremlin Horn","Lantern","Torii","Art of War"],"acts_visited":["Exordium","TheCity","TheBeyond"],"potions_floor_usage":[6,6,24,24,29,33,37,39,44,45,45,47,50],"damage_taken":[{"damage":0,"enemies":"Cultist","floor":1,"turns":3},{"damage":0,"enemies":"Small Slimes","floor":2,"turns":3},{"damage":0,"enemies":"Gremlin Nob","floor":6,"turns":3},{"damage":21,"enemies":"3 Sentries","floor":8,"turns":6},{"damage":5,"enemies":"2 Louse","floor":10,"turns":2},{"damage":9,"enemies":"Red Slaver","floor":12,"turns":3},{"damage":14,"enemies":"Large Slime","floor":13,"turns":4},{"damage":0,"enemies":"Slime Boss","floor":16,"turns":5},{"damage":22,"enemies":"Shell Parasite","floor":18,"turns":2},{"damage":0,"enemies":"Spheric Guardian","floor":21,"turns":2},{"damage":28,"enemies":"Centurion and Healer","floor":22,"turns":3},{"damage":53,"enemies":"Slavers","floor":24,"turns":5},{"damage":15,"enemies":"Snake Plant","floor":28,"turns":4},{"damage":0,"enemies":"Gremlin Leader","floor":29,"turns":4},{"damage":2,"enemies":"Sentry and Sphere","floor":30,"turns":3},{"damage":8,"enemies":"Collector","floor":33,"turns":4},{"damage":0,"enemies":"3 Shapes","floor":35,"turns":3},{"damage":8,"enemies":"Orb Walker","floor":37,"turns":4},{"damage":44,"enemies":"Spire Growth","floor":38,"turns":4},{"damage":23,"enemies":"Transient","floor":39,"turns":5},{"damage":0,"enemies":"3 Darklings","floor":41,"turns":3},{"damage":0,"enemies":"Jaw Worm Horde","floor":42,"turns":2},{"damage":8,"enemies":"Giant Head","floor":44,"turns":5},{"damage":38,"enemies":"Mind Bloom Boss Battle","floor":45,"turns":5},{"damage":7,"enemies":"4 Shapes","floor":46,"turns":4},{"damage":1,"enemies":"Transient","floor":47,"turns":5},{"damage":72,"enemies":"Time Eater","floor":50,"turns":2}],"seed_played":"6848797852308448296","potions_obtained":[{"floor":1,"key":"SmokeBomb"},{"floor":2,"key":"FearPotion"},{"floor":5,"key":"SkillPotion"},{"floor":5,"key":"LiquidBronze"},{"floor":5,"key":"Regen Potion"},{"floor":6,"key":"PowerPotion"},{"floor":18,"key":"DistilledChaos"},{"floor":24,"key":"BottledMiracle"},{"floor":28,"key":"DistilledChaos"},{"floor":35,"key":"Guardian:BlockOnCardUsePotion"},{"floor":38,"key":"Block Potion"},{"floor":39,"key":"SmokeBomb"},{"floor":42,"key":"DuplicationPotion"},{"floor":45,"key":"PowerPotion"},{"floor":46,"key":"Regen Potion"}],"is_trial":false,"path_per_floor":["M","M","?","?","?","E","R","E","T","M","R","M","M","?","R","B",null,"M","?","?","M","M","R","E","R","T","$","M","E","M","$","R","B",null,"M","?","M","M","M","R","M","M","T","E","?","M","M","T","R","B"],"character_chosen":"WATCHER","items_purchased":["BattleHymn","expansioncontent:QuickStudy","Bag of Preparation","Omamori","Pen Nib"],"campfire_rested":6,"item_purchase_floors":[27,27,27,27,31],"current_hp_per_floor":[72,72,72,65,65,65,65,44,44,39,39,32,18,23,45,45,74,52,66,66,66,40,67,28,55,55,55,40,40,38,38,80,72,90,90,90,82,38,17,59,59,61,61,53,15,8,9,9,52,0,0],"gold":386,"neow_bonus":"RANDOM_COMMON_RELIC","is_daily":false,"chose_seed":false,"campfire_upgraded":2,"win_rate":0.0,"timestamp":1608098795,"path_taken":["M","?","?","?","?","E","R","E","T","M","R","M","?","?","R","BOSS","M","?","?","M","M","R","E","R","T","$","M","E","M","?","R","BOSS","M","?","M","M","M","R","M","M","T","E","?","M","M","?","R","BOSS"],"items_purchased_type":["Card","Card","Relic","Relic","Relic"],"build_version":"2020-12-13","purchased_purges":0,"victory":false,"max_hp_per_floor":[72,72,72,72,72,72,72,72,72,72,72,74,74,74,74,74,74,74,88,88,88,90,90,90,90,90,90,90,90,90,90,90,90,90,90,90,90,90,92,92,92,94,94,94,94,94,96,96,96,96,96],"card_choices":[{"not_picked":["CrushJoints","EmptyBody"],"picked":"JustLucky","floor":1},{"not_picked":["Study","Wallop"],"picked":"Weave","floor":2},{"not_picked":["FlyingSleeves","Halt"],"picked":"ClearTheMind","floor":6},{"not_picked":["CrushJoints","Halt"],"picked":"SandsOfTime","floor":8},{"not_picked":["Protect","Crescendo"],"picked":"DevaForm","floor":10},{"not_picked":["Halt","Wallop","Protect"],"picked":"Singing Bowl","floor":12},{"not_picked":["EmptyFist","DeceiveReality"],"picked":"Tantrum","floor":13},{"not_picked":["Ragnarok","Omniscience"],"picked":"Scrawl","floor":16},{"not_picked":["Perseverance+1","EmptyBody"],"picked":"JustLucky+1","floor":18},{"not_picked":["Collect","FlyingSleeves+1"],"picked":"FlurryOfBlows","floor":21},{"not_picked":["Nirvana","WreathOfFlame","EmptyFist"],"picked":"Singing Bowl","floor":22},{"not_picked":["Protect","Wallop"],"picked":"Indignation","floor":24},{"not_picked":["Indignation","FlyingSleeves"],"picked":"Vault","floor":28},{"not_picked":["JustLucky","ClearTheMind+1"],"picked":"LessonLearned","floor":29},{"not_picked":["Collect","Meditate"],"picked":"BattleHymn","floor":30},{"not_picked":["Brilliance","Ragnarok"],"picked":"DevaForm","floor":33},{"not_picked":["EmptyBody","ClearTheMind+1"],"picked":"Crescendo+1","floor":35},{"not_picked":["EmptyFist+1","FlurryOfBlows"],"picked":"CarveReality","floor":37},{"not_picked":["EmptyBody+1","Consecrate+1"],"picked":"ConjureBlade","floor":38},{"not_picked":["Indignation","Crescendo","Fasting2+1"],"picked":"Singing Bowl","floor":39},{"not_picked":["ClearTheMind+1","SignatureMove"],"picked":"ReachHeaven+1","floor":41},{"not_picked":["ClearTheMind","PathToVictory+1","CrushJoints"],"picked":"Singing Bowl","floor":42},{"not_picked":["Protect","Scrawl"],"picked":"BattleHymn+1","floor":44},{"not_picked":["WaveOfTheHand","CrushJoints+1"],"picked":"FollowUp+1","floor":45},{"not_picked":["EmptyBody","Indignation"],"picked":"JustLucky+1","floor":46},{"not_picked":["Protect","Crescendo","Halt"],"picked":"Singing Bowl","floor":47}],"player_experience":292927,"relics_obtained":[{"floor":6,"key":"The Courier"},{"floor":8,"key":"Orichalcum"},{"floor":9,"key":"Singing Bowl"},{"floor":24,"key":"Ancient Tea Set"},{"floor":24,"key":"War Paint"},{"floor":26,"key":"Bag of Marbles"},{"floor":29,"key":"Regal Pillow"},{"floor":29,"key":"Whetstone"},{"floor":34,"key":"Centennial Puzzle"},{"floor":34,"key":"InkBottle"},{"floor":34,"key":"Calipers"},{"floor":43,"key":"Anchor"},{"floor":44,"key":"Gremlin Horn"},{"floor":44,"key":"Lantern"},{"floor":45,"key":"Torii"},{"floor":48,"key":"Art of War"}],"event_choices":[{"damage_healed":0,"gold_gain":175,"player_choice":"AGREE","damage_taken":0,"max_hp_gain":0,"max_hp_loss":0,"event_name":"Liars Game","floor":3,"gold_loss":0,"cards_obtained":["Doubt"]},{"cards_removed":["Doubt"],"damage_healed":0,"gold_gain":0,"player_choice":"Card Removal","damage_taken":7,"max_hp_gain":0,"max_hp_loss":0,"event_name":"Golden Wing","floor":4,"gold_loss":0},{"damage_healed":0,"gold_gain":0,"player_choice":"Got Potions","damage_taken":0,"max_hp_gain":0,"max_hp_loss":0,"event_name":"Lab","floor":5,"gold_loss":0},{"cards_removed":["ClearTheMind"],"damage_healed":5,"gold_gain":0,"player_choice":"Offered Common","damage_taken":0,"max_hp_gain":0,"max_hp_loss":0,"event_name":"Bonfire Elementals","floor":14,"gold_loss":0},{"cards_removed":["ClearTheMind"],"damage_healed":5,"gold_gain":0,"player_choice":"Offered Special","damage_taken":0,"max_hp_gain":0,"max_hp_loss":0,"event_name":"Bonfire Elementals","floor":14,"gold_loss":0},{"damage_healed":0,"gold_gain":0,"player_choice":"Obtained Relic","damage_taken":0,"relics_obtained":["Mango"],"max_hp_gain":0,"max_hp_loss":0,"event_name":"Addict","floor":19,"gold_loss":85},{"damage_healed":0,"gold_gain":0,"player_choice":"Ignored","damage_taken":0,"max_hp_gain":0,"max_hp_loss":0,"event_name":"Beggar","floor":20,"gold_loss":0},{"cards_removed":["Defend_P"],"damage_healed":0,"gold_gain":0,"player_choice":"Removed Skill","damage_taken":0,"max_hp_gain":0,"max_hp_loss":0,"event_name":"Falling","floor":36,"gold_loss":0},{"damage_healed":0,"gold_gain":0,"player_choice":"Fight","damage_taken":0,"max_hp_gain":0,"max_hp_loss":0,"event_name":"MindBloom","floor":45,"gold_loss":0}],"is_beta":false,"boss_relics":[{"not_picked":["SlaversCollar","Astrolabe"],"picked":"Black Star"},{"not_picked":["SacredBark","Coffee Dripper"],"picked":"Calling Bell"}],"items_purged_floors":[],"is_endless":false,"potions_floor_spawned":[1,2,6,18,24,28,35,38,39,42,45,46],"killed_by":"Time Eater","ascension_level":0}}