{"host":"j5gdvqtwmxqn6tw6","time":1608120072,"event":{"mods":["BaseMod","Colored Map","Colored Powertips","Downfall","Minty Spire (QoL Compilation)","Replay The Spire","StSLib","SuperFastMode"],"gold_per_floor":[99,99,99,131,131,131,155,155,182,182,282,301,286,296,313,416,416,416,429,496,496,496],"floor_reached":21,"playtime":870,"items_purged":[],"score":235,"play_id":"a1f023e7-8220-465e-a95b-ef9699edf214","local_time":"20201216130112","is_ascension_mode":false,"campfire_choices":[{"data":"Slimebound:Split","floor":1.0,"key":"SMITH"},{"data":"Slimebound:FirmFortitude","floor":8.0,"key":"SMITH"},{"data":"Slimebound:PressTheAttack","floor":10.0,"key":"SMITH"},{"data":"Slimebound:SlimeSlap","floor":18,"key":"SMITH"}],"circlet_count":0,"master_deck":["Slimebound:Strike_Slimebound","Slimebound:Strike_Slimebound","Slimebound:Tackle","Slimebound:Defend_Slimebound","Slimebound:Defend_Slimebound","Slimebound:Defend_Slimebound","Slimebound:Defend_Slimebound","Slimebound:Split+1","Slimebound:CorrosiveSpit","Slimebound:GoopSpray","Slimebound:FirmFortitude+1","Slimebound:PressTheAttack+1","Slimebound:LeechingTouch","Slimebound:SplitMire","Slimebound:DivideAndConquer","Slimebound:SlimeSlap+1","Slimebound:AcidTongue"],"relics":["Slimebound:AbsorbEndCombatUpgraded","downfall:HeartsMalice","Letter Opener","Replay:Bottled Steam","Oddly Smooth Stone","Blood Vial","downfall:CloakOfManyFaces","CultistMask","FaceOfCleric","NlothsMask","GremlinMask","SsserpentHead"],"acts_visited":["Exordium","TheCity"],"potions_floor_usage":[16,16,16,21],"damage_taken":[{"damage":0.0,"enemies":"3 Sentries","floor":4.0,"turns":1.0},{"damage":0.0,"enemies":"Cultist","floor":5.0,"turns":1.0},{"damage":0.0,"enemies":"Replay:BlueRogue","floor":9.0,"turns":1.0},{"damage":14.0,"enemies":"downfall:FaceTrader","floor":11.0,"turns":5.0},{"damage":7.0,"enemies":"2 Louse","floor":12.0,"turns":3.0},{"damage":8.0,"enemies":"downfall:FleeingMerchant","floor":13.0,"turns":4.0},{"damage":8,"enemies":"Jaw Worm","floor":14,"turns":3},{"damage":18,"enemies":"Gremlin Gang","floor":15,"turns":3},{"damage":50,"enemies":"downfall:Ironclad","floor":16,"turns":8},{"damage":30,"enemies":"Shell Parasite","floor":19,"turns":6},{"damage":40,"enemies":"Centurion and Healer","floor":20,"turns":4},{"damage":73,"enemies":"Book of Stabbing","floor":21,"turns":6}],"seed_played":"5436455727614474151","potions_obtained":[{"floor":3.0,"key":"ColorlessPotion"},{"floor":3.0,"key":"LiquidBronze"},{"floor":3.0,"key":"DuplicationPotion"},{"floor":11.0,"key":"ColorlessPotion"},{"floor":14,"key":"Weak Potion"},{"floor":20,"key":"SkillPotion"}],"is_trial":false,"path_per_floor":["R","?","?","E","M","?","T","R","E","R","?","M","$","M","M","B",null,"R","M","M","E"],"character_chosen":"SLIMEBOUND","items_purchased":[],"campfire_rested":0,"item_purchase_floors":[],"current_hp_per_floor":[60,35,35,35,35,35,35,35,35,35,39,47,62,63,61,51,65,65,58,51,0,0],"gold":496,"neow_bonus":"THREE_ENEMY_KILL","is_daily":false,"chose_seed":false,"campfire_upgraded":4,"win_rate":0.0,"timestamp":1608120072,"path_taken":["R","?","?","E","?","?","T","R","E","R","?","M","$","M","M","BOSS","R","M","?","E"],"items_purchased_type":[],"build_version":"2020-12-13","purchased_purges":0,"victory":false,"max_hp_per_floor":[60,60,60,60,60,60,60,60,60,60,60,61,62,63,64,65,65,65,66,67,67,67],"card_choices":[{"not_picked":["Slimebound:Nibble","Slimebound:FormOfPuddle"],"picked":"Slimebound:GoopSpray","floor":4.0},{"not_picked":["Slimebound:Grow","Slimebound:SplitLeeching"],"picked":"Slimebound:FirmFortitude","floor":5.0},{"not_picked":["Slimebound:Recycling","Slimebound:LivingWall"],"picked":"Slimebound:PressTheAttack","floor":9.0},{"not_picked":["Slimebound:PressTheAttack","Slimebound:ForwardTackle"],"picked":"Slimebound:LeechingTouch","floor":11.0},{"not_picked":["Slimebound:Schlurp","Slimebound:FinishingTackle"],"picked":"Slimebound:SplitMire","floor":12.0},{"not_picked":["Slimebound:LeechEnergy","Slimebound:ProtectTheBoss","Slimebound:SplitLeeching"],"picked":"SKIP","floor":13},{"not_picked":["Slimebound:TongueLash","Slimebound:LeechEnergy"],"picked":"Slimebound:DivideAndConquer","floor":14},{"not_picked":["Slimebound:PrepareCrush","Slimebound:SplitAcid","Slimebound:PressTheAttack"],"picked":"SKIP","floor":15},{"not_picked":["Slimebound:CheckThePlaybook","Slimebound:Overexert"],"picked":"Slimebound:SlimeSlap","floor":16},{"not_picked":["Slimebound:Dissolve","Slimebound:SplitAcid","Slimebound:GrowthPunch+1"],"picked":"SKIP","floor":19},{"not_picked":["Slimebound:Replication","Slimebound:RollThrough"],"picked":"Slimebound:AcidTongue","floor":20}],"player_experience":28632,"relics_obtained":[{"floor":4.0,"key":"Replay:Bottled Steam"},{"floor":7.0,"key":"Oddly Smooth Stone"},{"floor":9.0,"key":"Blood Vial"},{"floor":11.0,"key":"downfall:CloakOfManyFaces"}],"event_choices":[{"damage_healed":0.0,"max_hp_gain":0.0,"max_hp_loss":0.0,"gold_gain":0.0,"event_name":"Scrap Ooze","player_choice":"Success","floor":2.0,"gold_loss":0.0,"damage_taken":25.0,"relics_obtained":["Letter Opener"]},{"damage_healed":0.0,"max_hp_gain":0.0,"max_hp_loss":0.0,"gold_gain":0.0,"event_name":"Lab","player_choice":"Got Potions","floor":3.0,"gold_loss":0.0,"damage_taken":0.0}],"is_beta":false,"boss_relics":[{"not_picked":["Fusion Hammer","Philosopher\u0027s Stone"],"picked":"Slimebound:AbsorbEndCombatUpgraded"}],"items_purged_floors":[],"is_endless":false,"potions_floor_spawned":[9,11,14,20],"killed_by":"Book of Stabbing","ascension_level":0}}