{"host":"tthpht10oetb1q7t","time":1608118901,"event":{"mods":["AchievementEnabler","Act Like it!","BaseMod","GifTheSpireLib","Hubris","Infinite Spire","Minty Spire (QoL Compilation)","Permanent Neow","Quick Restart","Replay The Spire","Shade Mod","StSLib","SuperFastMode","The Administrix","The Bladedancer"],"gold_per_floor":[114,127,59,134,134,134,147,147,147,165,165,165,199,40,50,50,150,150],"floor_reached":17,"playtime":915,"items_purged":["AdministrixMod:BlueCloak"],"score":155,"play_id":"dcd12c90-3c33-407c-82d2-483ec2a737b5","local_time":"20201216124141","is_ascension_mode":false,"campfire_choices":[{"data":"AdministrixMod:HiddenPower","floor":6,"key":"SMITH"},{"data":"AdministrixMod:TrickOfTheLight","floor":8,"key":"SMITH"},{"data":"AdministrixMod:LightOfYourLife","floor":11,"key":"SMITH"},{"floor":12,"key":"RECALL"},{"data":"AdministrixMod:LightOfYourLife","floor":16,"key":"SMITH"}],"circlet_count":0,"master_deck":["AdministrixMod:Strike_Administrix","AdministrixMod:Strike_Administrix","AdministrixMod:Strike_Administrix","AdministrixMod:RedCloak","AdministrixMod:Defend_Administrix","AdministrixMod:Defend_Administrix","AdministrixMod:Defend_Administrix","AdministrixMod:Defend_Administrix","AdministrixMod:BlueCloak","AdministrixMod:TrickOfTheLight+1","AdministrixMod:LightOfYourLife+1","AdministrixMod:HiddenPower+1","AdministrixMod:NewWardrobe","AdministrixMod:LightOfYourLife+1","AdministrixMod:NewWardrobe","AdministrixMod:TrickOfTheLight"],"relics":["AdministrixMod:ConductorRitualBaton","The Courier"],"acts_visited":["Exordium"],"potions_floor_usage":[],"damage_taken":[{"damage":0,"enemies":"Small Slimes","floor":1,"turns":3},{"damage":1,"enemies":"2 Louse","floor":2,"turns":2},{"damage":10,"enemies":"infinitespire:Voidling","floor":7,"turns":5},{"damage":7,"enemies":"Exordium Wildlife","floor":10,"turns":7},{"damage":24,"enemies":"3 Sentries","floor":13,"turns":7},{"damage":9,"enemies":"Large Slime","floor":15,"turns":3},{"damage":5,"enemies":"Hexaghost","floor":17,"turns":9}],"seed_played":"585441010216674471","potions_obtained":[{"floor":1,"key":"Explosive Potion"},{"floor":2,"key":"Elixir"}],"is_trial":false,"path_per_floor":["M","M","$","?","?","R","M","R","T","M","R","R","E","$","M","R","B"],"character_chosen":"TheAdministrix","items_purchased":["AdministrixMod:HiddenPower","AdministrixMod:LightOfYourLife","AdministrixMod:NewWardrobe"],"campfire_rested":0,"item_purchase_floors":[3,14,14],"current_hp_per_floor":[65,64,64,53,58,58,55,55,55,48,48,48,24,24,15,15,10,10],"gold":150,"neow_bonus":"REMOVE_CARD","is_daily":false,"chose_seed":false,"campfire_upgraded":4,"win_rate":0.0,"timestamp":1608118901,"path_taken":["M","M","$","?","?","R","M","R","T","M","R","R","E","$","M","R","BOSS"],"items_purchased_type":["Card","Card","Card"],"build_version":"2020-12-13","purchased_purges":1,"victory":false,"max_hp_per_floor":[65,65,65,65,70,70,70,70,70,70,70,70,70,70,70,70,70,70],"card_choices":[{"not_picked":["AdministrixMod:DiversionaryTactic","AdministrixMod:FiendishCrimson"],"picked":"AdministrixMod:TrickOfTheLight","floor":1},{"not_picked":["AdministrixMod:FiendishCrimson","AdministrixMod:TouchOfCinnabar"],"picked":"AdministrixMod:LightOfYourLife","floor":2},{"not_picked":["AdministrixMod:SipOfSparks","AdministrixMod:ImmortalGrace"],"picked":"AdministrixMod:NewWardrobe","floor":7},{"not_picked":["AdministrixMod:TouchOfCinnabar","AdministrixMod:ShadowPlay","AdministrixMod:PassageOfAges"],"picked":"SKIP","floor":10},{"not_picked":["AdministrixMod:DiversionaryTactic","AdministrixMod:FuneraryRites","AdministrixMod:PassageOfAges"],"picked":"SKIP","floor":13},{"not_picked":["AdministrixMod:SipOfSparks","AdministrixMod:PlateOfAntiquity"],"picked":"AdministrixMod:TrickOfTheLight","floor":15}],"player_experience":73246,"relics_obtained":[{"floor":13,"key":"The Courier"}],"event_choices":[{"damage_healed":0,"gold_gain":75,"player_choice":"Gather Gold","damage_taken":11,"max_hp_gain":0,"max_hp_loss":0,"event_name":"World of Goop","floor":4,"gold_loss":0},{"damage_healed":0,"gold_gain":0,"player_choice":"Donut","damage_taken":0,"max_hp_gain":5,"max_hp_loss":0,"event_name":"Big Fish","floor":5,"gold_loss":0}],"is_beta":false,"boss_relics":[],"items_purged_floors":[14],"is_endless":false,"potions_floor_spawned":[1,2],"killed_by":"Hexaghost","ascension_level":0}}