{"host":"8xp52u5o8fcssvzz","time":1608145021,"event":{"mods":["2.2 Compatiblity","AchievementEnabler","Act Like it!","Aspiration","BaseMod","Better Altar","Better Match","Better Note","Better Sensory Stone","Better Skull","Better Third Choice","BetterRewards","Colored Map","Conspire","Downfall","GifTheSpireLib","Googly Eyes","Halation","Hallownest","Highlight Path","Hubris","Infinite Spire","Jorbs\u0027s Wanderer Trilogy","Koishi","Lobotomy","LobotomyExtend","Luminous","Magitek Elite","Marisa????????","Mimic Mod","Minty Spire (QoL Compilation)","Prisma Mod","Reimu??????","Remilia_Scarlet Moed?????·?????3.3.5","Remilia??????","Replay The Spire","Shade Mod","Spicy Shops","StSLib","Stuff the Spire","The Administrix","The Blackbeard","The Bladedancer","The Construct","The Cursed","The Gatherer","The Necromancer","The Runesmith","The Servant 0.9.4","TheFirefly","TheSwordswoman","Unceasing Turn Reminder","everything is the same but u backflip on backflip"],"gold_per_floor":[116,116,131,131,144,175,175,201,231,231,111,111,127,127,127,127,127],"floor_reached":16,"playtime":830,"items_purged":["BigBird"],"score":98,"play_id":"a74e8b2f-6cb0-4fd9-afa7-ccf541ecc080","local_time":"20201216105701","is_ascension_mode":false,"campfire_choices":[{"data":"construct:FlakBarrage","floor":7,"key":"SMITH"},{"floor":10,"key":"REST"},{"data":"construct:Stasis","floor":12,"key":"SMITH"},{"floor":15,"key":"REST"}],"circlet_count":0,"master_deck":["construct:Strike_Gold","construct:Strike_Gold","construct:Strike_Gold","construct:Strike_Gold","construct:Defend_Gold","construct:Defend_Gold","construct:Defend_Gold","construct:Defend_Gold","construct:Defend_Gold","construct:AttackMode","construct:DefenseMode","Bloodbath","construct:Stasis+1","SnowQueen","construct:FlakBarrage+1","construct:SaveState","construct:ChargeShot","FieryBird","construct:HeavyBolt","construct:Autoturret","UniverseFragment","construct:FierceBash","Burn"],"relics":["StuffTheSpire:OccultApparatus","CogitoBucket","LetterFromLob","Blood Vial","ScarletDevilRocket","HellTrain"],"acts_visited":["Exordium"],"potions_floor_usage":[6,6],"damage_taken":[{"damage":8,"enemies":"Cultist","floor":1,"turns":4},{"damage":38,"enemies":"infinitespire:Voidling","floor":3,"turns":10},{"damage":10,"enemies":"Small Slimes","floor":5,"turns":4},{"damage":52,"enemies":"Gremlin Nob","floor":6,"turns":5},{"damage":3,"enemies":"conspire:2 RoseBushes","floor":9,"turns":9},{"damage":40,"enemies":"conspire:2 RoseBushes","floor":13,"turns":5},{"damage":69,"enemies":"Hexaghost","floor":16,"turns":5}],"seed_played":"-2237131788640938635","potions_obtained":[{"floor":3,"key":"champ:CounterPotion"},{"floor":5,"key":"Explosive Potion"},{"floor":13,"key":"SpeedPotion"}],"is_trial":false,"path_per_floor":["M","?","M","?","M","E","R","T","MIM","R","$","R","M","?","R","B"],"character_chosen":"THE_CONSTRUCT_MOD","items_purchased":["construct:Autoturret"],"campfire_rested":2,"item_purchase_floors":[11],"current_hp_per_floor":[77,77,68,68,60,10,10,10,11,36,36,36,2,2,27,0,0],"gold":127,"neow_bonus":"","is_daily":false,"chose_seed":false,"campfire_upgraded":2,"win_rate":0.0,"timestamp":1608145021,"path_taken":["M","?","?","?","M","E","R","?","MIM","R","$","R","M","?","R","BOSS"],"items_purchased_type":["Card"],"build_version":"2020-12-13","purchased_purges":1,"victory":false,"max_hp_per_floor":[85,85,85,85,85,85,85,85,85,85,85,85,85,85,85,85,85],"card_choices":[{"not_picked":["CherryBlossoms","SpiderBud"],"picked":"Bloodbath","floor":1},{"not_picked":["construct:FierceBash","construct:SuppressiveFire"],"picked":"construct:Stasis","floor":1},{"not_picked":["MeatLantern","PunishingBird"],"picked":"SnowQueen","floor":3},{"not_picked":["construct:FlameCore","construct:UnbalancingBlast"],"picked":"construct:FlakBarrage","floor":3},{"not_picked":["Murderer","PunishingBird"],"picked":"BigBird","floor":5},{"not_picked":["construct:QuickAttack","construct:SuppressiveFire"],"picked":"construct:SaveState","floor":5},{"not_picked":["construct:Chainstrike","construct:FocusedBeam"],"picked":"construct:ChargeShot","floor":6},{"not_picked":["QueenBee","Mercenary"],"picked":"FieryBird","floor":9},{"not_picked":["construct:VentSteam","construct:HardReboot"],"picked":"construct:HeavyBolt","floor":9},{"not_picked":["Wellcheers","PunishingBird"],"picked":"UniverseFragment","floor":13},{"not_picked":["construct:ClusterMines","construct:Boost"],"picked":"construct:FierceBash","floor":13}],"player_experience":436509,"relics_obtained":[{"floor":1,"key":"LetterFromLob"},{"floor":6,"key":"Blood Vial"},{"floor":9,"key":"ScarletDevilRocket"}],"event_choices":[{"cards_removed":["construct:Strike_Gold"],"damage_healed":0,"gold_gain":0,"player_choice":"Offered Basic","damage_taken":0,"max_hp_gain":0,"max_hp_loss":0,"event_name":"Bonfire Elementals","floor":2,"gold_loss":0},{"damage_healed":2,"gold_gain":0,"player_choice":"Embrace Burn","damage_taken":0,"max_hp_gain":0,"max_hp_loss":85,"event_name":"betterThird:BetterShining","floor":14,"gold_loss":0}],"is_beta":false,"boss_relics":[],"items_purged_floors":[11],"is_endless":false,"potions_floor_spawned":[3,5,13],"killed_by":"Hexaghost","ascension_level":0}}