{"host":"yvb207ks1sg3cxef","time":1608153913,"event":{"mods":["2.2 Compatiblity","BaseMod","Bestiary","Colored Powertips","Minty Spire (QoL Compilation)","Permanent Neow","Quick Restart","Relic Stats","StSLib"],"gold_per_floor":[369,369,369,33,56,91,104,124,124,142,183,36,70,90,90,183,183,202,216,95,95,109,109,109,109],"floor_reached":24,"playtime":936,"items_purged":["Writhe"],"score":356,"play_id":"d40cca26-4300-4ac0-983e-76a9a56e81ca","local_time":"20201217025513","is_ascension_mode":true,"campfire_choices":[{"floor":15.0,"key":"REST"},{"data":"Catalyst","floor":23,"key":"SMITH"}],"circlet_count":0,"master_deck":["AscendersBane","Strike_G","Strike_G","Strike_G","Strike_G","Defend_G","Defend_G","Defend_G","Defend_G","Defend_G","Survivor","Neutralize","Deadly Poison","Catalyst+1","Well Laid Plans","Dagger Throw","After Image","Dagger Throw","Corpse Explosion","Dagger Spray","Crippling Poison","Die Die Die","Blur","A Thousand Cuts+1","Blade Dance+1","Backflip","Noxious Fumes+1"],"relics":["Ring of the Snake","Golden Idol","Bag of Preparation","Lantern","Dream Catcher","Kunai","Ornamental Fan","TwistedFunnel","Frozen Egg 2","Cursed Key"],"acts_visited":["Exordium","TheCity"],"potions_floor_usage":[22],"damage_taken":[{"damage":0.0,"enemies":"Jaw Worm","floor":1.0,"turns":5.0},{"damage":16.0,"enemies":"Lagavulin","floor":6.0,"turns":8.0},{"damage":0.0,"enemies":"Cultist","floor":7.0,"turns":4.0},{"damage":0.0,"enemies":"2 Louse","floor":8.0,"turns":3.0},{"damage":5.0,"enemies":"Red Slaver","floor":10.0,"turns":4.0},{"damage":8.0,"enemies":"Gremlin Nob","floor":11.0,"turns":3.0},{"damage":14.0,"enemies":"Lagavulin","floor":13.0,"turns":5.0},{"damage":0.0,"enemies":"Blue Slaver","floor":14.0,"turns":3.0},{"damage":25.0,"enemies":"Slime Boss","floor":16.0,"turns":7.0},{"damage":0.0,"enemies":"3 Byrds","floor":18.0,"turns":3.0},{"damage":15,"enemies":"2 Thieves","floor":19,"turns":3},{"damage":12,"enemies":"Shelled Parasite and Fungi","floor":22,"turns":5},{"damage":34,"enemies":"Slavers","floor":24,"turns":2}],"seed_played":"-3112420510924591688","potions_obtained":[{"floor":1.0,"key":"Block Potion"},{"floor":7.0,"key":"Energy Potion"},{"floor":10.0,"key":"Strength Potion"},{"floor":18.0,"key":"SkillPotion"},{"floor":22,"key":"CultistPotion"}],"is_trial":false,"path_per_floor":["M","?","?","$","T","E","M","M","T","M","E","$","E","M","R","B",null,"M","M","$","?","M","R","E"],"character_chosen":"THE_SILENT","items_purchased":["Bag of Preparation","Catalyst","Well Laid Plans","Dagger Throw","TwistedFunnel","Backflip"],"campfire_rested":1,"item_purchase_floors":[4,4,4,4,12,20],"current_hp_per_floor":[63,68,50,50,50,34,34,34,34,29,21,21,7,7,29,4,57,57,42,42,42,30,30,0,0],"gold":109,"neow_bonus":"TWO_FIFTY_GOLD","is_daily":false,"chose_seed":false,"campfire_upgraded":1,"win_rate":0.0,"timestamp":1608153913,"path_taken":["M","?","?","$","?","E","M","M","T","M","E","$","E","M","R","BOSS","M","?","$","?","?","R","E"],"items_purchased_type":["Relic","Card","Card","Card","Relic","Card"],"build_version":"2020-12-13","purchased_purges":1,"victory":false,"max_hp_per_floor":[70,75,75,75,75,75,75,75,75,75,75,75,75,75,75,75,75,75,75,75,75,75,75,75,75],"relic_stats":{"Dream Catcher":1,"counters":[13,55],"Golden Idol":66,"Ornamental Fan":[32],"Bag of Preparation":[24],"Kunai":[9],"Cursed Key":0,"obtain_stats":[{"TwistedFunnel":12,"Lantern":5,"Dream Catcher":6,"Golden Idol":3,"Ornamental Fan":11,"Bag of Preparation":4,"Kunai":9,"Frozen Egg 2":13,"Cursed Key":17,"Ring of the Snake":0},{"TwistedFunnel":6,"Lantern":1,"Dream Catcher":2,"Golden Idol":1,"Ornamental Fan":6,"Bag of Preparation":1,"Kunai":4,"Frozen Egg 2":7,"Cursed Key":9,"Ring of the Snake":0},{"TwistedFunnel":27,"Lantern":5,"Dream Catcher":13,"Golden Idol":5,"Ornamental Fan":27,"Bag of Preparation":5,"Kunai":20,"Frozen Egg 2":32,"Cursed Key":42,"Ring of the Snake":0}],"Ring of the Snake":[26]},"card_choices":[{"not_picked":["Finisher","Heel Hook"],"picked":"Deadly Poison","floor":1.0},{"not_picked":["Dagger Spray","PiercingWail"],"picked":"After Image","floor":6.0},{"not_picked":["Slice","Cloak And Dagger"],"picked":"Dagger Throw","floor":7.0},{"not_picked":["Dagger Throw","Setup"],"picked":"Corpse Explosion","floor":8.0},{"not_picked":["Dagger Throw","Well Laid Plans"],"picked":"Dagger Spray","floor":10.0},{"not_picked":["Terror","Deflect"],"picked":"Crippling Poison","floor":11.0},{"not_picked":["Heel Hook","Flying Knee"],"picked":"Die Die Die","floor":13.0},{"not_picked":["Terror","Crippling Poison","Dagger Throw"],"picked":"SKIP","floor":14.0},{"not_picked":["Cloak And Dagger","Poisoned Stab"],"picked":"Blur","floor":15.0},{"not_picked":["Doppelganger","Corpse Explosion"],"picked":"A Thousand Cuts+1","floor":16.0},{"not_picked":["Cloak And Dagger","Flechettes"],"picked":"Blade Dance+1","floor":18.0},{"not_picked":["Masterful Stab","Tactician","Flying Knee"],"picked":"SKIP","floor":19},{"not_picked":["Acrobatics","Endless Agony"],"picked":"Noxious Fumes+1","floor":22}],"player_experience":176277,"relics_obtained":[{"floor":5.0,"key":"Lantern"},{"floor":6.0,"key":"Dream Catcher"},{"floor":9.0,"key":"Kunai"},{"floor":11.0,"key":"Ornamental Fan"},{"floor":13.0,"key":"Frozen Egg 2"}],"event_choices":[{"damage_healed":0.0,"max_hp_gain":5.0,"max_hp_loss":0.0,"gold_gain":0.0,"event_name":"Big Fish","player_choice":"Donut","floor":2.0,"gold_loss":0.0,"damage_taken":0.0},{"damage_healed":0.0,"max_hp_gain":0.0,"max_hp_loss":0.0,"gold_gain":0.0,"event_name":"Golden Idol","player_choice":"Take Damage","floor":3.0,"gold_loss":0.0,"damage_taken":18.0,"relics_obtained":["Golden Idol"]},{"cards_removed":["Strike_G"],"damage_healed":0,"gold_gain":0,"player_choice":"Purged","damage_taken":0,"max_hp_gain":0,"max_hp_loss":0,"event_name":"Purifier","floor":21,"gold_loss":0}],"is_beta":false,"boss_relics":[{"not_picked":["Empty Cage","Calling Bell"],"picked":"Cursed Key"}],"items_purged_floors":[20],"is_endless":false,"potions_floor_spawned":[1,7,10,18,22],"killed_by":"Slavers","ascension_level":13}}