{"host":"wha9hktbkslqvblg","time":1608102883,"event":{"mods":["BaseMod","Colored Map","Minty Spire (QoL Compilation)","Relic Stats","SuperFastMode","everything is the same but u backflip on backflip"],"gold_per_floor":[115,40,40,40,40,73,73,73,100,114,29,29,29],"floor_reached":12,"playtime":144,"items_purged":[],"score":198,"play_id":"4dd3221a-5067-44c3-834e-d8186ef24aa8","local_time":"20201216161443","is_ascension_mode":true,"campfire_choices":[{"data":"Body Slam","floor":8,"key":"SMITH"}],"circlet_count":0,"master_deck":["AscendersBane","Strike_R","Strike_R","Strike_R","Defend_R","Defend_R","Defend_R","Defend_R","Bash","Body Slam+1","Rage","Power Through"],"relics":["Burning Blood","NeowsBlessing","Golden Idol","Blue Candle","HornCleat","Happy Flower","MealTicket"],"acts_visited":["Exordium"],"potions_floor_usage":[12],"damage_taken":[{"damage":0,"enemies":"Small Slimes","floor":1,"turns":1},{"damage":0,"enemies":"Lagavulin","floor":6,"turns":1},{"damage":0,"enemies":"2 Louse","floor":10,"turns":1},{"damage":21,"enemies":"Gremlin Nob","floor":12,"turns":4}],"seed_played":"8623976082807092745","potions_obtained":[{"floor":1,"key":"ElixirPotion"},{"floor":10,"key":"GamblersBrew"}],"is_trial":false,"path_per_floor":["M","?","?","?","?","E","?","R","T","M","$","E"],"character_chosen":"IRONCLAD","items_purchased":["Power Through"],"campfire_rested":0,"item_purchase_floors":[11],"current_hp_per_floor":[74,74,48,41,15,21,21,21,21,27,42,21,21],"gold":29,"neow_bonus":"THREE_ENEMY_KILL","is_daily":false,"chose_seed":false,"campfire_upgraded":1,"win_rate":0.0,"timestamp":1608102883,"path_taken":["M","?","?","?","?","E","?","R","T","M","$","E"],"items_purchased_type":["Card"],"build_version":"2020-12-13","purchased_purges":0,"victory":false,"max_hp_per_floor":[75,75,75,75,75,75,75,75,75,75,75,75,75],"relic_stats":{"Happy Flower":[1],"counters":[4,7],"Golden Idol":10,"Blue Candle":[0],"MealTicket":15,"obtain_stats":[{"HornCleat":6,"NeowsBlessing":0,"Happy Flower":7,"Golden Idol":3,"Blue Candle":5,"MealTicket":9,"Burning Blood":0},{"HornCleat":2,"NeowsBlessing":0,"Happy Flower":2,"Golden Idol":1,"Blue Candle":1,"MealTicket":2,"Burning Blood":0},{"HornCleat":2,"NeowsBlessing":0,"Happy Flower":2,"Golden Idol":1,"Blue Candle":1,"MealTicket":2,"Burning Blood":0}],"Burning Blood":18},"card_choices":[{"not_picked":["Dual Wield","Thunderclap","Infernal Blade"],"picked":"SKIP","floor":1},{"not_picked":["Dual Wield","Thunderclap"],"picked":"Infernal Blade","floor":1},{"not_picked":["Armaments","Flex"],"picked":"Body Slam","floor":6},{"not_picked":["Iron Wave","Twin Strike"],"picked":"Rage","floor":10}],"player_experience":854818,"relics_obtained":[{"floor":6,"key":"HornCleat"},{"floor":9,"key":"MealTicket"}],"event_choices":[{"cards_removed":["Strike_R"],"damage_healed":0,"gold_gain":0,"player_choice":"Card Removal","damage_taken":0,"max_hp_gain":0,"max_hp_loss":0,"event_name":"The Cleric","floor":2,"gold_loss":75},{"damage_healed":0,"gold_gain":0,"player_choice":"Take Damage","damage_taken":26,"relics_obtained":["Golden Idol"],"max_hp_gain":0,"max_hp_loss":0,"event_name":"Golden Idol","floor":3,"gold_loss":0},{"cards_removed":["Strike_R"],"damage_healed":0,"gold_gain":0,"player_choice":"Card Removal","damage_taken":7,"max_hp_gain":0,"max_hp_loss":0,"event_name":"Golden Wing","floor":4,"gold_loss":0},{"damage_healed":0,"gold_gain":0,"player_choice":"Success","damage_taken":26,"relics_obtained":["Blue Candle"],"max_hp_gain":0,"max_hp_loss":0,"event_name":"Scrap Ooze","floor":5,"gold_loss":0},{"cards_removed":["Infernal Blade"],"damage_healed":0,"gold_gain":0,"player_choice":"Gave Card","damage_taken":0,"relics_obtained":["Happy Flower"],"max_hp_gain":0,"max_hp_loss":0,"event_name":"WeMeetAgain","floor":7,"gold_loss":0}],"is_beta":false,"boss_relics":[],"items_purged_floors":[],"is_endless":false,"potions_floor_spawned":[1,10],"killed_by":"Gremlin Nob","ascension_level":20}}