{"host":"0cnf9zf1gia27zti","time":1608084342,"event":{"mods":["BaseMod","BetterRewards","Card Forge","Colored Map","Colored Powertips","Conspire","Downfall","Minty Spire (QoL Compilation)","Practice Mode","Quick Restart","Replay The Spire","Robot Space Explorer","Shade Mod","Spicy Shops","StSLib"],"gold_per_floor":[111,111,7,7,24,56,56,89,115,115,0,10,110,126,126,203,203,234,260,66,66,77,77,93,93,93,111,138,17,36,19,19,92,92,92],"floor_reached":34,"playtime":3208,"items_purged":["Strike_G","Hallucinations","Strike_G","Strike_G"],"score":1330,"play_id":"af5f80f1-0a43-4d6f-848f-6cf40e664105","local_time":"20201216020542","is_ascension_mode":true,"campfire_choices":[{"floor":10,"key":"REST"},{"floor":15,"key":"REST"},{"floor":23,"key":"REST"},{"floor":32,"key":"REST"}],"circlet_count":0,"master_deck":["AscendersBane","Strike_G+1","Strike_G+2","Defend_G+1","Defend_G","Defend_G+2","Defend_G","Defend_G","Survivor","Neutralize+1","Accuracy","Choke","Cloak And Dagger","Infinite Blades","Prepared+1","Infinite Blades","Blade Dance","Cloak And Dagger","Doppelganger","Blade Dance","conspire:PoisonWeapons","Infinite Blades","Choke","Noxious Fumes","Storm of Steel","CurseOfTheBell","Cloak And Dagger","conspire:PoisonWeapons","Footwork","Skewer","Infinite Blades","Prepared","Cloak And Dagger","Blade Dance+1","PiercingWail+1","Prepared+1","Prepared+1","ReplayTheSpireMod:Shiv Toss+1"],"relics":["Ring of the Snake","Hammer of Thor","Seething Fire","Anvil of the Gods","Membership Card","Ninja Scroll","ReplayTheSpireMod:TigerMarble","ReplayTheSpireMod:CursedCoin","Gremlin Food","Lee\u0027s Waffle","Simple Rune","Gremlin Horn","Dream Catcher","Strawberry","Calling Bell","MawBank","Letter Opener","Lizard Tail","MutagenicStrength","Replay:Towering Pillar of Hats","Peace Pipe","Toxic Egg 2","HoveringKite"],"acts_visited":["Exordium","TheCity","TheBeyond"],"potions_floor_usage":[16,16,24,33],"damage_taken":[{"damage":0,"enemies":"Cultist","floor":1,"turns":3},{"damage":7,"enemies":"Jaw Worm","floor":5,"turns":2},{"damage":9,"enemies":"Lagavulin","floor":6,"turns":5},{"damage":12,"enemies":"Gremlin Nob","floor":8,"turns":3},{"damage":0,"enemies":"2 Louse","floor":12,"turns":1},{"damage":2,"enemies":"Large Slime","floor":14,"turns":3},{"damage":16,"enemies":"Fading Forest","floor":16,"turns":11},{"damage":33,"enemies":"3 Byrds","floor":18,"turns":5},{"damage":22,"enemies":"Shell Parasite","floor":19,"turns":6},{"damage":0,"enemies":"Chosen and Byrds","floor":22,"turns":4},{"damage":31,"enemies":"Snake Plant","floor":24,"turns":3},{"damage":15,"enemies":"Shelled Parasite and Fungi","floor":27,"turns":5},{"damage":6,"enemies":"Gremlin Leader","floor":28,"turns":5},{"damage":0,"enemies":"Snecko","floor":30,"turns":3},{"damage":32,"enemies":"Pondfish","floor":33,"turns":9}],"seed_played":"-9107749107279748819","potions_obtained":[{"floor":8,"key":"DistilledChaos"},{"floor":12,"key":"PowerPotion"},{"floor":14,"key":"DuplicationPotion"},{"floor":22,"key":"Block Potion"},{"floor":28,"key":"Elixir"}],"is_trial":false,"path_per_floor":["M","?","$","?","M","E","?","E","T","R","$","M","?","M","R","B",null,"M","M","$","?","M","R","M","?","T","M","E","$","M","$","R","B",null],"character_chosen":"THE_SILENT","items_purchased":["Accuracy","Choke","Membership Card","Ninja Scroll","Cloak And Dagger","ReplayTheSpireMod:TigerMarble","ReplayTheSpireMod:CursedCoin","Infinite Blades","Gremlin Food","Prepared","Lee\u0027s Waffle","Blade Dance","Infinite Blades","Strawberry","Footwork","Skewer","Toxic Egg 2","Prepared+1"],"campfire_rested":4,"item_purchase_floors":[0,0,0,0,0,0,0,0,0,0,3,3,11,11,20,20,29,31],"current_hp_per_floor":[31,17,77,82,75,66,66,54,54,78,85,85,85,83,89,73,85,52,30,30,30,30,56,25,25,25,14,8,8,8,8,34,2,67,67],"gold":92,"neow_bonus":"","is_daily":false,"chose_seed":false,"campfire_upgraded":0,"win_rate":0.0,"timestamp":1608084342,"path_taken":["M","?","$","?","M","E","?","E","T","R","$","M","?","?","R","BOSS","M","M","$","?","M","R","M","?","T","M","E","$","M","?","R","BOSS"],"items_purchased_type":["Card","Card","Relic","Relic","Card","Relic","Relic","Card","Relic","Card","Relic","Card","Card","Relic","Card","Card","Relic","Card"],"build_version":"2020-12-13","purchased_purges":4,"victory":false,"max_hp_per_floor":[70,70,77,82,82,82,82,82,82,82,89,89,89,89,89,89,89,89,89,89,89,89,89,89,89,89,89,89,89,89,89,89,89,89,89],"card_choices":[{"not_picked":["Noxious Fumes","Outmaneuver"],"picked":"Infinite Blades","floor":1},{"not_picked":["Sucker Punch","Poisoned Stab"],"picked":"Cloak And Dagger","floor":5},{"not_picked":["Dagger Throw","Deflect"],"picked":"Doppelganger","floor":6},{"not_picked":["Setup","ReplayTheSpireMod:Exploit Weakness"],"picked":"Blade Dance","floor":8},{"not_picked":["Dagger Spray","ReplayTheSpireMod:Scrap Shanks"],"picked":"conspire:PoisonWeapons","floor":10},{"not_picked":["Prepared","Dash"],"picked":"Choke","floor":12},{"not_picked":["Acrobatics","Slice","Hidden Blade"],"picked":"SKIP","floor":14},{"not_picked":["Prepared","All Out Attack"],"picked":"Noxious Fumes","floor":15},{"not_picked":["Envenom","Glass Knife"],"picked":"Storm of Steel","floor":16},{"not_picked":["Prepared","Sucker Punch"],"picked":"Cloak And Dagger","floor":18},{"not_picked":["PiercingWail","Backflip"],"picked":"conspire:PoisonWeapons","floor":19},{"not_picked":["Prepared","Poisoned Stab+1"],"picked":"Infinite Blades","floor":22},{"not_picked":["Slice","Underhanded Strike"],"picked":"Prepared","floor":23},{"not_picked":["Masterful Stab","Fluid Movement","Sneak Up+1"],"picked":"SKIP","floor":24},{"not_picked":["PiercingWail","Backflip"],"picked":"Cloak And Dagger","floor":27},{"not_picked":["Die Die Die","Choke"],"picked":"Blade Dance+1","floor":28},{"not_picked":["Distraction+1","Underhanded Strike"],"picked":"PiercingWail+1","floor":30},{"not_picked":["Cloak And Dagger+1","Underhanded Strike"],"picked":"ReplayTheSpireMod:Shiv Toss+1","floor":32}],"player_experience":2068378,"relics_obtained":[{"floor":6,"key":"Simple Rune"},{"floor":8,"key":"Gremlin Horn"},{"floor":9,"key":"Dream Catcher"},{"floor":17,"key":"MawBank"},{"floor":17,"key":"Letter Opener"},{"floor":17,"key":"Lizard Tail"},{"floor":26,"key":"Replay:Towering Pillar of Hats"},{"floor":28,"key":"Peace Pipe"}],"event_choices":[{"damage_healed":0,"gold_gain":0,"player_choice":"Entered Light","damage_taken":14,"max_hp_gain":0,"max_hp_loss":0,"event_name":"Shining Light","floor":2,"gold_loss":0,"cards_upgraded":["Prepared","Defend_G"]},{"damage_healed":0,"gold_gain":0,"player_choice":"Donut","damage_taken":0,"max_hp_gain":5,"max_hp_loss":0,"event_name":"Big Fish","floor":4,"gold_loss":0},{"damage_healed":0,"gold_gain":0,"player_choice":"Leave","damage_taken":0,"max_hp_gain":0,"max_hp_loss":0,"event_name":"conspire:Investor","floor":7,"gold_loss":0},{"damage_healed":0,"gold_gain":100,"player_choice":"Pray","damage_taken":0,"max_hp_gain":0,"max_hp_loss":0,"event_name":"Golden Shrine","floor":13,"gold_loss":0},{"damage_healed":0,"gold_gain":0,"player_choice":"Ignored","damage_taken":0,"max_hp_gain":0,"max_hp_loss":0,"event_name":"Vampires","floor":21,"gold_loss":0},{"damage_healed":0,"gold_gain":0,"player_choice":"Inject Mutagens","damage_taken":0,"relics_obtained":["MutagenicStrength"],"max_hp_gain":0,"max_hp_loss":0,"event_name":"Drug Dealer","floor":25,"gold_loss":0}],"is_beta":false,"boss_relics":[{"not_picked":["conspire:RunicOctahedron","ChewingGum"],"picked":"Calling Bell"},{"not_picked":["Velvet Choker","conspire:RoyalGoblet"],"picked":"HoveringKite"}],"items_purged_floors":[0,0,0,20],"is_endless":false,"potions_floor_spawned":[8,12,14,22,28],"ascension_level":13}}