{"host":"g0wvop35l9zd7wqc","time":1608108245,"event":{"mods":["AchievementEnabler","BaseMod","Better Note","Better Third Choice","Card Forge","Colored Powertips","Halation","Hermit","Highlight Path","Infinite Spire","Minty Spire (QoL Compilation)","Permanent Neow","Quick Restart","Rare Cards Sparkle","Shop Mod","StSLib","SuperFastMode","The Bladedancer","The Cursed","The Death Knight"],"gold_per_floor":[117,39,53,71,71,104,128,140,178,252,264,295,319,345,357,470,482,512,538,568,580,611,623,647,659,671,683,695,695],"floor_reached":28,"playtime":411,"items_purged":[],"score":224,"play_id":"980e3bae-240c-45c6-ac26-afb5ae552629","local_time":"20201216194405","is_ascension_mode":false,"campfire_choices":[{"data":"Inflame","floor":8,"key":"SMITH"},{"data":"Uppercut","floor":15,"key":"SMITH"},{"floor":23,"key":"REST"},{"data":"Whirlwind","floor":25,"key":"SMITH"},{"floor":27,"key":"REST"}],"circlet_count":0,"master_deck":["Strike_R","Strike_R","Strike_R","Strike_R","Strike_R","Defend_R","Defend_R","Defend_R","Defend_R","Bash+1","Anger+1","Inflame+1","Anger+1","Pommel Strike","Uppercut","Heavy Blade","Perfected Strike+1","Anger+1","Uppercut+1","Bludgeon","Flex+1","Twin Strike","Whirlwind+1","Iron Wave","Pummel+1","Clash"],"relics":["Burning Blood","Hammer of Thor","Seething Fire","Anvil of the Gods","MawBank","Bronze Scales","Sozu","Boot"],"acts_visited":["Exordium","TheCity"],"potions_floor_usage":[6,14,16],"damage_taken":[{"damage":3,"enemies":"Small Slimes","floor":1,"turns":4},{"damage":2,"enemies":"2 Louse","floor":3,"turns":3},{"damage":1,"enemies":"Jaw Worm","floor":4,"turns":3},{"damage":21,"enemies":"Lagavulin","floor":6,"turns":4},{"damage":17,"enemies":"Lots of Slimes","floor":7,"turns":4},{"damage":6,"enemies":"Large Slime","floor":12,"turns":3},{"damage":10,"enemies":"Looter","floor":13,"turns":2},{"damage":0,"enemies":"3 Louse","floor":14,"turns":2},{"damage":26,"enemies":"The Guardian","floor":16,"turns":6},{"damage":1,"enemies":"Chosen","floor":18,"turns":3},{"damage":17,"enemies":"3 Byrds","floor":19,"turns":3},{"damage":21,"enemies":"Centurion and Healer","floor":20,"turns":4},{"damage":10,"enemies":"Cultist and Chosen","floor":22,"turns":4},{"damage":35,"enemies":"Snake Plant","floor":24,"turns":2},{"damage":27,"enemies":"Slavers","floor":28,"turns":2}],"seed_played":"-8270689560693304325","potions_obtained":[{"floor":4,"key":"Swift Potion"},{"floor":12,"key":"Block Potion"},{"floor":13,"key":"EssenceOfSteel"},{"floor":14,"key":"ElixirPotion"}],"is_trial":false,"path_per_floor":["M","$","M","M","?","E","M","R","T","?","$","M","M","M","R","B",null,"M","M","M","?","M","R","M","R","T","R","E"],"character_chosen":"IRONCLAD","items_purchased":["Inflame"],"campfire_rested":2,"item_purchase_floors":[2],"current_hp_per_floor":[80,80,80,80,80,65,54,54,54,54,54,54,50,56,56,36,80,80,69,54,54,50,74,45,45,45,69,42,42],"gold":695,"neow_bonus":"UPGRADE_CARD","is_daily":false,"chose_seed":false,"campfire_upgraded":3,"win_rate":0.0,"timestamp":1608108245,"path_taken":["M","$","M","M","?","E","M","R","T","?","$","M","M","M","R","BOSS","M","M","M","?","M","R","M","R","T","R","E"],"items_purchased_type":["Card"],"build_version":"2020-12-13","purchased_purges":0,"victory":false,"max_hp_per_floor":[80,80,80,80,80,80,80,80,80,80,80,80,80,80,80,80,80,80,80,80,80,80,80,80,80,80,80,80,80],"card_choices":[{"not_picked":["Carnage","Armaments"],"picked":"Anger","floor":1},{"not_picked":["Entrench","Heavy Blade"],"picked":"Anger","floor":3},{"not_picked":["Havoc","Body Slam"],"picked":"Pommel Strike","floor":4},{"not_picked":["Havoc","Warcry"],"picked":"Uppercut","floor":6},{"not_picked":["Body Slam","Seeing Red"],"picked":"Heavy Blade","floor":7},{"not_picked":["Reckless Charge","Power Through"],"picked":"Perfected Strike","floor":12},{"not_picked":["Disarm","Fiend Fire"],"picked":"Anger","floor":13},{"not_picked":["Metallicize","Body Slam"],"picked":"Uppercut","floor":14},{"not_picked":["Impervious","Limit Break"],"picked":"Bludgeon","floor":16},{"not_picked":["Thunderclap","Heavy Blade"],"picked":"Flex+1","floor":18},{"not_picked":["Infernal Blade+1","Warcry"],"picked":"Twin Strike","floor":19},{"not_picked":["Twin Strike+1","Shrug It Off"],"picked":"Whirlwind","floor":20},{"not_picked":["Blood for Blood","True Grit+1"],"picked":"Pummel+1","floor":22},{"not_picked":["Blood for Blood","Sentinel+1"],"picked":"Clash","floor":24}],"player_experience":78475,"relics_obtained":[{"floor":6,"key":"MawBank"},{"floor":9,"key":"Bronze Scales"},{"floor":26,"key":"Boot"}],"event_choices":[{"damage_healed":0,"gold_gain":0,"player_choice":"Leave","damage_taken":0,"max_hp_gain":0,"max_hp_loss":0,"event_name":"The Cleric","floor":5,"gold_loss":0},{"damage_healed":0,"gold_gain":62,"player_choice":"Gained Gold","damage_taken":0,"max_hp_gain":0,"max_hp_loss":0,"event_name":"Golden Wing","floor":10,"gold_loss":0},{"cards_removed":["Inflame"],"damage_healed":0,"gold_gain":0,"player_choice":"Take \u0026 Give","damage_taken":0,"max_hp_gain":0,"max_hp_loss":0,"event_name":"betterNote:BetterNote","floor":21,"gold_loss":0,"cards_obtained":["Iron Wave"]}],"is_beta":false,"boss_relics":[{"not_picked":["Black Star","Snecko Eye"],"picked":"Sozu"}],"items_purged_floors":[],"is_endless":false,"potions_floor_spawned":[4,12,13,14,19,22],"killed_by":"Slavers","ascension_level":0}}