{"host":"coame8l8goqx0svj","time":1608141765,"event":{"mods":["BaseMod","Downfall","Minty Spire (QoL Compilation)","StSLib"],"gold_per_floor":[99,112,212,137,137,52,52,84,84,113,178,194,207,226,239,337,337,337,350,350,9,9,9,36,48,73,85,116,113,125,125,144,249,249,249,268,268,295,322,336,359,372,392,317,21,21,39,53,67,67],"floor_reached":51,"playtime":3631,"items_purged":["hexamod:Strike"],"score":869,"play_id":"7ad94324-66a2-406d-a8b2-1fa148934ce6","local_time":"20201216190245","is_ascension_mode":true,"campfire_choices":[{"floor":1.0,"key":"RECALL"},{"data":"hexamod:HeatCrush","floor":4.0,"key":"SMITH"},{"data":"hexamod:SkipABeat","floor":9.0,"key":"SMITH"},{"data":"hexamod:GhostShield","floor":18.0,"key":"SMITH"},{"data":"hexamod:RadiantFlame","floor":25.0,"key":"SMITH"},{"data":"hexamod:RadiantFlame","floor":27.0,"key":"SMITH"},{"data":"Transmutation","floor":35,"key":"SMITH"},{"floor":44,"key":"REST"}],"circlet_count":0,"master_deck":["hexamod:Strike","hexamod:Defend","hexamod:Defend","hexamod:Defend+1","hexamod:Defend+1","hexamod:Sear","hexamod:Float","hexamod:HeatCrush+1","hexamod:FourthSeal","hexamod:PhantomFireball","hexamod:SkipABeat+1","hexamod:GhostShield+1","hexamod:SwordOfDarkness","hexamod:Hexaguard","hexamod:RainOfEmbers+1","hexamod:ThermalTransfer","hexamod:RadiantFlame+1","hexamod:RadiantFlame+1","hexamod:SoulSteal+1","hexamod:GhostOfSpireFuture","Transmutation+1","hexamod:HauntingEcho","hexamod:GhostShield","hexamod:TurnItUp","hexamod:HeatShield+1","hexamod:NightmareGuise+1","hexamod:EmpoweredFlame","hexamod:RadiantFlame"],"relics":["Busted Crown","downfall:HeartBlessingRed","Art of War","Matryoshka","War Paint","Centennial Puzzle","hexamod:IceCube","Mummified Hand","Pantograph","Anchor","MawBank","Omamori","SlaversCollar","Nunchaku","Dream Catcher","Guardian:PocketSentry","downfall:HeartBlessingBlue","hexamod:JarOfFuel"],"acts_visited":["Exordium","TheCity","TheBeyond"],"potions_floor_usage":[38,40],"damage_taken":[{"damage":0.0,"enemies":"Cultist","floor":2.0,"turns":3.0},{"damage":0.0,"enemies":"downfall:FleeingMerchant","floor":6.0,"turns":4.0},{"damage":15.0,"enemies":"Gremlin Nob","floor":8.0,"turns":3.0},{"damage":25.0,"enemies":"3 Sentries","floor":10.0,"turns":7.0},{"damage":13.0,"enemies":"Gremlin Nob","floor":11.0,"turns":3.0},{"damage":0.0,"enemies":"2 Louse","floor":12.0,"turns":2.0},{"damage":0.0,"enemies":"Jaw Worm","floor":13.0,"turns":2.0},{"damage":8.0,"enemies":"Blue Slaver","floor":14.0,"turns":2.0},{"damage":0.0,"enemies":"Exordium Thugs","floor":15.0,"turns":4.0},{"damage":16.0,"enemies":"downfall:Ironclad","floor":16.0,"turns":7.0},{"damage":8.0,"enemies":"3 Byrds","floor":19.0,"turns":5.0},{"damage":6.0,"enemies":"downfall:FleeingMerchant","floor":21.0,"turns":4.0},{"damage":2.0,"enemies":"Chosen","floor":26.0,"turns":3.0},{"damage":15.0,"enemies":"Snake Plant","floor":28.0,"turns":3.0},{"damage":8.0,"enemies":"downfall:FleeingMerchant","floor":29.0,"turns":4.0},{"damage":9.0,"enemies":"downfall:FleeingMerchant","floor":30.0,"turns":3.0},{"damage":1,"enemies":"Centurion and Healer","floor":32,"turns":4},{"damage":34,"enemies":"downfall:Silent","floor":33,"turns":9},{"damage":2,"enemies":"Orb Walker","floor":36,"turns":4},{"damage":68,"enemies":"Reptomancer","floor":38,"turns":6},{"damage":0,"enemies":"3 Shapes","floor":40,"turns":8},{"damage":9,"enemies":"Writhing Mass","floor":42,"turns":4},{"damage":0,"enemies":"3 Darklings","floor":43,"turns":4},{"damage":1,"enemies":"Jaw Worm Horde","floor":47,"turns":4},{"damage":18,"enemies":"Spire Growth","floor":48,"turns":3},{"damage":26,"enemies":"Writhing Mass","floor":49,"turns":5},{"damage":0,"enemies":"downfall:Watcher","floor":50,"turns":6}],"seed_played":"2918732007750810596","potions_obtained":[{"floor":2.0,"key":"Fire Potion"},{"floor":6.0,"key":"Fruit Juice"},{"floor":8.0,"key":"AttackPotion"},{"floor":10.0,"key":"hexamod:DoubleChargePotion"},{"floor":10.0,"key":"Dexterity Potion"},{"floor":11.0,"key":"BlessingOfTheForge"},{"floor":15.0,"key":"FairyPotion"},{"floor":19.0,"key":"FairyPotion"},{"floor":19.0,"key":"sneckomod:MuddlingPotion"},{"floor":21.0,"key":"hexamod:DoubleChargePotion"},{"floor":26.0,"key":"Explosive Potion"},{"floor":29.0,"key":"Slimebound:ThreeZeroPotion"},{"floor":33,"key":"FairyPotion"},{"floor":36,"key":"DistilledChaos"},{"floor":38,"key":"hexamod:DoubleChargePotion"},{"floor":40,"key":"Fruit Juice"},{"floor":42,"key":"hexamod:InfernoChargePotion"},{"floor":49,"key":"Block Potion"}],"is_trial":false,"path_per_floor":["R","M","?","R","?","$","T","E","R","E","?","M","M","M","M","B",null,"R","M","?","$","?","?","T","R","M","R","M","$","$","?","M","B",null,"R","M","?","E","T","M","T","M","M","R","$","?","M","M","M","B",null],"character_chosen":"THE_SPIRIT","items_purchased":["hexamod:SkipABeat","hexamod:RadiantFlame","Pantograph","Omamori","Transmutation","hexamod:JarOfFuel","hexamod:EmpoweredFlame"],"campfire_rested":1,"item_purchase_floors":[6,21,21,30,30,45,45],"current_hp_per_floor":[70,70,70,70,70,70,70,55,55,35,22,22,22,14,14,22,75,75,67,67,61,61,61,61,61,59,59,44,36,27,27,26,17,75,75,73,73,5,5,10,10,1,1,38,38,38,37,19,3,28],"gold":67,"neow_bonus":"BOSS_RELIC","is_daily":false,"chose_seed":false,"campfire_upgraded":6,"win_rate":0.0,"timestamp":1608141765,"path_taken":["R","M","?","R","?","?","T","E","R","E","?","M","M","M","M","BOSS","R","M","?","$","?","?","T","R","M","R","M","$","$","?","M","BOSS","R","M","?","E","?","M","T","M","M","R","$","?","M","M","M","BOSS"],"items_purchased_type":["Card","Card","Relic","Relic","Card","Relic","Card"],"build_version":"2020-12-13","purchased_purges":1,"victory":true,"max_hp_per_floor":[70,70,70,70,70,70,70,70,70,75,75,75,75,75,75,75,75,75,75,75,75,75,75,75,75,75,75,75,75,75,75,75,75,75,75,75,75,75,75,80,80,80,80,90,90,90,90,90,90,90],"card_choices":[{"not_picked":[],"picked":"hexamod:HeatCrush","floor":2.0},{"not_picked":[],"picked":"hexamod:PhantomFireball","floor":6.0},{"not_picked":["hexamod:BurningTouch"],"picked":"SKIP","floor":8.0},{"not_picked":["hexamod:BurningTouch"],"picked":"SKIP","floor":10.0},{"not_picked":[],"picked":"hexamod:GhostShield","floor":11.0},{"not_picked":["hexamod:BurningTouch"],"picked":"SKIP","floor":12.0},{"not_picked":[],"picked":"hexamod:SwordOfDarkness","floor":13.0},{"not_picked":[],"picked":"hexamod:Hexaguard","floor":14.0},{"not_picked":["hexamod:FastForward"],"picked":"SKIP","floor":15.0},{"not_picked":[],"picked":"hexamod:RainOfEmbers+1","floor":19.0},{"not_picked":[],"picked":"hexamod:ThermalTransfer","floor":21.0},{"not_picked":[],"picked":"hexamod:SoulSteal+1","floor":26.0},{"not_picked":["hexamod:GhostLash+1"],"picked":"SKIP","floor":28.0},{"not_picked":[],"picked":"hexamod:GhostOfSpireFuture","floor":29.0},{"not_picked":["hexamod:HeatMetal"],"picked":"SKIP","floor":32},{"not_picked":[],"picked":"hexamod:TurnItUp","floor":33},{"not_picked":[],"picked":"hexamod:HeatShield+1","floor":36},{"not_picked":["hexamod:CatchUp+1"],"picked":"SKIP","floor":38},{"not_picked":[],"picked":"hexamod:NightmareGuise+1","floor":40},{"not_picked":["hexamod:SpectersWail+1"],"picked":"SKIP","floor":42},{"not_picked":["hexamod:GhostOfSpirePresent"],"picked":"SKIP","floor":43},{"not_picked":[],"picked":"hexamod:RadiantFlame","floor":47},{"not_picked":["hexamod:RainOfEmbers"],"picked":"SKIP","floor":48},{"not_picked":["hexamod:GhostLash+1"],"picked":"SKIP","floor":49}],"player_experience":1639732,"relics_obtained":[{"floor":7.0,"key":"Art of War"},{"floor":8.0,"key":"Matryoshka"},{"floor":10.0,"key":"War Paint"},{"floor":11.0,"key":"Centennial Puzzle"},{"floor":24.0,"key":"Anchor"},{"floor":24.0,"key":"MawBank"},{"floor":38,"key":"Nunchaku"},{"floor":39,"key":"Dream Catcher"},{"floor":39,"key":"Guardian:PocketSentry"}],"event_choices":[{"damage_healed":0.0,"max_hp_gain":0.0,"max_hp_loss":0.0,"gold_gain":0.0,"event_name":"Addict","player_choice":"Stole Relic","floor":20.0,"gold_loss":0.0,"damage_taken":0.0,"relics_obtained":["Mummified Hand"],"cards_obtained":["Shame"]},{"damage_healed":0.0,"max_hp_gain":0.0,"max_hp_loss":0.0,"gold_gain":0.0,"event_name":"The Library","player_choice":"Read","floor":23.0,"gold_loss":0.0,"damage_taken":0.0,"cards_obtained":["hexamod:RadiantFlame"]},{"damage_healed":0,"gold_gain":0,"cards_transformed":["hexamod:Strike","hexamod:Strike"],"player_choice":"Became Test Subject","damage_taken":0,"max_hp_gain":0,"max_hp_loss":0,"event_name":"Drug Dealer","floor":31,"gold_loss":0,"cards_obtained":["hexamod:HauntingEcho","hexamod:GhostShield"]}],"is_beta":false,"boss_relics":[{"not_picked":["expansioncontent:StudyCardRelic","SacredBark"],"picked":"hexamod:IceCube"},{"not_picked":["Snecko Eye","Runic Dome"],"picked":"SlaversCollar"}],"items_purged_floors":[45],"is_endless":false,"potions_floor_spawned":[2,10,13,14,19,33,42,47,49],"ascension_level":3}}