{"host":"ryuep8ewa00k39z9","time":1608156839,"event":{"mods":["AchievementEnabler","BaseMod","Best Route Mod","Colored Map","Colored Powertips","Displayed Cursed Tome","Highlight Path","Minty Spire (QoL Compilation)","Quick Restart","SuperFastMode"],"gold_per_floor":[117,133,113,125,145,145,145,161,186,186,206,57,72,85,85,162,162,174,193,193,213,213,213,241,241,288,306,306,35,35,68,68,68,68],"floor_reached":33,"playtime":1125,"items_purged":["Pain","Writhe"],"score":541,"play_id":"42bea788-50ac-49be-8d1a-90e4834e0352","local_time":"20201216161359","is_ascension_mode":true,"campfire_choices":[{"data":"Anger","floor":6.0,"key":"SMITH"},{"data":"Searing Blow","floor":10.0,"key":"SMITH"},{"floor":15.0,"key":"REST"},{"floor":23.0,"key":"REST"},{"data":"Whirlwind","floor":25,"key":"SMITH"},{"floor":28,"key":"REST"},{"floor":30,"key":"REST"},{"floor":32,"key":"REST"}],"circlet_count":0,"master_deck":["AscendersBane","Defend_R","Defend_R","Defend_R+1","Defend_R+1","Bash","Body Slam","Anger+1","Clothesline","Searing Blow+1","Whirlwind+1","Clash","True Grit","Corruption","Flex","Sentinel","Bite","Bite","Bite","Bite","Bite","Dual Wield+1","Sentinel","Burning Pact"],"relics":["Busted Crown","WarpedTongs","Red Skull","Black Star","Tiny Chest","Pen Nib","Bottled Flame","War Paint","Juzu Bracelet","Girya","Bottled Tornado"],"acts_visited":["Exordium","TheCity"],"potions_floor_usage":[24,24,31],"damage_taken":[{"damage":8.0,"enemies":"2 Louse","floor":1.0,"turns":2.0},{"damage":6.0,"enemies":"Cultist","floor":2.0,"turns":3.0},{"damage":7.0,"enemies":"Small Slimes","floor":4.0,"turns":3.0},{"damage":7.0,"enemies":"Gremlin Gang","floor":5.0,"turns":5.0},{"damage":10.0,"enemies":"Large Slime","floor":8.0,"turns":2.0},{"damage":6.0,"enemies":"Looter","floor":11.0,"turns":2.0},{"damage":9.0,"enemies":"Blue Slaver","floor":13.0,"turns":2.0},{"damage":0.0,"enemies":"2 Fungi Beasts","floor":14.0,"turns":2.0},{"damage":25.0,"enemies":"Hexaghost","floor":16.0,"turns":8.0},{"damage":11.0,"enemies":"2 Thieves","floor":18.0,"turns":3.0},{"damage":0.0,"enemies":"Chosen","floor":19.0,"turns":3.0},{"damage":38.0,"enemies":"Centurion and Healer","floor":21.0,"turns":5.0},{"damage":16,"enemies":"Gremlin Leader","floor":24,"turns":5},{"damage":18,"enemies":"Snake Plant","floor":27,"turns":3},{"damage":20,"enemies":"Book of Stabbing","floor":31,"turns":4},{"damage":48,"enemies":"Champ","floor":33,"turns":7}],"seed_played":"-18063258343621891","potions_obtained":[{"floor":2.0,"key":"LiquidBronze"},{"floor":3.0,"key":"SpeedPotion"},{"floor":4.0,"key":"Energy Potion"},{"floor":8.0,"key":"Weak Potion"},{"floor":11.0,"key":"ElixirPotion"},{"floor":16.0,"key":"SpeedPotion"},{"floor":18.0,"key":"DistilledChaos"},{"floor":21.0,"key":"SkillPotion"},{"floor":27,"key":"Swift Potion"}],"is_trial":false,"path_per_floor":["M","M","?","M","M","R","?","M","T","R","M","$","M","M","R","B",null,"M","M","?","M","?","R","E","R","T","M","R","$","R","E","R","B"],"character_chosen":"IRONCLAD","items_purchased":["Whirlwind","Juzu Bracelet"],"campfire_rested":5,"item_purchase_floors":[12,29],"current_hp_per_floor":[60,54,54,47,40,40,40,30,30,30,24,24,15,15,37,12,59,48,48,48,10,10,25,21,21,21,7,22,22,37,26,41,23,23],"gold":68,"neow_bonus":"BOSS_RELIC","is_daily":false,"chose_seed":false,"campfire_upgraded":3,"win_rate":0.0,"timestamp":1608156839,"path_taken":["M","M","?","?","M","R","?","M","T","R","M","$","M","M","R","BOSS","M","?","?","M","?","R","E","R","T","M","R","$","R","E","R","BOSS"],"items_purchased_type":["Card","Relic"],"build_version":"2020-12-13","purchased_purges":2,"victory":false,"max_hp_per_floor":[75,75,75,75,75,75,75,75,75,75,75,75,75,75,75,75,75,75,75,75,75,52,52,52,52,52,52,52,52,52,52,52,52,52],"card_choices":[{"not_picked":[],"picked":"Body Slam","floor":1.0},{"not_picked":["Havoc"],"picked":"SKIP","floor":2.0},{"not_picked":[],"picked":"Anger","floor":4.0},{"not_picked":[],"picked":"Clothesline","floor":5.0},{"not_picked":[],"picked":"Searing Blow","floor":8.0},{"not_picked":["Havoc"],"picked":"SKIP","floor":11.0},{"not_picked":[],"picked":"Clash","floor":13.0},{"not_picked":[],"picked":"True Grit","floor":14.0},{"not_picked":[],"picked":"Corruption","floor":16.0},{"not_picked":[],"picked":"Flex","floor":18.0},{"not_picked":[],"picked":"Sentinel","floor":19.0},{"not_picked":["Perfected Strike"],"picked":"SKIP","floor":21.0},{"not_picked":[],"picked":"Dual Wield+1","floor":24},{"not_picked":[],"picked":"Sentinel","floor":27},{"not_picked":[],"picked":"Burning Pact","floor":31}],"player_experience":3249725,"relics_obtained":[{"floor":9.0,"key":"Red Skull"},{"floor":24,"key":"Pen Nib"},{"floor":24,"key":"Bottled Flame"},{"floor":26,"key":"War Paint"},{"floor":31,"key":"Girya"},{"floor":31,"key":"Bottled Tornado"}],"event_choices":[{"damage_healed":0.0,"max_hp_gain":0.0,"max_hp_loss":0.0,"gold_gain":0.0,"event_name":"The Woman in Blue","player_choice":"Bought 1 Potion","floor":3.0,"gold_loss":0.0,"damage_taken":0.0},{"damage_healed":0.0,"max_hp_gain":0.0,"max_hp_loss":0.0,"gold_gain":0.0,"event_name":"Accursed Blacksmith","player_choice":"Rummage","floor":7.0,"gold_loss":0.0,"damage_taken":0.0,"relics_obtained":["WarpedTongs"],"cards_obtained":["Pain"]},{"damage_healed":0.0,"max_hp_gain":0.0,"max_hp_loss":0.0,"gold_gain":0.0,"event_name":"The Mausoleum","player_choice":"Opened","floor":20.0,"gold_loss":0.0,"damage_taken":0.0,"relics_obtained":["Tiny Chest"],"cards_obtained":["Writhe"]},{"damage_healed":0.0,"max_hp_gain":0.0,"max_hp_loss":23.0,"gold_gain":0.0,"event_name":"Vampires","player_choice":"Became a vampire","floor":22.0,"gold_loss":0.0,"damage_taken":0.0,"cards_obtained":["Bite","Bite","Bite","Bite","Bite"]}],"is_beta":false,"boss_relics":[{"not_picked":["Ectoplasm","Fusion Hammer"],"picked":"Black Star"}],"items_purged_floors":[12,29],"is_endless":false,"potions_floor_spawned":[2,4,8,11,16,18,21,27],"killed_by":"Champ","ascension_level":17}}