{"host":"557iavmgkmyrqkcw","time":1608096544,"event":{"mods":["2.2 Compatiblity","AchievementEnabler","BaseMod","Better Note","Better Sensory Stone","Better Third Choice","Downfall","Friendly Minions","HololiveMod","Marisa????????","Minty Spire (QoL Compilation)","Replay The Spire","StSLib","The Alterego","The Fake Hero","The IronCluck","The Servant 0.9.4","Waifu the Spire"],"gold_per_floor":[99,144,69,89,89,115,161,188,197,241,350,373,39,64,103,210,237,162,211,232,50,91,91,91,129,329,254,279,210,247,284,294,414,414,414,450,287,87,116,134,181,103,103,131,156,199,96,96,127,127,127,170,25,25,25],"floor_reached":56,"playtime":5912,"items_purged":["Writhe","Clumsy"],"score":1368,"play_id":"eaa47cb2-062f-4aa2-8188-6c8c1bc584be","local_time":"20201215212904","is_ascension_mode":false,"campfire_choices":[{"floor":1.0,"key":"RECALL"},{"data":"sneckomod:DefensiveFlair","floor":3.0,"key":"SMITH"},{"data":"sneckomod:DefensiveFlair","floor":5.0,"key":"SMITH"},{"data":"Hallucinations","floor":18.0,"key":"PURGE"},{"data":"sneckomod:MorePower","floor":23.0,"key":"SMITH"},{"data":"sneckomod:WideSting","floor":27.0,"key":"SMITH"},{"data":"sneckomod:UnknownRarePower","floor":35.0,"key":"SMITH"},{"data":"Replay:SS_forest_2","floor":43.0,"key":"SMITH"},{"data":"sneckomod:CheapStock","floor":54,"key":"SMITH"}],"circlet_count":0,"master_deck":["sneckomod:Strike","sneckomod:Strike","sneckomod:Strike","sneckomod:Defend","sneckomod:Defend","sneckomod:Defend","sneckomod:TailWhip","sneckomod:SnekBite","sneckomod:Unknown","sneckomod:Unknown","sneckomod:Unknown2Cost","sneckomod:UnknownCommonSkill","sneckomod:DefensiveFlair+1","sneckomod:UnknownExhaust","sneckomod:DefensiveFlair+1","sneckomod:UnknownVulnerable","sneckomod:WideSting+1","sneckomod:Unknown1Cost","SandsOfTime","sneckomod:ImprovisedAttack","sneckomod:Unknown1Cost","sneckomod:Rotation","sneckomod:SlitherStrike","sneckomod:SnekBeam","sneckomod:SnekBeam","sneckomod:UnknownClassMARISA_DERIVATIONS","sneckomod:DiceCrush","sneckomod:MorePower+1","sneckomod:UnknownClassPURPLE+1","sneckomod:UnknownRareAttack+1","sneckomod:Nope+1","sneckomod:UnknownClassSLIMEBOUND+1","sneckomod:UnknownUncommonPower","sneckomod:UnknownUncommonPower","Deep Breath+1","sneckomod:UnknownCommonSkill+1","sneckomod:UnknownRarePower+1","sneckomod:UnknownClassLUKA_PURPLE_COLOR+1","sneckomod:UnknownCommonSkill+1","sneckomod:Unknown2Cost+1","sneckomod:UnknownClassSLIMEBOUND+1","sneckomod:Mudshield","sneckomod:UnknownStrength+1","sneckomod:SlitherStrike+1","sneckomod:UnknownX+1","sneckomod:UnknownRarePower+1","sneckomod:UnknownClassPassionlip_Purple+1","sneckomod:UnknownClassAchievements+1","Mayhem","sneckomod:UnknownClassHololive_BLUE+1","Replay:SS_forest_2+1","sneckomod:UnknownRareAttack+1","sneckomod:QuickBite","sneckomod:CheapStock+1","sneckomod:UnknownStrength+1","sneckomod:CheapStock+1","ReplayTheSpireMod:IOU","ReplayTheSpireMod:IOU","ReplayTheSpireMod:Brewmster","sneckomod:Unknown0Cost+1","sneckomod:Unknown1Cost+1","sneckomod:UnknownClassMARISA_DERIVATIONS+1","sneckomod:UnknownClassHololive_BLUE+1"],"relics":["sneckomod:SneckoSoul","CeramicFish","downfall:HeartBlessingRed","Art of War","ReplayFunnel","PreservedInsect","Toy Ornithopter","TungstenRod","Replay:Ancient Bell","Pet Ghost","Toxic Egg 2","Turnip","downfall:HeartBlessingGreen","Ginger","BargainBundle","Guardian:PocketSentry","downfall:HeartBlessingBlue","StoneCalendar","Coffee Dripper","Replay:Wax Seal","ClockworkSouvenir","Gremlin Food","Potion Belt","Du-Vu Doll","Bag of Preparation"],"acts_visited":["Exordium","TheCity","TheBeyond","TheEnding"],"potions_floor_usage":[50,52,52,52,55,55,55,55,55,55,55,55,55,55,55,55,55,55],"damage_taken":[{"damage":1.0,"enemies":"Cultist","floor":4.0,"turns":3.0},{"damage":0.0,"enemies":"2 Louse","floor":6.0,"turns":1.0},{"damage":2.0,"enemies":"Jaw Worm","floor":8.0,"turns":3.0},{"damage":9.0,"enemies":"3 Sentries","floor":10.0,"turns":6.0},{"damage":1.0,"enemies":"downfall:LadyInBlue","floor":11.0,"turns":4.0},{"damage":5.0,"enemies":"3 Louse","floor":12.0,"turns":3.0},{"damage":0.0,"enemies":"downfall:FleeingMerchant","floor":13.0,"turns":4.0},{"damage":4.0,"enemies":"Lots of Slimes","floor":14.0,"turns":4.0},{"damage":5.0,"enemies":"Large Slime","floor":15.0,"turns":4.0},{"damage":71.0,"enemies":"downfall:Silent","floor":16.0,"turns":10.0},{"damage":42.0,"enemies":"Slavers","floor":19.0,"turns":6.0},{"damage":0.0,"enemies":"3 Byrds","floor":20.0,"turns":4.0},{"damage":0.0,"enemies":"downfall:FleeingMerchant","floor":21.0,"turns":4.0},{"damage":6.0,"enemies":"Gremlin Leader","floor":22.0,"turns":3.0},{"damage":0.0,"enemies":"Chosen","floor":25.0,"turns":5.0},{"damage":5.0,"enemies":"3 Cultists","floor":28.0,"turns":3.0},{"damage":10.0,"enemies":"downfall:FleeingMerchant","floor":29.0,"turns":3.0},{"damage":20.0,"enemies":"Centurion and Healer","floor":30.0,"turns":6.0},{"damage":7.0,"enemies":"Cultist and Chosen","floor":31.0,"turns":7.0},{"damage":0.0,"enemies":"3 Cultists","floor":32.0,"turns":4.0},{"damage":25.0,"enemies":"downfall:Ironclad","floor":33.0,"turns":7.0},{"damage":14.0,"enemies":"3 Darklings","floor":36.0,"turns":3.0},{"damage":0.0,"enemies":"Orb Walker","floor":39.0,"turns":3.0},{"damage":7.0,"enemies":"4 Shapes","floor":40.0,"turns":6.0},{"damage":52.0,"enemies":"3 Darklings","floor":44.0,"turns":7.0},{"damage":28.0,"enemies":"Jaw Worm Horde","floor":45.0,"turns":2.0},{"damage":17.0,"enemies":"Spire Growth","floor":46.0,"turns":5.0},{"damage":4.0,"enemies":"Maw","floor":49.0,"turns":5.0},{"damage":8,"enemies":"downfall:Watcher","floor":50,"turns":7},{"damage":85,"enemies":"downfall:CharBossMerchant","floor":52,"turns":6},{"damage":4,"enemies":"downfall:NeowBoss","floor":55,"turns":22}],"seed_played":"4870401564412804532","potions_obtained":[{"floor":4.0,"key":"sneckomod:DiceRollPotion"},{"floor":6.0,"key":"Explosive Potion"},{"floor":11.0,"key":"Fire Potion"},{"floor":11.0,"key":"SpeedPotion"},{"floor":11.0,"key":"LifebloodPotion"},{"floor":12.0,"key":"Milkshake"},{"floor":31.0,"key":"Regen Potion"},{"floor":32.0,"key":"ColorlessPotion"},{"floor":49.0,"key":"AttackPotion"}],"is_trial":false,"path_per_floor":["R","?","R","M","R","M","T","M","?","E","?","M","$","M","M","B",null,"R","E","M","$","E","R","T","M","?","R","M","$","M","M","M","B",null,"R","M","$","$","M","M","T","$","R","M","M","M","$","?","M","B",null,"E","$","R","B",null],"character_chosen":"THE_SNECKO","items_purchased":["TungstenRod","sneckomod:SnekBeam","BargainBundle","CultistPotion","FearPotion","sneckomod:UnknownClassSLIMEBOUND+1","sneckomod:UnknownUncommonPower","Deep Breath+1","StoneCalendar","Mayhem","Replay:Wax Seal","ClockworkSouvenir","Replay:SS_forest_2","Potion Belt","ReplayTheSpireMod:Brewmster","Bag of Preparation"],"campfire_rested":0,"item_purchase_floors":[13,13,21,21,21,21,21,21,29,37,38,38,42,47,47,53],"current_hp_per_floor":[90,93,93,93,93,93,93,92,69,60,60,60,60,74,69,10,97,97,66,66,69,87,87,87,89,89,99,95,86,70,76,76,61,121,121,109,109,109,110,128,128,128,128,77,94,78,78,78,84,81,132,84,84,84,134],"gold":25,"neow_bonus":"RANDOM_COMMON_RELIC","is_daily":false,"chose_seed":false,"campfire_upgraded":7,"win_rate":0.0,"timestamp":1608096544,"path_taken":["R","?","R","M","R","M","T","M","?","E","?","M","$","?","M","BOSS","R","E","M","$","E","R","T","M","?","R","M","$","M","?","M","BOSS","R","M","$","$","M","M","T","$","R","?","M","M","?","?","M","BOSS","E","$","R","BOSS"],"items_purchased_type":["Relic","Card","Relic","Potion","Potion","Card","Card","Card","Relic","Card","Relic","Relic","Card","Relic","Card","Relic"],"build_version":"2020-12-13","purchased_purges":2,"victory":true,"max_hp_per_floor":[90,93,93,94,94,94,94,95,95,95,96,96,96,97,97,97,97,97,99,99,102,103,103,103,105,105,115,116,117,118,119,119,121,121,121,123,123,123,124,128,128,128,128,129,129,130,130,130,132,132,132,134,134,134,134],"card_choices":[{"not_picked":["sneckomod:UnknownCommonSkill","sneckomod:SoulDraw"],"picked":"sneckomod:UnknownVulnerable","floor":4.0},{"not_picked":["sneckomod:DiceCrush","sneckomod:QuickMove"],"picked":"sneckomod:WideSting","floor":6.0},{"not_picked":["sneckomod:UnknownCommonSkill","sneckomod:UnknownVulnerable"],"picked":"sneckomod:Unknown1Cost","floor":8.0},{"not_picked":["sneckomod:DiceBlock","sneckomod:SoulDraw"],"picked":"sneckomod:ImprovisedAttack","floor":10.0},{"not_picked":["sneckomod:SnekBeam","sneckomod:UnknownVulnerable"],"picked":"sneckomod:Unknown1Cost","floor":11.0},{"not_picked":["sneckomod:SoulRoll","sneckomod:RainOfDice"],"picked":"sneckomod:Rotation","floor":12.0},{"not_picked":["sneckomod:WideSting","sneckomod:UnknownClassHEXA_GHOST_PURPLE"],"picked":"sneckomod:SlitherStrike","floor":13.0},{"not_picked":["sneckomod:UnknownStrike","sneckomod:WideSting"],"picked":"sneckomod:UnknownClassMARISA_DERIVATIONS","floor":14.0},{"not_picked":["sneckomod:Restock","sneckomod:DiceBlock"],"picked":"sneckomod:DiceCrush","floor":15.0},{"not_picked":["sneckomod:SoulExchange","sneckomod:UnlimitedRolls"],"picked":"sneckomod:MorePower","floor":16.0},{"not_picked":["AbeCurse","Regret"],"picked":"Writhe","floor":17.0},{"not_picked":["Pain","ReplayTheSpireMod:Faulty Equipment"],"picked":"Clumsy","floor":17.0},{"not_picked":["Hololive_RevenueRecovery","ReplayTheSpireMod:Splinters"],"picked":"Hallucinations","floor":17.0},{"not_picked":["sneckomod:QuickBite","sneckomod:MasterEye+1"],"picked":"sneckomod:UnknownClassPURPLE+1","floor":19.0},{"not_picked":["sneckomod:UnknownCommonSkill+1","sneckomod:UnknownWeak+1"],"picked":"sneckomod:UnknownRareAttack+1","floor":19.0},{"not_picked":["sneckomod:UnknownCommonAttack","sneckomod:UnknownWeak+1"],"picked":"sneckomod:Nope+1","floor":20.0},{"not_picked":["sneckomod:DiceBlock+1","sneckomod:UnknownCommonSkill+1","sneckomod:UnknownCommonAttack+1"],"picked":"SKIP","floor":21.0},{"not_picked":["sneckomod:DiceCrush","sneckomod:DangerNoodle"],"picked":"sneckomod:UnknownCommonSkill+1","floor":22.0},{"not_picked":["sneckomod:UnknownClassGREEN+1","sneckomod:UnknownClassPURPLE+1"],"picked":"sneckomod:UnknownRarePower+1","floor":25.0},{"not_picked":["sneckomod:DefensiveFlair+1","sneckomod:UnknownUncommonPower"],"picked":"sneckomod:UnknownClassLUKA_PURPLE_COLOR+1","floor":25.0},{"not_picked":["sneckomod:DiceBlock+1","sneckomod:DiceCrush"],"picked":"sneckomod:UnknownCommonSkill+1","floor":28.0},{"not_picked":["sneckomod:QuickMove+1","sneckomod:SoulRoll+1"],"picked":"sneckomod:Unknown2Cost+1","floor":29.0},{"not_picked":["sneckomod:Unknown+1","sneckomod:UnknownStrike+1"],"picked":"sneckomod:UnknownClassSLIMEBOUND+1","floor":30.0},{"not_picked":["sneckomod:DefensiveFlair+1","sneckomod:Unknown1Cost+1"],"picked":"sneckomod:Mudshield","floor":30.0},{"not_picked":["sneckomod:UnknownClassLUKA_PURPLE_COLOR+1","sneckomod:UnknownUncommonAttack+1"],"picked":"sneckomod:UnknownStrength+1","floor":31.0},{"not_picked":["sneckomod:UnknownWeak+1","sneckomod:QuickMove+1"],"picked":"sneckomod:SlitherStrike+1","floor":31.0},{"not_picked":["sneckomod:UnknownClassTHE_CHAMP_GRAY+1","sneckomod:UnknownVulnerable+1","sneckomod:SerpentIdol+1"],"picked":"SKIP","floor":32.0},{"not_picked":["sneckomod:UnknownClassMARISA_DERIVATIONS+1","sneckomod:UnknownWeak+1"],"picked":"sneckomod:UnknownX+1","floor":33.0},{"not_picked":["sneckomod:Unknown3Cost+1","sneckomod:SerpentMind"],"picked":"sneckomod:UnknownRarePower","floor":33.0},{"not_picked":["sneckomod:UnknownEthereal+1","sneckomod:UnknownClassLUKA_PURPLE_COLOR+1"],"picked":"sneckomod:UnknownClassPassionlip_Purple+1","floor":36.0},{"not_picked":["sneckomod:RainOfDice","sneckomod:UnknownWeak+1"],"picked":"sneckomod:UnknownClassAchievements+1","floor":36.0},{"not_picked":["sneckomod:UnknownBlock+1","sneckomod:Rotation+1"],"picked":"sneckomod:UnknownClassHololive_BLUE+1","floor":39.0},{"not_picked":["sneckomod:SoulRoll+1","sneckomod:UnknownUncommonPower","sneckomod:RainOfDice"],"picked":"SKIP","floor":40.0},{"not_picked":["sneckomod:UnknownClassHololive_BLUE+1","sneckomod:UnknownWeak+1"],"picked":"sneckomod:UnknownRareAttack+1","floor":44.0},{"not_picked":["sneckomod:UnknownCommonAttack+1","sneckomod:UnknownCommonSkill+1"],"picked":"sneckomod:QuickBite","floor":44.0},{"not_picked":["sneckomod:SerpentIdol+1","sneckomod:DiceBlock+1"],"picked":"sneckomod:CheapStock+1","floor":45.0},{"not_picked":["sneckomod:UnknownRareAttack+1","sneckomod:UnknownVulnerable+1"],"picked":"sneckomod:UnknownStrength+1","floor":46.0},{"not_picked":["sneckomod:UnknownClassPURPLE+1","sneckomod:WideSting"],"picked":"sneckomod:CheapStock","floor":46.0},{"not_picked":["sneckomod:UnknownStrength+1","sneckomod:UnknownBlock+1"],"picked":"sneckomod:Unknown0Cost+1","floor":49.0},{"not_picked":["sneckomod:DiceBoulder+1","sneckomod:QuickMove+1"],"picked":"sneckomod:Unknown1Cost+1","floor":49.0},{"not_picked":["sneckomod:Unknown+1","sneckomod:UnknownVulnerable+1"],"picked":"sneckomod:UnknownClassMARISA_DERIVATIONS+1","floor":52},{"not_picked":["sneckomod:UnknownWeak+1","sneckomod:SoulCleanse+1"],"picked":"sneckomod:UnknownClassHololive_BLUE+1","floor":52}],"player_experience":553941,"relics_obtained":[{"floor":7.0,"key":"Art of War"},{"floor":10.0,"key":"PreservedInsect"},{"floor":11.0,"key":"Toy Ornithopter"},{"floor":19.0,"key":"Ginger"},{"floor":22.0,"key":"Guardian:PocketSentry"},{"floor":41.0,"key":"Gremlin Food"},{"floor":52,"key":"Du-Vu Doll"}],"event_choices":[],"is_beta":false,"boss_relics":[{"not_picked":["Calling Bell","Runic Dome"],"picked":"Replay:Ancient Bell"},{"not_picked":["Blue Doll","Lantern"],"picked":"Pet Ghost"},{"not_picked":["Letter Opener","Mercury Hourglass"],"picked":"Toxic Egg 2"},{"not_picked":["CaptainsWheel","WingedGreaves"],"picked":"Turnip"},{"not_picked":["Astrolabe","Hololive_ChaosS"],"picked":"Coffee Dripper"}],"items_purged_floors":[21,29],"is_endless":false,"potions_floor_spawned":[4,6,12,25,30,31,32,39,40,46,49],"ascension_level":0}}