{"host":"jolg1n27y0xvdyb4","time":1608088807,"event":{"mods":["2.2 Compatiblity","AchievementEnabler","Act Like it!","BaseMod","Better Altar","Better Match","Better Note","Better Sensory Stone","Better Skull","Better Third Choice","Better Vampires","Block Reminder","Colored Map","Downfall","Gremlin Mod","Hermit","Jorbs\u0027s Wanderer Trilogy","Minty Spire (QoL Compilation)","SIMod","StSLib","The Blackbeard","The Blue Laboratory","The Bug Knight","The Hierophant","The Jungle","The Necromancer","The Wild Card"],"gold_per_floor":[369,247,247,247,258,258,270,286,310,326,353,353,219,229,229,330,330,341,341,341,441,454,482,482,512,512,512,512,528,528,273,273,369,369,389,402,402,402,402,402],"floor_reached":39,"playtime":2559,"items_purged":["Strike_R","Defend_R"],"score":482,"play_id":"1ebde90a-e9f0-4469-a7be-efb6319dca2b","local_time":"20201215212007","is_ascension_mode":true,"campfire_choices":[{"data":"Armaments","floor":6,"key":"SMITH"},{"floor":12,"key":"REST"},{"data":"expansioncontent:DefensiveStance","floor":15,"key":"SMITH"},{"data":"Armaments","floor":24,"key":"SMITH"},{"floor":28,"key":"REST"},{"data":"Metallicize","floor":30,"key":"SMITH"},{"data":"Dual Wield","floor":32,"key":"SMITH"}],"circlet_count":0,"master_deck":["Strike_R","Strike_R","Strike_R","Strike_R","Defend_R","Defend_R","Defend_R","Bash","Dual Wield+1","Armaments+1","Demon Form+1","Metallicize+1","expansioncontent:DefensiveStance+1","Sword Boomerang+1","Armaments+1","Berserk","Cleave+1"],"relics":["Burning Blood","Oddly Smooth Stone","Potion Belt","Matryoshka","Sozu","Pantograph","Nunchaku","HollowMod:LifeEnderRelic","HollowMod:StagPassRelic","Boot","SlaversCollar"],"acts_visited":["Exordium","TheCity","TheBeyond"],"potions_floor_usage":[11,20,22,23,29],"damage_taken":[{"damage":3,"enemies":"2 Louse","floor":1,"turns":4},{"damage":4,"enemies":"Cultist","floor":5,"turns":4},{"damage":0,"enemies":"Jaw Worm","floor":7,"turns":5},{"damage":6,"enemies":"2 Fungi Beasts","floor":8,"turns":5},{"damage":21,"enemies":"Exordium Thugs","floor":10,"turns":7},{"damage":17,"enemies":"Lagavulin","floor":11,"turns":5},{"damage":1,"enemies":"Exordium Wildlife","floor":14,"turns":8},{"damage":37,"enemies":"Slime Boss","floor":16,"turns":11},{"damage":15,"enemies":"Chosen","floor":18,"turns":8},{"damage":0,"enemies":"2 Thieves","floor":20,"turns":1},{"damage":24,"enemies":"Shelled Parasite and Fungi","floor":22,"turns":6},{"damage":19,"enemies":"HollowMod:Nosk","floor":23,"turns":5},{"damage":49,"enemies":"Slavers","floor":25,"turns":7},{"damage":21,"enemies":"Snake Plant","floor":29,"turns":6},{"damage":59,"enemies":"Collector","floor":33,"turns":9},{"damage":34,"enemies":"Orb Walker","floor":35,"turns":6},{"damage":24,"enemies":"3 Darklings","floor":36,"turns":6},{"damage":39,"enemies":"Transient","floor":39,"turns":2}],"seed_played":"4963813069858923951","potions_obtained":[{"floor":5,"key":"DuplicationPotion"},{"floor":10,"key":"blueLaboratory:ConflagurationPotion"},{"floor":11,"key":"SmokeBomb"},{"floor":14,"key":"PowerPotion"},{"floor":16,"key":"BloodPotion"}],"is_trial":false,"path_per_floor":["M","$","?","?","M","R","M","M","T","M","E","R","$","M","R","B",null,"M","?","M","?","M","E","R","E","T","?","R","M","R","$","R","B",null,"M","M","?","?","M"],"character_chosen":"IRONCLAD","items_purchased":["Armaments","expansioncontent:DefensiveStance","BloodPotion","Boot"],"campfire_rested":2,"item_purchase_floors":[2,13,13,31],"current_hp_per_floor":[59,59,47,47,49,49,55,55,55,40,29,53,53,58,58,27,80,71,71,77,77,75,62,62,19,19,19,43,44,44,44,44,16,80,52,34,34,34,0,0],"gold":402,"neow_bonus":"TWO_FIFTY_GOLD","is_daily":false,"chose_seed":false,"campfire_upgraded":5,"win_rate":0.0,"timestamp":1608088807,"path_taken":["M","$","?","?","M","R","M","M","T","M","E","R","$","?","R","BOSS","M","?","M","?","?","E","R","E","T","?","R","M","R","?","R","BOSS","M","M","?","?","M"],"items_purchased_type":["Card","Card","Potion","Relic"],"build_version":"2020-12-13","purchased_purges":2,"victory":false,"max_hp_per_floor":[80,80,80,80,80,80,80,80,80,80,80,80,80,80,80,80,80,80,80,80,80,80,80,80,80,80,80,80,80,80,80,80,80,80,80,80,80,80,80,80],"card_choices":[{"not_picked":["Headbutt","Burning Pact"],"picked":"Dual Wield","floor":1},{"not_picked":["Headbutt","Ghostly Armor"],"picked":"Metallicize","floor":5},{"not_picked":["Dark Embrace","Anger","Headbutt"],"picked":"SKIP","floor":7},{"not_picked":["Body Slam","Second Wind","Dual Wield"],"picked":"SKIP","floor":8},{"not_picked":["Warcry","Evolve","Second Wind"],"picked":"SKIP","floor":10},{"not_picked":["True Grit","Shockwave","Demon Form"],"picked":"SKIP","floor":11},{"not_picked":["Heavy Blade","Armaments","Seeing Red"],"picked":"SKIP","floor":14},{"not_picked":["Sentinel","Iron Wave"],"picked":"Sword Boomerang+1","floor":18},{"not_picked":["Clothesline","Clash","Anger"],"picked":"SKIP","floor":22},{"not_picked":["Shockwave+1","Thunderclap"],"picked":"Armaments","floor":23},{"not_picked":["Heavy Blade","Headbutt","Reckless Charge"],"picked":"SKIP","floor":25},{"not_picked":["Warcry","Evolve+1","Wild Strike"],"picked":"SKIP","floor":29},{"not_picked":["Double Tap","Barricade"],"picked":"Berserk","floor":33},{"not_picked":["Reckless Charge","Heavy Blade"],"picked":"Cleave+1","floor":35},{"not_picked":["Clash+1","Cleave+1","Pommel Strike+1"],"picked":"SKIP","floor":36}],"player_experience":403152,"relics_obtained":[{"floor":9,"key":"Potion Belt"},{"floor":11,"key":"Matryoshka"},{"floor":23,"key":"Pantograph"},{"floor":25,"key":"Nunchaku"},{"floor":26,"key":"HollowMod:LifeEnderRelic"},{"floor":26,"key":"HollowMod:StagPassRelic"}],"event_choices":[{"damage_healed":0,"gold_gain":0,"player_choice":"Relic ","damage_taken":12,"max_hp_gain":0,"max_hp_loss":0,"event_name":"betterThird:BetterScrap","floor":3,"gold_loss":0,"cards_obtained":["Tactician"]},{"cards_removed":["Dual Wield"],"damage_healed":0,"gold_gain":0,"player_choice":"Take \u0026 Give","damage_taken":0,"max_hp_gain":0,"max_hp_loss":0,"event_name":"betterNote:BetterNote","floor":4,"gold_loss":0,"cards_obtained":["Demon Form"]},{"damage_healed":0,"gold_gain":2,"player_choice":"1","damage_taken":0,"max_hp_gain":0,"max_hp_loss":0,"event_name":"betterStone:BetterStone","floor":19,"gold_loss":0},{"damage_healed":0,"gold_gain":100,"player_choice":"Pray","damage_taken":0,"max_hp_gain":0,"max_hp_loss":0,"event_name":"Golden Shrine","floor":21,"gold_loss":0},{"damage_healed":0,"gold_gain":0,"player_choice":"Ignored","damage_taken":0,"max_hp_gain":0,"max_hp_loss":0,"event_name":"Tomb of Lord Red Mask","floor":37,"gold_loss":0}],"is_beta":false,"boss_relics":[{"not_picked":["Astrolabe","Runic Dome"],"picked":"Sozu"},{"not_picked":["Mark of Pain","Coffee Dripper"],"picked":"SlaversCollar"}],"items_purged_floors":[2,31],"is_endless":false,"potions_floor_spawned":[5,10,11,14,16,20,23,35],"killed_by":"Transient","ascension_level":3}}