{"host":"zxezw9t7myeayiva","time":1608145424,"event":{"mods":["2.2 Compatiblity","Act Like it!","BaseMod","Colored Map","Downfall","Hallownest","Hermit","Infinite Spire","Lobotomy","Marisa????????","Minty Spire (QoL Compilation)","Replay The Spire","Somnambulant","StSLib","The Animator","The Cursed","The Disciple","The Hierophant","The Jungle","The Servant 0.9.4"],"gold_per_floor":[116,130,130,130,55,55,89,89,116,116,136,136,86,105,105,200,200,215,215,229,229,93,128,128,143,143,163,163,178,178,197,197,306,306,344,379,379,477,48,48,48],"floor_reached":40,"playtime":3903,"items_purged":["Strike_P","Strike_P"],"score":579,"play_id":"45e9d487-6bdb-485c-b414-e31e969a80bc","local_time":"20201216130344","is_ascension_mode":false,"campfire_choices":[{"data":"WindmillStrike","floor":6,"key":"SMITH"},{"data":"Eruption","floor":8,"key":"SMITH"},{"data":"Vigilance","floor":10,"key":"SMITH"},{"data":"Strike_P","floor":15,"key":"PURGE"},{"data":"Devotion","floor":24,"key":"SMITH"},{"floor":32,"key":"REST"}],"circlet_count":0,"master_deck":["Defend_P","Defend_P","Eruption+1","Vigilance+1","Ragnarok+1","Consecrate+1","WindmillStrike+1","CutThroughFate","Consecrate","Prostrate","Devotion+1","CurseOfTheBell","LikeWater","Devotion","InnerPeace+1","Replay:Cycle+1","Brilliance","Replay:AtTheReady+1","Omniscience+1","FlurryOfBlows+1","Study+1","ReplayTheSpireMod:??????????????????????+1","Adaptation","Replay:LoomingThreat","FlurryOfBlows+1","Replay:Anticipation+1","ReplayTheSpireMod:Splinters","EmptyFist+1","Perseverance+1","Adaptation","Establishment","ReplayTheSpireMod:Brewmster"],"relics":["PureWater","Question Card","infinitespire:Satchel","Replay:Grab Bag","ChewingGum","Philosopher\u0027s Stone","VioletLotus","Calling Bell","Omamori","Toxic Egg 2","Ice Cream","Regal Pillow","infinitespire:Broken Mirror","infinitespire:EvilPickle","Ring of Chaos","Membership Card","Pen Nib"],"acts_visited":["Exordium","TheCity","TheBeyond"],"potions_floor_usage":[16,16,31,33,35,40,40,40],"damage_taken":[{"damage":2,"enemies":"Jaw Worm","floor":1,"turns":3},{"damage":2,"enemies":"2 Louse","floor":2,"turns":2},{"damage":1,"enemies":"Replay:BlueRogue","floor":7,"turns":3},{"damage":0,"enemies":"Cultist","floor":11,"turns":2},{"damage":0,"enemies":"Large Slime","floor":14,"turns":1},{"damage":26,"enemies":"The Guardian","floor":16,"turns":5},{"damage":18,"enemies":"Shell Parasite","floor":18,"turns":2},{"damage":0,"enemies":"Spheric Guardian","floor":20,"turns":2},{"damage":0,"enemies":"Gremlin Leader","floor":23,"turns":3},{"damage":11,"enemies":"Snecko","floor":25,"turns":4},{"damage":11,"enemies":"Sentry and Sphere","floor":27,"turns":4},{"damage":12,"enemies":"Chosen and Byrds","floor":29,"turns":4},{"damage":0,"enemies":"Centurion and Healer","floor":31,"turns":4},{"damage":16,"enemies":"Pondfish","floor":33,"turns":7},{"damage":40,"enemies":"3 Darklings","floor":35,"turns":4},{"damage":26,"enemies":"3 Shapes","floor":36,"turns":3},{"damage":46,"enemies":"Nemesis","floor":40,"turns":2}],"seed_played":"3200505454721995093","potions_obtained":[{"floor":1,"key":"Energy Potion"},{"floor":11,"key":"Fire Potion"},{"floor":14,"key":"Guardian:BlockOnCardUsePotion"},{"floor":23,"key":"Cursed Concoction"},{"floor":27,"key":"SpeedPotion"},{"floor":29,"key":"EssenceOfSteel"},{"floor":31,"key":"SpeedPotion"},{"floor":33,"key":"SkillPotion"},{"floor":35,"key":"champ:CounterPotion"}],"is_trial":false,"path_per_floor":["M","M","?","?","$","R","E","R","T","R","M","?","?","M","R_BF","B",null,"M","?","M","?","$","E","R","M","T","M","?","M","?","M","R","B",null,"M","M","AVR","?","$","E"],"character_chosen":"WATCHER","items_purchased":["Brilliance","Membership Card","Establishment","ReplayTheSpireMod:Brewmster","Pen Nib"],"campfire_rested":1,"item_purchase_floors":[22,39,39,39,39],"current_hp_per_floor":[70,68,54,54,54,54,53,53,53,53,53,53,53,53,53,27,72,54,54,54,54,54,54,54,43,43,32,32,20,20,20,56,40,72,32,6,6,6,6,0,0],"gold":48,"neow_bonus":"ONE_RANDOM_RARE_CARD","is_daily":false,"chose_seed":false,"campfire_upgraded":4,"win_rate":0.0,"timestamp":1608145424,"path_taken":["M","M","?","?","$","R","E","R","T","R","?","?","?","M","R_BF","BOSS","M","?","?","?","$","E","R","M","T","M","?","?","?","M","R","BOSS","M","M","AVR","?","$","E"],"items_purchased_type":["Card","Relic","Card","Card","Relic"],"build_version":"2020-12-13","purchased_purges":2,"victory":false,"max_hp_per_floor":[72,72,72,72,72,72,72,72,72,72,72,72,72,72,72,72,72,72,72,72,72,72,72,72,72,72,72,72,72,72,72,72,72,72,72,72,72,72,72,72,72],"card_choices":[{"not_picked":["Swivel","PathToVictory"],"picked":"Consecrate","floor":1},{"not_picked":["EmptyBody","FlyingSleeves"],"picked":"WindmillStrike","floor":2},{"not_picked":["Halt","BowlingBash","Crescendo"],"picked":"SKIP","floor":7},{"not_picked":["FollowUp","CarveReality","WheelKick"],"picked":"CutThroughFate","floor":11},{"not_picked":["EmptyBody","ThirdEye","PathToVictory"],"picked":"Prostrate","floor":14},{"not_picked":["DeusExMachina","LessonLearned","Replay:LoomingThreat"],"picked":"Devotion","floor":16},{"not_picked":["PathToVictory+1","EmptyBody+1","Replay:BluntJabs+1"],"picked":"LikeWater","floor":18},{"not_picked":["EmptyMind+1","Replay:BluntJabs","BowlingBash"],"picked":"InnerPeace+1","floor":20},{"not_picked":["Tantrum","Conclude+1","FlyingSleeves"],"picked":"Replay:AtTheReady+1","floor":23},{"not_picked":["WindmillStrike+1","BowlingBash","PathToVictory+1"],"picked":"Omniscience+1","floor":25},{"not_picked":["SashWhip+1","JustLucky","BowlingBash"],"picked":"FlurryOfBlows+1","floor":27},{"not_picked":["SashWhip","EmptyBody+1","Tantrum"],"picked":"Study+1","floor":29},{"not_picked":["infinitespire:Punishment","infinitespire:Oblivion"],"picked":"ReplayTheSpireMod:??????????????????????","floor":30},{"not_picked":["Halt+1","Replay:BluntJabs","LikeWater+1"],"picked":"Adaptation","floor":31},{"not_picked":["Ragnarok","Replay:AllIn+1","ConjureBlade+1"],"picked":"Replay:LoomingThreat","floor":33},{"not_picked":["FlyingSleeves","Crescendo+1","EmptyMind+1"],"picked":"FlurryOfBlows+1","floor":35},{"not_picked":["PathToVictory+1","WreathOfFlame+1","Consecrate"],"picked":"Replay:Anticipation+1","floor":36},{"not_picked":["BattleHymn+1","ThirdEye+1","ReachHeaven+1"],"picked":"EmptyFist+1","floor":38},{"not_picked":["SashWhip","FlyingSleeves+1","Replay:ManipulateFuture+1"],"picked":"Perseverance+1","floor":38},{"not_picked":["Replay:ManipulateFuture+1","InnerPeace+1","Halt+1"],"picked":"Adaptation","floor":38}],"player_experience":293656,"relics_obtained":[{"floor":7,"key":"Question Card"},{"floor":9,"key":"infinitespire:Satchel"},{"floor":17,"key":"Omamori"},{"floor":17,"key":"Toxic Egg 2"},{"floor":17,"key":"Ice Cream"},{"floor":23,"key":"Regal Pillow"},{"floor":26,"key":"infinitespire:Broken Mirror"}],"event_choices":[{"damage_healed":0,"gold_gain":0,"player_choice":"Entered Light","damage_taken":14,"max_hp_gain":0,"max_hp_loss":0,"event_name":"Shining Light","floor":3,"gold_loss":0,"cards_upgraded":["Ragnarok","Consecrate"]},{"damage_healed":0,"gold_gain":0,"player_choice":"Bought 0 Potions","damage_taken":0,"max_hp_gain":0,"max_hp_loss":0,"event_name":"The Woman in Blue","floor":4,"gold_loss":0},{"damage_healed":0,"gold_gain":0,"cards_transformed":["Strike_P"],"player_choice":"Change","damage_taken":0,"max_hp_gain":0,"max_hp_loss":0,"event_name":"Living Wall","floor":12,"gold_loss":0,"cards_obtained":["Consecrate"]},{"cards_removed":["Defend_P"],"damage_healed":0,"gold_gain":0,"player_choice":"Card Removal","damage_taken":0,"max_hp_gain":0,"max_hp_loss":0,"event_name":"The Cleric","floor":13,"gold_loss":50},{"damage_healed":0,"gold_gain":0,"player_choice":"Copied","damage_taken":0,"max_hp_gain":0,"max_hp_loss":0,"event_name":"Duplicator","floor":19,"gold_loss":0,"cards_obtained":["Devotion"]},{"damage_healed":0,"gold_gain":0,"player_choice":"Read","damage_taken":0,"max_hp_gain":0,"max_hp_loss":0,"event_name":"The Library","floor":21,"gold_loss":0,"cards_obtained":["Replay:Cycle"]},{"cards_removed":["Defend_P"],"damage_healed":0,"gold_gain":0,"player_choice":"Card Removal","damage_taken":0,"max_hp_gain":0,"max_hp_loss":0,"event_name":"Wheel of Change","floor":28,"gold_loss":0}],"is_beta":false,"boss_relics":[{"not_picked":["Replay:Wanted Poster","SacredBark"],"picked":"Replay:Grab Bag"},{"not_picked":["ReplayTheSpireMod:DimensionalGlitch","ReplayTheSpireMod:Onyx Gauntlets"],"picked":"ChewingGum"},{"not_picked":["Runic Dome","Sozu"],"picked":"Philosopher\u0027s Stone"},{"not_picked":["Pandora\u0027s Box","Replay:Drink Me"],"picked":"VioletLotus"},{"not_picked":["Snecko Eye","Kintsugi"],"picked":"Calling Bell"},{"not_picked":["Replay:Ancient Bell","Replay:Fungal Core"],"picked":"Ring of Chaos"}],"items_purged_floors":[5,39],"is_endless":false,"potions_floor_spawned":[1,11,14,23,27,29,31,33,35],"killed_by":"Nemesis","ascension_level":0}}