{"host":"25hwxgnshg5vqzox","time":1608142628,"event":{"mods":["BaseMod","Colored Map","Googly Eyes","Highlight Path","Minty Spire (QoL Compilation)","Replay The Spire","StSLib"],"gold_per_floor":[109,109,127,140,140,140,155,187,187,202,202,213,213,230,230,331,331,342,107,107,107,117,117,117,135,162,173,102,119,139,153,153,153,153],"floor_reached":33,"playtime":2024,"items_purged":[],"score":253,"play_id":"a49fef37-18e8-45cf-bb0b-5a5ce5bdf4c7","local_time":"20201216181708","is_ascension_mode":false,"campfire_choices":[{"data":"Perfected Strike","floor":6,"key":"SMITH"},{"data":"Replay:Undeath\u0027s Touch","floor":11,"key":"SMITH"},{"data":"ReplayReversal","floor":13,"key":"SMITH"},{"data":"Bludgeon","floor":15,"key":"SMITH"},{"floor":23,"key":"REST"},{"floor":32,"key":"REST"}],"circlet_count":0,"master_deck":["Strike_R","Strike_R","Strike_R","Strike_R","Strike_R","Defend_R","Defend_R","Defend_R","Defend_R","Bash","Whirlwind+1","Perfected Strike+1","Ghostly Armor","Pommel Strike","Bludgeon+1","Replay:Undeath\u0027s Touch+1","ReplayReversal+1","Iron Wave","Feed","Inflame","The Bomb","Run Through","Flex","Rage+1","Rampage+1","Metallicize","Shrug It Off","Cleave","Whirlwind"],"relics":["Burning Blood","NeowsBlessing","Sundial","Snack Pack","SlaversCollar","Ring of Searing","Red Skull"],"acts_visited":["Exordium","TheCity"],"potions_floor_usage":[16,22,27,27,30,33],"damage_taken":[{"damage":0,"enemies":"Jaw Worm","floor":1,"turns":1},{"damage":0,"enemies":"Cultist","floor":3,"turns":1},{"damage":0,"enemies":"2 Louse","floor":4,"turns":1},{"damage":1,"enemies":"Lots of Slimes","floor":7,"turns":2},{"damage":20,"enemies":"Gremlin Nob","floor":8,"turns":4},{"damage":2,"enemies":"2 Fungi Beasts","floor":10,"turns":3},{"damage":0,"enemies":"3 Louse","floor":12,"turns":1},{"damage":0,"enemies":"Lots of Slimes","floor":14,"turns":1},{"damage":42,"enemies":"Fading Forest","floor":16,"turns":11},{"damage":31,"enemies":"2 Thieves","floor":18,"turns":5},{"damage":33,"enemies":"3 Byrds","floor":22,"turns":6},{"damage":11,"enemies":"Snake Plant","floor":25,"turns":3},{"damage":18,"enemies":"Shelled Parasite and Fungi","floor":27,"turns":3},{"damage":4,"enemies":"3 Cultists","floor":29,"turns":4},{"damage":16,"enemies":"Snake Plant","floor":30,"turns":3},{"damage":18,"enemies":"Chosen and Byrds","floor":31,"turns":5},{"damage":46,"enemies":"Champ","floor":33,"turns":6}],"seed_played":"-8840761402714658957","potions_obtained":[{"floor":1,"key":"AttackPotion"},{"floor":7,"key":"HeartOfIron"},{"floor":8,"key":"SneckoOil"},{"floor":10,"key":"Flashbang"},{"floor":16,"key":"Elixir"},{"floor":18,"key":"Flashbang"},{"floor":27,"key":"Fire Potion"},{"floor":31,"key":"PowerPotion"}],"is_trial":false,"path_per_floor":["M","?","M","M","?","R","M","E","T","M","R","M","R","M","R","B",null,"M","$","?","?","M","R","?","M","T","M","$","M","M","M","R","B"],"character_chosen":"IRONCLAD","items_purchased":["The Bomb","Run Through","Flex","Metallicize"],"campfire_rested":2,"item_purchase_floors":[19,19,19,28],"current_hp_per_floor":[80,80,80,80,80,80,80,66,66,72,72,78,78,80,80,46,80,58,58,58,42,17,43,43,38,38,28,28,32,22,10,36,0,0],"gold":153,"neow_bonus":"THREE_ENEMY_KILL","is_daily":false,"chose_seed":false,"campfire_upgraded":4,"win_rate":0.0,"timestamp":1608142628,"path_taken":["M","?","?","M","?","R","M","E","T","M","R","M","R","M","R","BOSS","M","$","?","?","M","R","?","M","T","?","$","M","M","M","R","BOSS"],"items_purchased_type":["Card","Card","Card","Card"],"build_version":"2020-12-13","purchased_purges":0,"victory":false,"max_hp_per_floor":[80,80,80,80,80,80,80,80,80,80,80,80,80,80,80,80,80,83,83,83,88,88,88,88,88,88,88,88,88,88,88,88,88,88],"card_choices":[{"not_picked":["Battle Trance","True Grit"],"picked":"Whirlwind","floor":1},{"not_picked":["Armaments","Reckless Charge"],"picked":"Perfected Strike","floor":3},{"not_picked":["Reckless Charge","Fire Breathing"],"picked":"Ghostly Armor","floor":4},{"not_picked":["Armaments","Clash"],"picked":"Pommel Strike","floor":7},{"not_picked":["Abandon","Body Slam"],"picked":"Bludgeon","floor":8},{"not_picked":["ReplayTheSpireMod:Muscle Training","Reckless Charge"],"picked":"Replay:Undeath\u0027s Touch","floor":10},{"not_picked":["Shrug It Off","Entrench"],"picked":"ReplayReversal","floor":12},{"not_picked":["Flex","Bloodletting"],"picked":"Iron Wave","floor":14},{"not_picked":["Berserk","Brutality"],"picked":"Feed","floor":16},{"not_picked":["Clothesline","Shockwave"],"picked":"Inflame","floor":18},{"not_picked":["Clash","Flex"],"picked":"Rage+1","floor":22},{"not_picked":["Feel No Pain+1","Twin Strike"],"picked":"Rampage+1","floor":25},{"not_picked":["Second Wind+1","Pommel Strike","Headbutt"],"picked":"SKIP","floor":27},{"not_picked":["ReplayTheSpireMod:LeadingStrike","Reckless Charge+1"],"picked":"Shrug It Off","floor":29},{"not_picked":["Flex","Bloodletting"],"picked":"Cleave","floor":30},{"not_picked":["Burning Pact","Defy Death"],"picked":"Whirlwind","floor":31}],"player_experience":0,"relics_obtained":[{"floor":8,"key":"Sundial"},{"floor":9,"key":"Snack Pack"},{"floor":20,"key":"Ring of Searing"},{"floor":26,"key":"Red Skull"}],"event_choices":[{"damage_healed":0,"gold_gain":0,"player_choice":"Leave","damage_taken":0,"max_hp_gain":0,"max_hp_loss":0,"event_name":"FaceTrader","floor":2,"gold_loss":0},{"damage_healed":0,"gold_gain":0,"player_choice":"Forge","damage_taken":0,"max_hp_gain":0,"max_hp_loss":0,"event_name":"Accursed Blacksmith","floor":5,"gold_loss":0,"cards_upgraded":["Whirlwind"]},{"damage_healed":0,"gold_gain":0,"player_choice":"Shed Blood","damage_taken":21,"max_hp_gain":5,"max_hp_loss":0,"event_name":"Forgotten Altar","floor":21,"gold_loss":0},{"damage_healed":0,"gold_gain":0,"player_choice":"Ignored","damage_taken":0,"max_hp_gain":0,"max_hp_loss":0,"event_name":"Transmorgrifier","floor":24,"gold_loss":0}],"is_beta":false,"boss_relics":[{"not_picked":["Empty Cage","ChewingGum"],"picked":"SlaversCollar"}],"items_purged_floors":[],"is_endless":false,"potions_floor_spawned":[1,7,8,10,14,16,18,27,31],"killed_by":"Champ","ascension_level":0}}