{"host":"90zmhqhem9nbzoc6","time":1608094352,"event":{"mods":["AchievementEnabler","BaseMod","Better Note","Better Third Choice","BetterRewards","Colored Map","Colored Powertips","Conspire","Downfall","Energized Spire","Friendly Minions","GifTheSpireLib","Hermit","Hubris","Infinite Spire","Minty Spire (QoL Compilation)","Quick Restart","Replay The Spire","StSLib","Stuff the Spire","The Blue Laboratory","The Jungle"],"gold_per_floor":[109,109,124,45,45,45,70,70,94,94,125,125,125,147,147,263,263,280,280,280,379,408,408,408,437,462,462,511,531,531,531,531,633,633,656,656,656,656,681,693,693],"floor_reached":40,"playtime":1895,"items_purged":[],"score":407,"play_id":"a4e726ed-138c-485f-944c-6f231fbd6e56","local_time":"20201215205232","is_ascension_mode":false,"campfire_choices":[{"data":"infinitespire:Collect","floor":6.0,"key":"SMITH"},{"data":"hermit:Covet","floor":8.0,"key":"SMITH"},{"floor":10.0,"key":"RECALL"},{"data":"hermit:Determination","floor":13.0,"key":"SMITH"},{"floor":15,"key":"REST"},{"floor":23,"key":"REST"},{"floor":30,"key":"REST"},{"data":"hermit:BlackWind","floor":32,"key":"SMITH"}],"circlet_count":0,"master_deck":["hermit:Strike_Hermit","hermit:Strike_Hermit","hermit:Strike_Hermit","hermit:Strike_Hermit","hermit:Defend_Hermit","hermit:Defend_Hermit","hermit:Defend_Hermit","hermit:Defend_Hermit","hermit:Snapshot","hermit:Covet+1","hermit:Determination+1","hermit:Scavenge+1","Pain","infinitespire:Collect+1","hermit:Dive","hermit:Scavenge","hermit:Vantage","Regret","hermit:Gestalt","hermit:BlackWind+1","hermit:Quickdraw","hermit:Malice+1","hermit:ShadowCloak","hermit:Enervate","hermit:Gestalt","hermit:Dive+1","hermit:Maintenance"],"relics":["hermit:Momento","Pantograph","StuffTheSpire:Rhapsscallions","Simple Rune","energizedSpire:NeverEndingSparkler","Sundial","Whetstone","Gambling Chip","StuffTheSpire:Nightcore","Cursed Key","Replay:Mystery Machine","hubris:Towel"],"acts_visited":["Exordium","TheCity","TheBeyond"],"potions_floor_usage":[20,25,29,29],"damage_taken":[{"damage":9.0,"enemies":"Jaw Worm","floor":1.0,"turns":4.0},{"damage":0.0,"enemies":"Cultist","floor":3.0,"turns":4.0},{"damage":3.0,"enemies":"Small Slimes","floor":7.0,"turns":5.0},{"damage":0.0,"enemies":"Lagavulin","floor":11.0,"turns":10.0},{"damage":8.0,"enemies":"Blue Slaver","floor":14.0,"turns":4.0},{"damage":25,"enemies":"Fading Forest","floor":16,"turns":11},{"damage":37,"enemies":"conspire:FuzzyDice","floor":18,"turns":9},{"damage":0,"enemies":"Shell Parasite","floor":20,"turns":1},{"damage":12,"enemies":"Snake Plant","floor":22,"turns":4},{"damage":1,"enemies":"conspire:HollyBat","floor":25,"turns":8},{"damage":3,"enemies":"conspire:MimicChest","floor":28,"turns":10},{"damage":2,"enemies":"3 Cultists","floor":29,"turns":4},{"damage":53,"enemies":"hubris:MusketHawk","floor":33,"turns":11},{"damage":2,"enemies":"Orb Walker","floor":35,"turns":5},{"damage":23,"enemies":"3 Darklings","floor":39,"turns":7},{"damage":60,"enemies":"Nightmare","floor":40,"turns":6}],"seed_played":"8033009197274288152","potions_obtained":[{"floor":3.0,"key":"SmokeBomb"},{"floor":7.0,"key":"champ:CounterPotion"},{"floor":14.0,"key":"SpeedPotion"},{"floor":22,"key":"Toxic Potion"},{"floor":25,"key":"Elixir"},{"floor":29,"key":"sneckomod:MuddlingPotion"},{"floor":39,"key":"Energy Potion"}],"is_trial":false,"path_per_floor":["M","?","M","$","?","R","M","R","T","R","E","?","R","M","R","B",null,"M","?","M","?","M","R","T","M","T","AVR","?","M","R","?","R","B",null,"M","AVR","?","?","M","NM"],"character_chosen":"HERMIT","items_purchased":["Pantograph","hermit:Determination","hermit:Scavenge"],"campfire_rested":3,"item_purchase_floors":[0,0,4],"current_hp_per_floor":[66,66,66,66,66,66,63,63,63,63,66,66,66,58,78,53,78,41,41,41,41,29,52,52,51,51,51,48,46,69,69,69,25,78,76,76,76,74,51,0,0],"gold":693,"neow_bonus":"","is_daily":false,"chose_seed":false,"campfire_upgraded":4,"win_rate":0.0,"timestamp":1608094352,"path_taken":["M","?","M","$","?","R","?","R","T","R","E","?","R","M","R","BOSS","M","?","M","?","M","R","?","M","T","AVR","?","?","R","?","R","BOSS","M","AVR","?","?","M","NM"],"items_purchased_type":["Relic","Card","Card"],"build_version":"2020-12-13","purchased_purges":0,"victory":false,"max_hp_per_floor":[75,75,75,75,75,75,75,75,75,75,78,78,78,78,78,78,78,78,78,78,78,78,78,78,78,78,78,78,78,78,78,78,78,78,78,78,78,74,74,74,74],"card_choices":[{"not_picked":["hermit:Ricochet","hermit:Showdown"],"picked":"hermit:Scavenge","floor":1.0},{"not_picked":["infinitespire:Fortify","infinitespire:FinalStrike"],"picked":"infinitespire:Collect","floor":2.0},{"not_picked":["hermit:WideOpen","hermit:LoneWolf"],"picked":"hermit:Dive","floor":3.0},{"not_picked":["hermit:LowProfile","hermit:Roulette","hermit:FullyLoaded"],"picked":"SKIP","floor":7.0},{"not_picked":["hermit:Feint","hermit:WideOpen"],"picked":"hermit:Vantage","floor":11.0},{"not_picked":["hermit:BlackWind","hermit:CalledShot"],"picked":"hermit:Gestalt","floor":14.0},{"not_picked":["hermit:OverwhelmingPower","hermit:EternalForm"],"picked":"hermit:BlackWind","floor":16},{"not_picked":["hermit:HighCaliber","hermit:ItchyTrigger"],"picked":"hermit:Quickdraw","floor":18},{"not_picked":["hermit:Feint+1","hermit:Grudge"],"picked":"hermit:Malice+1","floor":22},{"not_picked":["hermit:WideOpen","hermit:Horror+1"],"picked":"hermit:ShadowCloak","floor":25},{"not_picked":["hermit:Feint","hermit:Misfire"],"picked":"hermit:Enervate","floor":28},{"not_picked":["hermit:WideOpen","hermit:Roulette+1"],"picked":"hermit:Gestalt","floor":29},{"not_picked":["hermit:Malice","hermit:Feint"],"picked":"hermit:Dive+1","floor":35},{"not_picked":["hermit:EternalForm","hermit:Coalescence"],"picked":"hermit:Maintenance","floor":39}],"player_experience":200796,"relics_obtained":[{"floor":11.0,"key":"StuffTheSpire:Rhapsscallions"},{"floor":24,"key":"Sundial"},{"floor":26,"key":"Whetstone"},{"floor":28,"key":"StuffTheSpire:Nightcore"}],"event_choices":[{"damage_healed":0.0,"max_hp_gain":0.0,"max_hp_loss":0.0,"gold_gain":0.0,"event_name":"Purifier","player_choice":"Ignored","floor":5.0,"gold_loss":0.0,"damage_taken":0.0},{"damage_healed":0.0,"max_hp_gain":0.0,"max_hp_loss":0.0,"gold_gain":0.0,"event_name":"Big Fish","player_choice":"Box","floor":12.0,"gold_loss":0.0,"damage_taken":0.0,"relics_obtained":["Simple Rune"],"cards_obtained":["Regret"]},{"damage_healed":0,"gold_gain":0,"player_choice":"Ignored","damage_taken":0,"max_hp_gain":0,"max_hp_loss":0,"event_name":"betterNote:BetterNote","floor":19,"gold_loss":0,"cards_obtained":["Dualcast"]},{"damage_healed":0,"gold_gain":99,"player_choice":"Steal","damage_taken":0,"max_hp_gain":0,"max_hp_loss":0,"event_name":"betterThird:BetterNest","floor":21,"gold_loss":0},{"damage_healed":0,"gold_gain":0,"player_choice":"Forge","damage_taken":0,"max_hp_gain":0,"max_hp_loss":0,"event_name":"Accursed Blacksmith","floor":31,"gold_loss":0,"cards_upgraded":["hermit:Scavenge"]},{"damage_healed":0,"gold_gain":0,"player_choice":"Max HP","damage_taken":0,"max_hp_gain":0,"max_hp_loss":4,"event_name":"Winding Halls","floor":38,"gold_loss":0}],"is_beta":false,"boss_relics":[{"not_picked":["hubris:CrackedHourglass","hubris:RunicObelisk"],"picked":"energizedSpire:NeverEndingSparkler"},{"not_picked":["energizedSpire:OgreHead","energizedSpire:EnergizedDie"],"picked":"Cursed Key"}],"items_purged_floors":[],"is_endless":false,"potions_floor_spawned":[3,7,14,16,22,25,29,39],"killed_by":"Nightmare","ascension_level":0}}