{"host":"5fpb1gzflhq9886n","time":1608094438,"event":{"mods":["AchievementEnabler","BaseMod","Colored Map","Colored Powertips","Minty Spire (QoL Compilation)","Permanent Neow"],"gold_per_floor":[109,124,124,124,137,137,155,180,180,194,194,209,243,253,253,348,348,362,397,412,412,425,425,438,468,495,507,523,523,211,244,244,244,244],"floor_reached":33,"playtime":2597,"items_purged":["Vault"],"score":371,"play_id":"5c796d4d-9207-43a1-bdc4-22419d1f6cc6","local_time":"20201215235358","is_ascension_mode":true,"campfire_choices":[{"data":"BowlingBash","floor":6,"key":"SMITH"},{"floor":11,"key":"REST"},{"floor":15,"key":"REST"},{"floor":23,"key":"REST"},{"floor":32,"key":"REST"}],"circlet_count":0,"master_deck":["Strike_P","Strike_P","Strike_P","Strike_P","Defend_P","Defend_P","Defend_P","Defend_P","Eruption+1","Vigilance","FollowUp","BowlingBash+1","TalkToTheHand","Consecrate","ThirdEye","Evaluate","SignatureMove","EmptyFist+1","SashWhip+1","Omniscience","InnerPeace+1","Prostrate+1","Weave+1","Ghostly","Ghostly","Ghostly","Ghostly","Ghostly","TalkToTheHand+1","FollowUp+1","Crescendo","CutThroughFate+1","Consecrate+1","Adaptation"],"relics":["PureWater","Anchor","Molten Egg 2","Black Star","Red Mask","White Beast Statue","Bottled Lightning","MealTicket","MutagenicStrength","Sling","Potion Belt","Oddly Smooth Stone"],"acts_visited":["Exordium","TheCity"],"potions_floor_usage":[8,13,25,27,33],"damage_taken":[{"damage":0,"enemies":"Small Slimes","floor":1,"turns":3},{"damage":0,"enemies":"2 Louse","floor":2,"turns":2},{"damage":4,"enemies":"Jaw Worm","floor":5,"turns":3},{"damage":5,"enemies":"Red Slaver","floor":7,"turns":3},{"damage":17,"enemies":"3 Sentries","floor":8,"turns":3},{"damage":0,"enemies":"2 Fungi Beasts","floor":10,"turns":1},{"damage":9,"enemies":"Exordium Thugs","floor":12,"turns":7},{"damage":26,"enemies":"Gremlin Nob","floor":13,"turns":4},{"damage":0,"enemies":"Blue Slaver","floor":14,"turns":1},{"damage":30,"enemies":"The Guardian","floor":16,"turns":14},{"damage":22,"enemies":"2 Thieves","floor":18,"turns":4},{"damage":39,"enemies":"Masked Bandits","floor":19,"turns":5},{"damage":0,"enemies":"Chosen","floor":20,"turns":3},{"damage":2,"enemies":"Shelled Parasite and Fungi","floor":22,"turns":6},{"damage":0,"enemies":"Centurion and Healer","floor":24,"turns":6},{"damage":16,"enemies":"Slavers","floor":25,"turns":7},{"damage":0,"enemies":"Snake Plant","floor":27,"turns":3},{"damage":9,"enemies":"Shelled Parasite and Fungi","floor":28,"turns":7},{"damage":9,"enemies":"Book of Stabbing","floor":31,"turns":5},{"damage":21,"enemies":"Automaton","floor":33,"turns":4}],"seed_played":"-8048275756986662048","potions_obtained":[{"floor":2,"key":"Strength Potion"},{"floor":7,"key":"Ancient Potion"},{"floor":8,"key":"Energy Potion"},{"floor":10,"key":"EssenceOfSteel"},{"floor":12,"key":"Regen Potion"},{"floor":16,"key":"Regen Potion"},{"floor":18,"key":"BlessingOfTheForge"},{"floor":27,"key":"StancePotion"},{"floor":28,"key":"StancePotion"},{"floor":31,"key":"Dexterity Potion"}],"is_trial":false,"path_per_floor":["M","M","?","?","M","R","M","E","T","M","R","M","E","M","R","B",null,"M","?","M","?","M","R","M","E","T","M","M","?","$","E","R","B"],"character_chosen":"WATCHER","items_purchased":["Adaptation","Sling"],"campfire_rested":4,"item_purchase_floors":[30,30],"current_hp_per_floor":[72,72,72,72,68,68,63,46,46,46,67,58,44,44,65,35,72,50,11,11,11,9,19,19,3,3,12,3,3,18,9,19,0,0],"gold":244,"neow_bonus":"ONE_RANDOM_RARE_CARD","is_daily":false,"chose_seed":false,"campfire_upgraded":1,"win_rate":0.0,"timestamp":1608094438,"path_taken":["M","M","?","?","M","R","M","E","T","?","R","M","E","M","R","BOSS","M","?","M","?","?","R","M","E","T","M","M","?","$","E","R","BOSS"],"items_purchased_type":["Card","Relic"],"build_version":"2020-12-13","purchased_purges":1,"victory":false,"max_hp_per_floor":[72,72,72,72,72,72,72,72,72,72,72,72,72,72,72,72,72,72,72,72,36,36,36,36,36,36,36,36,36,36,36,36,36,36],"card_choices":[{"not_picked":["Evaluate","Halt"],"picked":"FollowUp","floor":1},{"not_picked":["Tantrum","CrushJoints"],"picked":"BowlingBash","floor":2},{"not_picked":["Tantrum","DeusExMachina"],"picked":"TalkToTheHand","floor":5},{"not_picked":["Indignation","BowlingBash"],"picked":"Consecrate","floor":7},{"not_picked":["CrushJoints","SashWhip"],"picked":"ThirdEye","floor":8},{"not_picked":["TalkToTheHand","BowlingBash"],"picked":"Evaluate","floor":10},{"not_picked":["Swivel","WindmillStrike"],"picked":"SignatureMove","floor":12},{"not_picked":["Prostrate","Brilliance+1"],"picked":"EmptyFist+1","floor":13},{"not_picked":["JustLucky+1","WaveOfTheHand"],"picked":"SashWhip+1","floor":14},{"not_picked":["ConjureBlade","SpiritShield"],"picked":"Omniscience","floor":16},{"not_picked":["TalkToTheHand+1","SashWhip+1"],"picked":"InnerPeace+1","floor":18},{"not_picked":["Protect","FlyingSleeves+1"],"picked":"Prostrate+1","floor":19},{"not_picked":["SignatureMove+1","PathToVictory"],"picked":"Weave+1","floor":20},{"not_picked":["EmptyFist+1","Protect"],"picked":"TalkToTheHand+1","floor":22},{"not_picked":["Worship","ThirdEye"],"picked":"FollowUp+1","floor":24},{"not_picked":["SandsOfTime+1","Wish"],"picked":"Crescendo","floor":25},{"not_picked":["FlurryOfBlows+1","PathToVictory+1"],"picked":"CutThroughFate+1","floor":27},{"not_picked":["Weave+1","DeceiveReality"],"picked":"Consecrate+1","floor":28},{"not_picked":["Consecrate+1","Prostrate","EmptyFist+1"],"picked":"SKIP","floor":31}],"player_experience":617250,"relics_obtained":[{"floor":8,"key":"Anchor"},{"floor":13,"key":"Molten Egg 2"},{"floor":19,"key":"Red Mask"},{"floor":25,"key":"White Beast Statue"},{"floor":25,"key":"Bottled Lightning"},{"floor":26,"key":"MealTicket"},{"floor":31,"key":"Potion Belt"},{"floor":31,"key":"Oddly Smooth Stone"}],"event_choices":[{"damage_healed":0,"gold_gain":0,"player_choice":"Grow","damage_taken":0,"max_hp_gain":0,"max_hp_loss":0,"event_name":"Living Wall","floor":3,"gold_loss":0,"cards_upgraded":["Eruption"]},{"damage_healed":0,"gold_gain":0,"player_choice":"Ignored","damage_taken":0,"max_hp_gain":0,"max_hp_loss":0,"event_name":"Golden Wing","floor":4,"gold_loss":0},{"damage_healed":0,"gold_gain":0,"player_choice":"Fought Bandits","damage_taken":0,"max_hp_gain":0,"max_hp_loss":0,"event_name":"Masked Bandits","floor":19,"gold_loss":0},{"damage_healed":0,"gold_gain":0,"player_choice":"Became a Ghost","damage_taken":0,"max_hp_gain":0,"max_hp_loss":36,"event_name":"Ghosts","floor":21,"gold_loss":0,"cards_obtained":["Ghostly","Ghostly","Ghostly","Ghostly","Ghostly"]},{"damage_healed":0,"gold_gain":0,"player_choice":"Inject Mutagens","damage_taken":0,"relics_obtained":["MutagenicStrength"],"max_hp_gain":0,"max_hp_loss":0,"event_name":"Drug Dealer","floor":29,"gold_loss":0}],"is_beta":false,"boss_relics":[{"not_picked":["Astrolabe","Busted Crown"],"picked":"Black Star"}],"items_purged_floors":[30],"is_endless":false,"potions_floor_spawned":[2,7,8,10,12,16,18,22,24,27,28,31],"killed_by":"Automaton","ascension_level":3}}