{"host":"cf32014d19ld5mat","time":1608125622,"event":{"mods":["AchievementEnabler","BaseMod","Block Reminder","Minty Spire (QoL Compilation)","Random Character Button","Relic Stats","StSLib"],"gold_per_floor":[113,113,127,148,148,148,148],"floor_reached":6,"playtime":112,"items_purged":[],"score":72,"play_id":"bd290b1d-848f-43aa-9c24-bfe31685d12b","local_time":"20201216133342","is_ascension_mode":true,"campfire_choices":[],"circlet_count":0,"master_deck":["AscendersBane","Strike_G","Strike_G","Strike_G","Strike_G","Strike_G","Defend_G","Defend_G","Defend_G","Defend_G","Survivor","Neutralize","Leg Sweep","PiercingWail","Sucker Punch"],"relics":["Ring of the Snake","NeowsBlessing","Golden Idol"],"acts_visited":["Exordium"],"potions_floor_usage":[6],"damage_taken":[{"damage":0.0,"enemies":"2 Louse","floor":1.0,"turns":1.0},{"damage":0.0,"enemies":"Jaw Worm","floor":3.0,"turns":1.0},{"damage":0.0,"enemies":"Cultist","floor":4.0,"turns":1.0},{"damage":58,"enemies":"Lagavulin","floor":6,"turns":8}],"seed_played":"-8472815647563092331","potions_obtained":[{"floor":1.0,"key":"AttackPotion"},{"floor":4.0,"key":"Weak Potion"}],"is_trial":false,"path_per_floor":["M","?","M","M","?","E"],"character_chosen":"THE_SILENT","items_purchased":[],"campfire_rested":0,"item_purchase_floors":[],"current_hp_per_floor":[59,59,59,59,52,0,0],"gold":148,"neow_bonus":"THREE_ENEMY_KILL","is_daily":false,"chose_seed":false,"campfire_upgraded":0,"win_rate":0.0,"timestamp":1608125622,"path_taken":["M","?","M","M","?","E"],"items_purchased_type":[],"build_version":"2020-12-13","purchased_purges":0,"victory":false,"max_hp_per_floor":[66,60,60,60,60,60,60],"relic_stats":{"counters":[4,11],"Golden Idol":7,"obtain_stats":[{"NeowsBlessing":0,"Golden Idol":2,"Ring of the Snake":0},{"NeowsBlessing":0,"Golden Idol":1,"Ring of the Snake":0},{"NeowsBlessing":0,"Golden Idol":1,"Ring of the Snake":0}],"Ring of the Snake":[8]},"card_choices":[{"not_picked":["Acrobatics","Setup"],"picked":"Leg Sweep","floor":1.0},{"not_picked":["Deflect","Reflex"],"picked":"PiercingWail","floor":3.0},{"not_picked":["Underhanded Strike","Dagger Throw"],"picked":"Sucker Punch","floor":4.0}],"player_experience":949260,"relics_obtained":[],"event_choices":[{"damage_healed":0.0,"max_hp_gain":0.0,"max_hp_loss":6.0,"gold_gain":0.0,"event_name":"Golden Idol","player_choice":"Lose Max HP","floor":2.0,"gold_loss":0.0,"damage_taken":0.0,"relics_obtained":["Golden Idol"]},{"cards_removed":["Defend_G"],"damage_healed":0.0,"max_hp_gain":0.0,"max_hp_loss":0.0,"gold_gain":0.0,"event_name":"Golden Wing","player_choice":"Card Removal","floor":5.0,"gold_loss":0.0,"damage_taken":7.0}],"is_beta":false,"boss_relics":[],"items_purged_floors":[],"is_endless":false,"potions_floor_spawned":[1,4],"killed_by":"Lagavulin","ascension_level":20}}