{"host":"7y3xcojbvgknqiob","time":1608152695,"event":{"mods":["Aspiration","BaseMod","Best Route Mod","Downfall","Hermit","Magitek Elite","Minty Spire (QoL Compilation)","Potionbrewer","Quick Restart","StSLib","The Bug Knight"],"gold_per_floor":[99,34,34,48,148,180,180,630,555,586,601,614,714,714,731,731,731],"floor_reached":16,"playtime":903,"items_purged":[],"score":108,"play_id":"c1f34df0-7972-426f-badd-c5450fee8917","local_time":"20201216130455","is_ascension_mode":false,"campfire_choices":[{"floor":1,"key":"RECALL"},{"data":"Guardian:DecasProtection","floor":3,"key":"SMITH"},{"floor":9,"key":"REST"}],"circlet_count":0,"master_deck":["Guardian:Strike_Guardian","Guardian:Strike_Guardian","Guardian:Strike_Guardian","Guardian:Strike_Guardian","Guardian:Defend_Guardian","Guardian:Defend_Guardian","Guardian:Defend_Guardian","Guardian:Defend_Guardian","Guardian:CurlUp","Guardian:TwinSlam","Guardian:FastForward","Guardian:DecasProtection+1","Guardian:TemporalStrike","Guardian:ChargeUp","Slimebound:Icky","Slimebound:Icky","Slimebound:Icky","Guardian:EvasiveProtocol","Guardian:TemporalShield","Guardian:VentSteam","Injury","Guardian:SpikerProtocol+1"],"relics":["Guardian:ModeShifter","Ancient Tea Set","Kunai","downfall:HeartBlessingRed","Vajra","Frozen Egg 2"],"acts_visited":["Exordium"],"potions_floor_usage":[10,16],"damage_taken":[{"damage":5,"enemies":"downfall:FleeingMerchant","floor":2,"turns":4},{"damage":12,"enemies":"2 Louse","floor":4,"turns":2},{"damage":18,"enemies":"3 Sentries","floor":6,"turns":11},{"damage":36,"enemies":"Gremlin Nob","floor":10,"turns":6},{"damage":0,"enemies":"Small Slimes","floor":11,"turns":5},{"damage":4,"enemies":"Jaw Worm","floor":12,"turns":4},{"damage":16,"enemies":"Large Slime","floor":15,"turns":7},{"damage":13,"enemies":"downfall:Silent","floor":16,"turns":2}],"seed_played":"7107689408150157562","potions_obtained":[{"floor":6,"key":"potionbrewer:QuicksilverPotion"},{"floor":11,"key":"potionbrewer:DiscountPotion"},{"floor":15,"key":"Dexterity Potion"}],"is_trial":false,"path_per_floor":["R","$","R","M","?","E","T","?","R","E","M","M","?","?","M","B"],"character_chosen":"GUARDIAN","items_purchased":["Guardian:Gem_Red"],"campfire_rested":1,"item_purchase_floors":[2],"current_hp_per_floor":[80,75,75,63,63,45,45,45,69,33,33,29,29,29,13,0,0],"gold":731,"neow_bonus":"ONE_RANDOM_RARE_CARD","is_daily":false,"chose_seed":false,"campfire_upgraded":1,"win_rate":0.0,"timestamp":1608152695,"path_taken":["R","$","R","M","?","E","T","?","R","E","M","M","?","?","M","BOSS"],"items_purchased_type":["Card"],"build_version":"2020-12-13","purchased_purges":0,"victory":false,"max_hp_per_floor":[80,80,80,80,80,80,80,80,80,80,80,80,80,80,80,80,80],"card_choices":[{"not_picked":["Guardian:RollAttack","Guardian:Clone"],"picked":"Guardian:DecasProtection","floor":2},{"not_picked":["Guardian:Incinerate","Guardian:CrystalBeam"],"picked":"Guardian:TemporalStrike","floor":4},{"not_picked":["Guardian:VentSteam","Guardian:Gem_Lightblue"],"picked":"Guardian:ChargeUp","floor":6},{"not_picked":["Guardian:FloatingOrbs","Guardian:Harden"],"picked":"Guardian:EvasiveProtocol","floor":10},{"not_picked":["Guardian:Gem_Purple","Guardian:Incinerate"],"picked":"Guardian:TemporalShield","floor":11},{"not_picked":["Guardian:TemporalShield","Guardian:Incinerate"],"picked":"Guardian:VentSteam","floor":12},{"not_picked":["Guardian:RevengeProtocol+1","Guardian:Reroute"],"picked":"Guardian:SpikerProtocol+1","floor":15}],"player_experience":306949,"relics_obtained":[{"floor":6,"key":"Ancient Tea Set"},{"floor":7,"key":"Kunai"},{"floor":10,"key":"Vajra"}],"event_choices":[],"is_beta":false,"boss_relics":[],"items_purged_floors":[],"is_endless":false,"potions_floor_spawned":[6,11,15],"killed_by":"downfall:Silent","ascension_level":0}}