{"host":"ipcfr4ajj2jkxvg7","time":1608121390,"event":{"mods":["BaseMod","Colored Powertips","GifTheSpireLib","Marisa（F雨　魔理沙）","Minty Spire (QoL Compilation)","Quick Restart","Remilia（蕾米莉亚）","Replay The Spire","RumiaBox-露米娅的神秘盒子","StSLib"],"gold_per_floor":[112,187,207,219,219,250,264,289,289,300,315,335,335,365,365,467,467,479,529,306,246,246,271,287,300,368,368,88,99,99,128,128,231,231,246,110,110,110,124,124,151,170,170,170,202,202,231,242,242,242],"floor_reached":51,"playtime":1415,"items_purged":["Defend_MRS","Delirium"],"score":906,"play_id":"b8ccdb8e-8136-4927-ba6b-7e5c02ce0d51","local_time":"20201216202310","is_ascension_mode":true,"campfire_choices":[{"floor":13.0,"key":"REST"},{"floor":15.0,"key":"REST"},{"floor":27.0,"key":"REST"},{"floor":30.0,"key":"REST"},{"floor":32.0,"key":"REST"},{"floor":40.0,"key":"REST"},{"data":"MaximisePower","floor":44.0,"key":"SMITH"},{"floor":49,"key":"REST"}],"circlet_count":0,"master_deck":["Strike_MRS","Strike_MRS","Strike_MRS","Defend_MRS","Defend_MRS","Defend_MRS","MasterSpark","UpSweep","PowerUp","MilkyWay","MilkyWay","PowerUp","PropBag","MaximisePower+1","MilkyWay","PowerUp","IllusionStar","PulseMagic","ManaRampage","MilkyWay+1","UltimateShortwave","CasketOfStar","PowerUp+1"],"relics":["MiniHakkero","NeowsBlessing","AddBug","SecretRecord","SecretRecord","SecretRecord","SecretRecord","SecretRecord","SecretRecord","SecretRecord","SecretRecord","SecretRecord","SecretRecord","SecretRecord","SecretRecord"],"acts_visited":["Exordium","TheCity","TheBeyond"],"potions_floor_usage":[],"damage_taken":[{"damage":0.0,"enemies":"Cultist","floor":1.0,"turns":1.0},{"damage":0.0,"enemies":"Jaw Worm","floor":3.0,"turns":1.0},{"damage":0.0,"enemies":"Small Slimes","floor":4.0,"turns":1.0},{"damage":20.0,"enemies":"3 Sentries","floor":6.0,"turns":5.0},{"damage":3.0,"enemies":"Exordium Thugs","floor":7.0,"turns":3.0},{"damage":12.0,"enemies":"Gremlin Nob","floor":8.0,"turns":3.0},{"damage":1.0,"enemies":"3 Louse","floor":10.0,"turns":3.0},{"damage":13.0,"enemies":"Large Slime","floor":11.0,"turns":2.0},{"damage":1.0,"enemies":"Looter","floor":12.0,"turns":2.0},{"damage":10.0,"enemies":"3 Sentries","floor":14.0,"turns":5.0},{"damage":27.0,"enemies":"Hexaghost","floor":16.0,"turns":6.0},{"damage":9.0,"enemies":"Shell Parasite","floor":18.0,"turns":4.0},{"damage":45.0,"enemies":"Book of Stabbing","floor":23.0,"turns":5.0},{"damage":1.0,"enemies":"Spheric Guardian","floor":24.0,"turns":3.0},{"damage":3.0,"enemies":"Snecko","floor":25.0,"turns":4.0},{"damage":7.0,"enemies":"Chosen and Byrds","floor":29.0,"turns":2.0},{"damage":8.0,"enemies":"Gremlin Leader","floor":31.0,"turns":2.0},{"damage":39.0,"enemies":"Pondfish","floor":33.0,"turns":4.0},{"damage":27.0,"enemies":"3 Darklings","floor":35.0,"turns":3.0},{"damage":11.0,"enemies":"Orb Walker","floor":39.0,"turns":3.0},{"damage":2.0,"enemies":"Giant Head","floor":41.0,"turns":3.0},{"damage":18.0,"enemies":"Spire Growth","floor":42.0,"turns":2.0},{"damage":10,"enemies":"Nemesis","floor":45,"turns":3},{"damage":0,"enemies":"Giant Head","floor":47,"turns":5},{"damage":0,"enemies":"Jaw Worm Horde","floor":48,"turns":2},{"damage":0,"enemies":"Replay:Hell Engine","floor":50,"turns":1}],"seed_played":"-343582278302341330","potions_obtained":[{"floor":1.0,"key":"Adrenaline Potion"},{"floor":6.0,"key":"EssenceOfSteel"},{"floor":7.0,"key":"Adrenaline Potion"},{"floor":10.0,"key":"DuplicationPotion"},{"floor":16.0,"key":"LifebloodPotion"},{"floor":18.0,"key":"SkillPotion"},{"floor":29.0,"key":"BlessingOfTheForge"},{"floor":31.0,"key":"SteroidPotion"},{"floor":39.0,"key":"Languid Potion"},{"floor":42.0,"key":"DuplicationPotion"}],"is_trial":false,"path_per_floor":["M","?","M","M","?","E","M","E","T","M","M","M","R","E","R","B",null,"M","?","$","?","?","E","M","M","T","R","$","M","R","E","R","B",null,"M","$","?","?","M","R","E","M","T","R","E","T","E","M","R","B",null],"character_chosen":"MARISA","items_purchased":["Bag of Marbles","ReplayTheSpireMod:CursedCoin","PulseMagic","FairyPotion","UltimateShortwave"],"campfire_rested":7,"item_purchase_floors":[20,28,28,28,36],"current_hp_per_floor":[75,64,64,64,64,44,41,29,29,28,15,14,36,26,48,21,62,53,53,53,53,53,8,7,4,4,26,26,19,41,33,55,16,60,33,33,33,33,22,44,42,24,24,24,14,14,14,14,36,36],"gold":242,"neow_bonus":"THREE_ENEMY_KILL","is_daily":false,"chose_seed":false,"campfire_upgraded":1,"win_rate":0.0,"timestamp":1608121390,"path_taken":["M","?","M","M","?","E","M","E","T","?","M","M","R","E","R","BOSS","M","?","?","?","?","E","M","M","T","R","$","M","R","E","R","BOSS","M","$","?","?","M","R","E","M","T","R","E","?","E","?","R","BOSS"],"items_purchased_type":["Relic","Relic","Card","Potion","Card"],"build_version":"2020-12-13","purchased_purges":2,"victory":true,"max_hp_per_floor":[75,75,75,75,75,75,75,75,75,75,75,75,75,75,75,75,75,75,75,75,75,75,75,75,75,75,75,75,75,75,75,75,75,75,75,75,75,75,75,75,75,75,75,75,75,75,75,75,75,75],"card_choices":[{"not_picked":["ChargeUpSpray","Acceleration","AsteroidBelt"],"picked":"SKIP","floor":1.0},{"not_picked":["MagicChant","LuminesStrike"],"picked":"PowerUp","floor":3.0},{"not_picked":["Singularity","SporeBomb"],"picked":"MilkyWay","floor":4.0},{"not_picked":["ShootingEcho","BinaryStars"],"picked":"MilkyWay","floor":6.0},{"not_picked":["OortCloud","SprinkleStarSeal","GasGiant"],"picked":"SKIP","floor":7.0},{"not_picked":["GalacticHalo","AsteroidBelt"],"picked":"PowerUp","floor":8.0},{"not_picked":["DC","GravityBeat"],"picked":"PropBag","floor":10.0},{"not_picked":["WitchOfGreed","WitchLeyline","FairyDestructionRay"],"picked":"SKIP","floor":11.0},{"not_picked":["UnstableBomb","LuminesStrike","SporeBomb"],"picked":"SKIP","floor":12.0},{"not_picked":["GrandCross","6A","SporeBomb"],"picked":"SKIP","floor":14.0},{"not_picked":["SatelliteIllusion","EscapeVelocity"],"picked":"MaximisePower","floor":16.0},{"not_picked":["MachineGunSpark","GravityBeat","DragonMeteor"],"picked":"SKIP","floor":18.0},{"not_picked":["AsteroidBelt","OneTimeOff"],"picked":"MilkyWay","floor":23.0},{"not_picked":["Orbital","FairyDestructionRay"],"picked":"PowerUp","floor":24.0},{"not_picked":["BlazeAway","6A"],"picked":"IllusionStar","floor":25.0},{"not_picked":["OortCloud+1","RefractionSpark","UnstableBomb"],"picked":"SKIP","floor":29.0},{"not_picked":["GravityBeat+1","DarkSpark+1","WitchLeyline"],"picked":"SKIP","floor":31.0},{"not_picked":["BigCrunch","BlazingStar"],"picked":"ManaRampage","floor":33.0},{"not_picked":["DarkMatter+1","MeteoricShower+1"],"picked":"MilkyWay+1","floor":35.0},{"not_picked":["LuminesStrike","UnstableBomb+1","DoubleSpark+1"],"picked":"SKIP","floor":39.0},{"not_picked":["GasGiant+1","MysteriousBeam+1"],"picked":"CasketOfStar","floor":41.0},{"not_picked":["6A","GasGiant","SporeBomb+1"],"picked":"SKIP","floor":42.0},{"not_picked":["MysteriousBeam","AlicesGift+1","OpenUniverse+1"],"picked":"SKIP","floor":45},{"not_picked":["LuminesStrike+1","ShootingEcho"],"picked":"PowerUp+1","floor":47},{"not_picked":["StarlightTyphoon+1","IllusionStar+1","MysteriousBeam+1"],"picked":"SKIP","floor":48}],"player_experience":367229,"relics_obtained":[{"floor":1.0,"key":"AddBug"},{"floor":3.0,"key":"SecretRecord"},{"floor":6.0,"key":"SecretRecord"},{"floor":6.0,"key":"MagicDraw3"},{"floor":8.0,"key":"SSSystem"},{"floor":9.0,"key":"Onion Ring"},{"floor":11.0,"key":"SecretRecord"},{"floor":14.0,"key":"StoneCalendar"},{"floor":16.0,"key":"SecretRecord"},{"floor":18.0,"key":"SecretRecord"},{"floor":22.0,"key":"Ring of Fury"},{"floor":22.0,"key":"Ring of Panic"},{"floor":23.0,"key":"Strawberry"},{"floor":24.0,"key":"SecretRecord"},{"floor":26.0,"key":"ReplayTheSpireMod:Shallot"},{"floor":29.0,"key":"SecretRecord"},{"floor":31.0,"key":"SecretRecord"},{"floor":31.0,"key":"ReplayTheSpireMod:TigerMarble"},{"floor":39.0,"key":"SecretRecord"},{"floor":41.0,"key":"BreadOfAWashokuLover"},{"floor":43.0,"key":"Eternal Feather"},{"floor":45,"key":"SecretRecord"},{"floor":45,"key":"Vajra"},{"floor":46,"key":"Snack Pack"},{"floor":47,"key":"Mummified Hand"},{"floor":48,"key":"SecretRecord"}],"event_choices":[{"damage_healed":0.0,"max_hp_gain":0.0,"max_hp_loss":0.0,"gold_gain":75.0,"event_name":"World of Goop","player_choice":"Gather Gold","floor":2.0,"gold_loss":0.0,"damage_taken":11.0},{"damage_healed":0.0,"max_hp_gain":0.0,"max_hp_loss":0.0,"gold_gain":0.0,"event_name":"FaceTrader","player_choice":"Trade","floor":5.0,"gold_loss":0.0,"damage_taken":0.0,"relics_obtained":["CultistMask"]},{"damage_healed":0.0,"max_hp_gain":0.0,"max_hp_loss":0.0,"gold_gain":100.0,"event_name":"The Joust","player_choice":"Bet on Murderer","floor":19.0,"gold_loss":50.0,"damage_taken":0.0},{"damage_healed":0.0,"max_hp_gain":0.0,"max_hp_loss":0.0,"gold_gain":0.0,"event_name":"The Moai Head","player_choice":"Ignored","floor":37.0,"gold_loss":0.0,"damage_taken":0.0},{"cards_removed":["Strike_MRS"],"damage_healed":0.0,"max_hp_gain":0.0,"max_hp_loss":0.0,"gold_gain":0.0,"event_name":"Falling","player_choice":"Removed Attack","floor":38.0,"gold_loss":0.0,"damage_taken":0.0}],"is_beta":false,"boss_relics":[{"not_picked":["Honey Jar","Ectoplasm"],"picked":"Snecko Eye"},{"not_picked":["Replay:Bronze Core","EasyGame_NEW"],"picked":"Sozu"}],"items_purged_floors":[20,28],"is_endless":false,"potions_floor_spawned":[1,6,7,10,16,18,29,31,39,42,47],"ascension_level":5}}