{"host":"vi6th7e8dilnaeg0","time":1608115562,"event":{"mods":["BaseMod","Minty Spire (QoL Compilation)","Relic Stats","StSLib"],"gold_per_floor":[115,115,130,22,37,37,64,64,118,133,83,83,3,21,21,125,125,144,154,154,154,165,165,196,212,235,248,248,69,88,103,103,207,207,226,226,77,94,105,105,125,125,149,149,201,213,213,226,226,226],"floor_reached":51,"playtime":2914,"items_purged":["Pain","Doom and Gloom"],"score":801,"play_id":"3602f5df-ef90-46e9-ac8e-21b2dce2ad8d","local_time":"20201216114602","is_ascension_mode":true,"campfire_choices":[{"data":"Defragment","floor":6.0,"key":"SMITH"},{"data":"Coolheaded","floor":8.0,"key":"SMITH"},{"data":"Coolheaded","floor":12.0,"key":"SMITH"},{"data":"Zap","floor":15.0,"key":"SMITH"},{"data":"Electrodynamics","floor":23.0,"key":"SMITH"},{"floor":28.0,"key":"REST"},{"floor":32.0,"key":"REST"},{"data":"Seek","floor":40,"key":"SMITH"},{"data":"Chill","floor":42,"key":"SMITH"},{"data":"Tempest","floor":47,"key":"SMITH"},{"data":"Reboot","floor":49,"key":"SMITH"}],"circlet_count":0,"master_deck":["Defend_B","Defend_B","Defend_B","Defend_B","Zap+1","Dualcast","Ball Lightning","Coolheaded+1","Defragment+1","Reboot+1","Coolheaded+1","Seek+1","Doom and Gloom","Electrodynamics+1","Sweeping Beam","Hologram+1","Scrape","Auto Shields","Tempest+1","Barrage+1","Conserve Battery","Beam Cell","Go for the Eyes","Undo","Thunder Strike","Turbo+1","Impatience","Steam","Chill+1"],"relics":["Cracked Core","NeowsBlessing","WarpedTongs","Boot","Bag of Preparation","Inserter","Thread and Needle","Akabeko","Runic Dome","Art of War","Toy Ornithopter","Potion Belt"],"acts_visited":["Exordium","TheCity","TheBeyond"],"potions_floor_usage":[33,39,50,50,50,50],"damage_taken":[{"damage":0.0,"enemies":"Cultist","floor":1.0,"turns":1.0},{"damage":0.0,"enemies":"Jaw Worm","floor":3.0,"turns":1.0},{"damage":0.0,"enemies":"Small Slimes","floor":5.0,"turns":1.0},{"damage":12.0,"enemies":"Lagavulin","floor":7.0,"turns":7.0},{"damage":2.0,"enemies":"2 Fungi Beasts","floor":10.0,"turns":3.0},{"damage":12.0,"enemies":"Gremlin Gang","floor":14.0,"turns":3.0},{"damage":16.0,"enemies":"Hexaghost","floor":16.0,"turns":8.0},{"damage":3.0,"enemies":"Spheric Guardian","floor":18.0,"turns":4.0},{"damage":0.0,"enemies":"Chosen","floor":19.0,"turns":4.0},{"damage":7.0,"enemies":"3 Cultists","floor":22.0,"turns":3.0},{"damage":22.0,"enemies":"Slavers","floor":24.0,"turns":5.0},{"damage":9.0,"enemies":"Centurion and Healer","floor":25.0,"turns":4.0},{"damage":9.0,"enemies":"Snake Plant","floor":27.0,"turns":4.0},{"damage":4.0,"enemies":"Shelled Parasite and Fungi","floor":30.0,"turns":5.0},{"damage":0.0,"enemies":"3 Cultists","floor":31.0,"turns":2.0},{"damage":27,"enemies":"Collector","floor":33,"turns":7},{"damage":1,"enemies":"3 Darklings","floor":35,"turns":3},{"damage":3,"enemies":"3 Shapes","floor":38,"turns":2},{"damage":0,"enemies":"Sphere and 2 Shapes","floor":39,"turns":3},{"damage":0,"enemies":"3 Darklings","floor":41,"turns":3},{"damage":8,"enemies":"Transient","floor":46,"turns":5},{"damage":0,"enemies":"4 Shapes","floor":48,"turns":2},{"damage":28,"enemies":"Donu and Deca","floor":50,"turns":6}],"seed_played":"2737122035775189008","potions_obtained":[{"floor":3.0,"key":"SkillPotion"},{"floor":5.0,"key":"Explosive Potion"},{"floor":14.0,"key":"AttackPotion"},{"floor":16.0,"key":"LiquidMemories"},{"floor":30.0,"key":"Energy Potion"},{"floor":31.0,"key":"Fire Potion"},{"floor":33,"key":"FocusPotion"},{"floor":38,"key":"Fruit Juice"},{"floor":41,"key":"Strength Potion"},{"floor":46,"key":"AttackPotion"}],"is_trial":false,"path_per_floor":["M","?","M","$","M","R","E","R","T","M","?","R","$","M","R","B",null,"M","M","?","?","M","R","E","M","T","M","R","$","M","M","R","B",null,"M","?","$","M","M","R","M","R","T","?","T","M","R","M","R","B",null],"character_chosen":"DEFECT","items_purchased":["Defragment","Seek","Beam Cell","Go for the Eyes","Art of War"],"campfire_rested":2,"item_purchase_floors":[4,13,29,29,37],"current_hp_per_floor":[75,75,75,75,75,75,63,63,63,61,61,61,61,49,49,33,65,62,62,62,62,55,55,33,24,24,15,37,37,33,33,55,28,63,62,62,62,59,59,59,59,59,59,59,59,51,51,51,51,48],"gold":226,"neow_bonus":"THREE_ENEMY_KILL","is_daily":false,"chose_seed":false,"campfire_upgraded":9,"win_rate":0.0,"timestamp":1608115562,"path_taken":["M","?","?","$","M","R","E","R","T","M","?","R","?","M","R","BOSS","M","?","?","?","?","R","E","M","T","M","R","$","?","M","R","BOSS","M","?","$","M","M","R","M","R","T","?","?","M","R","M","R","BOSS"],"items_purchased_type":["Card","Card","Card","Card","Relic"],"build_version":"2020-12-13","purchased_purges":2,"victory":true,"max_hp_per_floor":[75,75,75,75,75,75,75,75,75,75,75,75,75,75,75,75,75,75,75,75,75,75,75,75,75,75,75,75,75,75,75,75,75,75,75,75,75,75,75,75,75,75,75,75,75,75,75,75,75,80],"relic_stats":{"Inserter":[31],"counters":[23,86],"Bag of Preparation":[38],"Art of War":[3],"Boot":[31],"obtain_stats":[{"Potion Belt":45,"Runic Dome":34,"Inserter":17,"NeowsBlessing":0,"Thread and Needle":24,"Bag of Preparation":9,"Art of War":37,"Cracked Core":0,"Boot":7,"Akabeko":26,"Toy Ornithopter":43,"WarpedTongs":2},{"Potion Belt":20,"Runic Dome":16,"Inserter":7,"NeowsBlessing":0,"Thread and Needle":11,"Bag of Preparation":4,"Art of War":17,"Cracked Core":0,"Boot":4,"Akabeko":12,"Toy Ornithopter":20,"WarpedTongs":1},{"Potion Belt":73,"Runic Dome":62,"Inserter":24,"NeowsBlessing":0,"Thread and Needle":40,"Bag of Preparation":10,"Art of War":65,"Cracked Core":0,"Boot":10,"Akabeko":44,"Toy Ornithopter":73,"WarpedTongs":1}],"Toy Ornithopter":20,"WarpedTongs":[84]},"card_choices":[{"not_picked":["Sunder","Stack"],"picked":"Ball Lightning","floor":1.0},{"not_picked":["Turbo","Force Field"],"picked":"Coolheaded","floor":3.0},{"not_picked":["Redo","Hello World","Aggregate"],"picked":"SKIP","floor":5.0},{"not_picked":["Skim","Cold Snap"],"picked":"Reboot","floor":7.0},{"not_picked":["Go for the Eyes","Ball Lightning"],"picked":"Coolheaded","floor":10.0},{"not_picked":["Reprogram","Turbo"],"picked":"Doom and Gloom","floor":14.0},{"not_picked":["Machine Learning","Amplify"],"picked":"Electrodynamics","floor":16.0},{"not_picked":["Doom and Gloom","Rip and Tear"],"picked":"Sweeping Beam","floor":18.0},{"not_picked":["Cold Snap","Hello World"],"picked":"Hologram+1","floor":19.0},{"not_picked":["Stack+1","Cold Snap"],"picked":"Tempest","floor":22.0},{"not_picked":["Undo","Heatsinks"],"picked":"Barrage+1","floor":24.0},{"not_picked":["Steam","Streamline","Auto Shields+1"],"picked":"SKIP","floor":25.0},{"not_picked":["Sweeping Beam","Skim"],"picked":"Conserve Battery","floor":27.0},{"not_picked":["Sunder+1","Conserve Battery","Compile Driver"],"picked":"SKIP","floor":30.0},{"not_picked":["Conserve Battery","Hyperbeam"],"picked":"Undo","floor":31.0},{"not_picked":["Core Surge","Meteor Strike"],"picked":"Thunder Strike","floor":33},{"not_picked":["Ball Lightning+1","Stack+1"],"picked":"Turbo+1","floor":35},{"not_picked":["Flash of Steel","Violence"],"picked":"Impatience","floor":36},{"not_picked":["BootSequence+1","Beam Cell","Leap"],"picked":"SKIP","floor":38},{"not_picked":["Streamline","Conserve Battery"],"picked":"Steam","floor":39},{"not_picked":["Turbo","Ball Lightning"],"picked":"Chill","floor":41},{"not_picked":["BootSequence+1","Sunder+1","Tempest"],"picked":"SKIP","floor":46},{"not_picked":["Tempest","Beam Cell","Turbo+1"],"picked":"SKIP","floor":48}],"player_experience":604734,"relics_obtained":[{"floor":7.0,"key":"Boot"},{"floor":9.0,"key":"Bag of Preparation"},{"floor":24.0,"key":"Thread and Needle"},{"floor":26.0,"key":"Akabeko"},{"floor":43,"key":"Toy Ornithopter"},{"floor":45,"key":"Potion Belt"}],"event_choices":[{"damage_healed":0.0,"max_hp_gain":0.0,"max_hp_loss":0.0,"gold_gain":0.0,"event_name":"Accursed Blacksmith","player_choice":"Rummage","floor":2.0,"gold_loss":0.0,"damage_taken":0.0,"relics_obtained":["WarpedTongs"],"cards_obtained":["Pain"]},{"cards_removed":["Strike_B"],"damage_healed":0.0,"max_hp_gain":0.0,"max_hp_loss":0.0,"gold_gain":0.0,"event_name":"The Cleric","player_choice":"Card Removal","floor":11.0,"gold_loss":50.0,"damage_taken":0.0},{"damage_healed":0.0,"max_hp_gain":0.0,"max_hp_loss":0.0,"gold_gain":0.0,"cards_transformed":["Strike_B","Strike_B"],"event_name":"Drug Dealer","player_choice":"Became Test Subject","floor":20.0,"gold_loss":0.0,"damage_taken":0.0,"cards_obtained":["Scrape","Doom and Gloom"]},{"damage_healed":0.0,"max_hp_gain":0.0,"max_hp_loss":0.0,"gold_gain":0.0,"cards_transformed":["Strike_B"],"event_name":"Transmorgrifier","player_choice":"Transformed","floor":21.0,"gold_loss":0.0,"damage_taken":0.0,"cards_obtained":["Auto Shields"]},{"damage_healed":0,"gold_gain":0,"player_choice":"Memory 1","damage_taken":0,"max_hp_gain":0,"max_hp_loss":0,"event_name":"SensoryStone","floor":36,"gold_loss":0},{"damage_healed":0,"gold_gain":0,"player_choice":"Ignored","damage_taken":0,"max_hp_gain":0,"max_hp_loss":0,"event_name":"Mysterious Sphere","floor":44,"gold_loss":0}],"is_beta":false,"boss_relics":[{"not_picked":["Ectoplasm","Empty Cage"],"picked":"Inserter"},{"not_picked":["Runic Pyramid","Calling Bell"],"picked":"Runic Dome"}],"items_purged_floors":[4,29],"is_endless":false,"potions_floor_spawned":[3,5,14,16,19,30,31,33,38,41,46],"ascension_level":5}}