{"host":"b94931fzay7ri6da","time":1608100095,"event":{"mods":["AchievementEnabler","BaseMod","Colored Map","Colored Powertips","Downfall","Minty Spire (QoL Compilation)","Quick Restart","StSLib","SuperFastMode"],"gold_per_floor":[117,117,135,150,169,199,199,261,261,261,271,32,47,61,61,61,61],"floor_reached":16,"playtime":480,"items_purged":[],"score":104,"play_id":"503c2ef1-09ba-43b1-beda-076aa2ea388e","local_time":"20201216062815","is_ascension_mode":false,"campfire_choices":[{"floor":7,"key":"REST"},{"data":"Eruption","floor":10,"key":"SMITH"},{"floor":15,"key":"REST"}],"circlet_count":0,"master_deck":["Strike_P","Strike_P","Strike_P","Strike_P","Defend_P","Defend_P","Defend_P","Defend_P","Eruption+1","Vigilance","Conclude","Regret","Wallop","EmptyBody","Protect","FollowUp","FlyingSleeves","Judgement","FlurryOfBlows"],"relics":["PureWater","Pantograph","Gremlin Horn","Blue Candle","Mercury Hourglass"],"acts_visited":["Exordium"],"potions_floor_usage":[],"damage_taken":[{"damage":0,"enemies":"Small Slimes","floor":1,"turns":2},{"damage":22,"enemies":"Jaw Worm","floor":3,"turns":2},{"damage":5,"enemies":"2 Louse","floor":4,"turns":3},{"damage":9,"enemies":"Exordium Thugs","floor":5,"turns":5},{"damage":33,"enemies":"3 Sentries","floor":6,"turns":4},{"damage":6,"enemies":"Looter","floor":11,"turns":4},{"damage":0,"enemies":"2 Fungi Beasts","floor":13,"turns":2},{"damage":0,"enemies":"Large Slime","floor":14,"turns":2},{"damage":76,"enemies":"Hexaghost","floor":16,"turns":9}],"seed_played":"4388395628607933017","potions_obtained":[{"floor":1,"key":"Ancient Potion"},{"floor":11,"key":"FearPotion"}],"is_trial":false,"path_per_floor":["M","?","M","M","M","E","R","?","T","R","M","$","M","M","R","B"],"character_chosen":"WATCHER","items_purchased":["Mercury Hourglass"],"campfire_rested":2,"item_purchase_floors":[12],"current_hp_per_floor":[79,79,57,52,43,10,33,33,33,33,27,27,27,27,50,0,0],"gold":61,"neow_bonus":"TEN_PERCENT_HP_BONUS","is_daily":false,"chose_seed":false,"campfire_upgraded":1,"win_rate":0.0,"timestamp":1608100095,"path_taken":["M","?","M","M","M","E","R","?","T","R","M","$","M","M","R","BOSS"],"items_purchased_type":["Relic"],"build_version":"2020-12-13","purchased_purges":0,"victory":false,"max_hp_per_floor":[79,79,79,79,79,79,79,79,79,79,79,79,79,79,79,79,79],"card_choices":[{"not_picked":["CarveReality","Consecrate"],"picked":"Conclude","floor":1},{"not_picked":["Consecrate","ThirdEye"],"picked":"Wallop","floor":3},{"not_picked":["CarveReality","Protect"],"picked":"EmptyBody","floor":4},{"not_picked":["EmptyBody","SashWhip"],"picked":"Protect","floor":5},{"not_picked":["Adaptation","CrushJoints"],"picked":"FollowUp","floor":6},{"not_picked":["Conclude","EmptyFist"],"picked":"FlyingSleeves","floor":11},{"not_picked":["EmptyBody","CrushJoints"],"picked":"Judgement","floor":13},{"not_picked":["Consecrate","Protect"],"picked":"FlurryOfBlows","floor":14}],"player_experience":292927,"relics_obtained":[{"floor":6,"key":"Gremlin Horn"},{"floor":9,"key":"Blue Candle"}],"event_choices":[{"damage_healed":0,"gold_gain":0,"player_choice":"Box","damage_taken":0,"relics_obtained":["Pantograph"],"max_hp_gain":0,"max_hp_loss":0,"event_name":"Big Fish","floor":2,"gold_loss":0,"cards_obtained":["Regret"]},{"damage_healed":0,"gold_gain":62,"player_choice":"Gained Gold","damage_taken":0,"max_hp_gain":0,"max_hp_loss":0,"event_name":"Golden Wing","floor":8,"gold_loss":0}],"is_beta":false,"boss_relics":[],"items_purged_floors":[],"is_endless":false,"potions_floor_spawned":[1,11],"killed_by":"Hexaghost","ascension_level":0}}