{"host":"68ryiucqar8jyfi2","time":1608140966,"event":{"mods":["2.2 Compatiblity","Act Like it!","Aspiration","BaseMod","Better Match","Better Note","Better Skull","Better Third Choice","CCEM","CapriCore","Curses Come First","Defuse TimeMaze Blight","Displayed Cursed Tome","Emptier Cage","Energized Spire","Friendly Minions","GifTheSpireLib","HexUI Lib","Hubris","Hyrulean Relics","Minty Spire (QoL Compilation)","Permanent Neow","RNG Fix","Replay The Spire","Robot Space Explorer","StSLib","Stuff the Spire","The Blue Laboratory","Trackpad","Transform Curses","Uncapped","Wandering Minibosses"],"gold_per_floor":[119,139,154,174,184,184,216,216,216,206,206,2,17,27,27,119,119,126,76,85,833,852,852,885,659,659,692,710,739,739,750,750,851,851,866,382,393,410,267,267,277,287,313,324,355,157,189,202,202,299,299,318,331,343,49,68,101,115,132,132,132,132,148,169,185,185,305,305,328,343,363,206,229,229,259,27,71,102,117,144,168,193,193,323,323,339,264,293,324,129,129,158,184,244,272,296,318,254,289,289,442,442,463,233,252,273,295,295,318,351,402,402,411,433,460,228,228,361,361,386,419,440,368,394,394,426,459,506,506,506,506,284,212,212,345,345,373,394,394,412,412,412,421,444,491,491,491,491,416,440,524,656,656,671,687,714,730,674,674,744,744,780,780,804,657,673,694,694,694,694],"floor_reached":169,"playtime":7422,"items_purged":["Strike_B","Strike_B","Strike_B","Defend_B","Defend_B","Self Repair+1","aspiration:Polymerization+1"],"score":4507,"play_id":"044ee0a6-7810-4c91-9c5b-aef38a66751e","local_time":"20201216174926","daily_mods":["Vintage","Heirloom","Flight"],"is_ascension_mode":false,"campfire_choices":[{"data":"Zap","floor":6.0,"key":"SMITH"},{"data":"Sweeping Beam","floor":8.0,"key":"SMITH"},{"floor":11.0,"key":"REST"},{"data":"Streamline","floor":15.0,"key":"SMITH"},{"floor":23.0,"key":"REST"},{"data":"Conserve Battery","floor":30.0,"key":"SMITH"},{"data":"Self Repair","floor":32.0,"key":"SMITH"},{"data":"Chill","floor":40.0,"key":"SMITH"},{"data":"FIFO Queue","floor":49.0,"key":"SMITH"},{"data":"Strike_B","floor":66.0,"key":"PURGE"},{"data":"Coolheaded","floor":74.0,"key":"SMITH"},{"data":"Dualcast","floor":83.0,"key":"SMITH"},{"data":"Blizzard","floor":91.0,"key":"SMITH"},{"data":"Buffer","floor":108.0,"key":"SMITH"},{"data":"StuffTheSpire:Snapshot","floor":117.0,"key":"PURGE"},{"data":"Electrodynamics","floor":125.0,"key":"PURGE"},{"data":"Streamline+1","floor":129.0,"key":"PURGE"},{"data":"Defend_B+1","floor":130.0,"key":"PURGE"},{"data":"Defend_B+1","floor":131.0,"key":"PURGE"},{"data":"Sweeping Beam+1","floor":134.0,"key":"PURGE"},{"data":"StuffTheSpire:ForEach","floor":142.0,"key":"SMITH"},{"data":"ReplayTheSpireMod:Omega Cannon","floor":146.0,"key":"PURGE"},{"data":"Conserve Battery+1","floor":147.0,"key":"PURGE"},{"data":"ReplayTheSpireMod:Calculation Training","floor":159.0,"key":"SMITH"},{"floor":168.0,"key":"DIG"}],"circlet_count":0,"master_deck":["Chill+1","FIFO Queue+1","Coolheaded+1","Buffer+1","StuffTheSpire:ForEach+1","ReplayUltimateDefense+1","ReplayTheSpireMod:Calculation Training+1"],"relics":["Cracked Core","StuffTheSpire:MayFlowers","Replay:Accelerometer","aspiration:FetidBarrel","CCEMRelics:WarHorn","CCEMRelics:TechnogenicHelmet","HornCleat","zeldaRelics:CourageTriforce","hubris:MedicalManual","Runic Capacitor","War Paint","MealTicket","Nuclear Battery","Kunai","Toy Ornithopter","wanderingMiniBosses:MasterThiefsPresence","StuffTheSpire:Tea","Nunchaku","Pet Ghost","zeldaRelics:WisdomTriforce","Blue Doll","CCEMRelics:FryingPan","Gremlin Food","trackpad:PetRock","CCEMRelics:JestersCrown","Regal Pillow","trackpad:RapidFire","Bronze Scales","trackpad:Mousetrap","CCEMRelics:Pendulum","zeldaRelics:PowerTriforce","CCEMRelics:DissonantTune","Replay:WaspNest","Black Star","Omamori","hubris:FunFungus","PreservedInsect","Solar Panel","Replay:Ringing Soul","hubris:SoftwareUpdate","Golden Idol","hubris:AstralHammer","CCEMRelics:SpiritsEdge","aspiration:FaultyCoupler","StuffTheSpire:GrapeVine","Quantum Egg","StuffTheSpire:Barrel","Replay:Bandana","ReplayFunnel","ReplayTheSpireMod:TigerMarble","Membership Card","Bag of Marbles","Strawberry","Boot","StrikeDummy","Pear","trackpad:ZombieHeart","CeramicFish","hubris:CrystalStatue","hubris:TenFootPole","trackpad:WritersBlock","trackpad:SappingStone","Letter Opener","Orrery","StuffTheSpire:Experiment12","zeldaRelics:HylianShield","Vajra","hubris:PeanutButter","Whetstone","CCEMRelics:CocoNut","hubris:OldNail","Replay:Multitool","aspiration:ChemicalBlood","Replay:Kaleidoscope","Lantern","Peace Pipe","Inserter","Bag of Preparation","InkBottle","DataDisk","Ancient Tea Set","Shuriken","Incense Burner","Chemical X","Replay:Rubber Ducky","Orichalcum","hubris:ToyBattleship","Smiling Mask","CCEMRelics:OrganicArmor","CCEMRelics:OverlyComfyChair","Lee\u0027s Waffle","hubris:Metronome","CCEMRelics:FestiveHat","zeldaRelics:Navi","Mirror","Juzu Bracelet","hubris:Zylophone","Centennial Puzzle","Replay:Antivirus Software","Replay:Mystery Machine"],"acts_visited":["Exordium","TheCity","TheBeyond","Exordium","TheCity","TheBeyond","Exordium","TheCity","TheBeyond","Exordium"],"potions_floor_usage":[],"damage_taken":[{"damage":0.0,"enemies":"2 Louse","floor":1.0,"turns":2.0},{"damage":1.0,"enemies":"Cultist","floor":2.0,"turns":3.0},{"damage":6.0,"enemies":"Jaw Worm","floor":3.0,"turns":3.0},{"damage":0.0,"enemies":"3 Louse","floor":4.0,"turns":2.0},{"damage":20.0,"enemies":"Lots of Slimes","floor":5.0,"turns":5.0},{"damage":31.0,"enemies":"Lagavulin","floor":7.0,"turns":6.0},{"damage":10.0,"enemies":"Exordium Thugs","floor":10.0,"turns":5.0},{"damage":0.0,"enemies":"3 Louse","floor":13.0,"turns":2.0},{"damage":0.0,"enemies":"Lots of Slimes","floor":14.0,"turns":2.0},{"damage":11.0,"enemies":"Hexaghost","floor":16.0,"turns":8.0},{"damage":0.0,"enemies":"3 Byrds","floor":18.0,"turns":3.0},{"damage":12.0,"enemies":"Chosen","floor":19.0,"turns":6.0},{"damage":19.0,"enemies":"Shelled Parasite and Fungi","floor":20.0,"turns":6.0},{"damage":28.0,"enemies":"Centurion and Healer","floor":21.0,"turns":8.0},{"damage":0.0,"enemies":"Cultist and Chosen","floor":22.0,"turns":5.0},{"damage":15.0,"enemies":"Slavers","floor":24.0,"turns":4.0},{"damage":18.0,"enemies":"Gremlin Leader","floor":27.0,"turns":6.0},{"damage":0.0,"enemies":"3 Cultists","floor":28.0,"turns":3.0},{"damage":1.0,"enemies":"Replay:Snechameleon","floor":29.0,"turns":4.0},{"damage":0.0,"enemies":"Sentry and Sphere","floor":31.0,"turns":4.0},{"damage":13.0,"enemies":"Champ","floor":33.0,"turns":12.0},{"damage":0.0,"enemies":"Orb Walker","floor":35.0,"turns":2.0},{"damage":3.0,"enemies":"3 Darklings","floor":37.0,"turns":3.0},{"damage":0.0,"enemies":"Writhing Mass","floor":38.0,"turns":5.0},{"damage":0.0,"enemies":"Maw","floor":41.0,"turns":5.0},{"damage":0.0,"enemies":"3 Darklings","floor":42.0,"turns":3.0},{"damage":0.0,"enemies":"4 Shapes","floor":44.0,"turns":3.0},{"damage":15.0,"enemies":"Nemesis","floor":45.0,"turns":5.0},{"damage":0.0,"enemies":"R_Hoarder","floor":47.0,"turns":5.0},{"damage":0.0,"enemies":"Sphere and 2 Shapes","floor":48.0,"turns":3.0},{"damage":22.0,"enemies":"Time Eater","floor":50.0,"turns":9.0},{"damage":0.0,"enemies":"Cultist","floor":52.0,"turns":3.0},{"damage":0.0,"enemies":"2 Louse","floor":53.0,"turns":2.0},{"damage":0.0,"enemies":"Small Slimes","floor":54.0,"turns":1.0},{"damage":0.0,"enemies":"Looter","floor":56.0,"turns":1.0},{"damage":0.0,"enemies":"Lagavulin","floor":57.0,"turns":2.0},{"damage":0.0,"enemies":"Lots of Slimes","floor":58.0,"turns":1.0},{"damage":5.0,"enemies":"2 Fungi Beasts","floor":59.0,"turns":1.0},{"damage":3.0,"enemies":"Exordium Thugs","floor":63.0,"turns":2.0},{"damage":0.0,"enemies":"3 Louse","floor":64.0,"turns":2.0},{"damage":0.0,"enemies":"Large Slime","floor":65.0,"turns":3.0},{"damage":8.0,"enemies":"Slime Boss","floor":67.0,"turns":6.0},{"damage":0.0,"enemies":"Chosen","floor":69.0,"turns":3.0},{"damage":0.0,"enemies":"Shell Parasite","floor":70.0,"turns":3.0},{"damage":0.0,"enemies":"Centurion and Healer","floor":71.0,"turns":3.0},{"damage":0.0,"enemies":"Snake Plant","floor":73.0,"turns":2.0},{"damage":0.0,"enemies":"Snecko","floor":75.0,"turns":2.0},{"damage":0.0,"enemies":"Replay:Snechameleon","floor":77.0,"turns":3.0},{"damage":0.0,"enemies":"Centurion and Healer","floor":78.0,"turns":4.0},{"damage":0.0,"enemies":"Shelled Parasite and Fungi","floor":79.0,"turns":3.0},{"damage":2.0,"enemies":"Chosen and Byrds","floor":80.0,"turns":3.0},{"damage":10.0,"enemies":"Cultist and Chosen","floor":81.0,"turns":2.0},{"damage":0.0,"enemies":"Snecko","floor":82.0,"turns":3.0},{"damage":39.0,"enemies":"Automaton","floor":84.0,"turns":10.0},{"damage":0.0,"enemies":"Orb Walker","floor":86.0,"turns":3.0},{"damage":0.0,"enemies":"3 Darklings","floor":88.0,"turns":3.0},{"damage":0.0,"enemies":"4 Shapes","floor":89.0,"turns":3.0},{"damage":1.0,"enemies":"Maw","floor":92.0,"turns":6.0},{"damage":1.0,"enemies":"Writhing Mass","floor":93.0,"turns":4.0},{"damage":0.0,"enemies":"Reptomancer","floor":94.0,"turns":3.0},{"damage":0.0,"enemies":"Transient","floor":95.0,"turns":5.0},{"damage":0.0,"enemies":"Spire Growth","floor":96.0,"turns":4.0},{"damage":2.0,"enemies":"Sphere and 2 Shapes","floor":97.0,"turns":1.0},{"damage":0.0,"enemies":"3 Darklings","floor":99.0,"turns":2.0},{"damage":17.0,"enemies":"Awakened One","floor":101.0,"turns":10.0},{"damage":0.0,"enemies":"Small Slimes","floor":103.0,"turns":1.0},{"damage":0.0,"enemies":"Jaw Worm","floor":105.0,"turns":2.0},{"damage":0.0,"enemies":"2 Louse","floor":106.0,"turns":1.0},{"damage":0.0,"enemies":"Exordium Thugs","floor":107.0,"turns":2.0},{"damage":0.0,"enemies":"Gremlin Gang","floor":109.0,"turns":1.0},{"damage":0.0,"enemies":"3 Louse","floor":110.0,"turns":1.0},{"damage":0.0,"enemies":"3 Sentries","floor":111.0,"turns":2.0},{"damage":0.0,"enemies":"Blue Slaver","floor":114.0,"turns":1.0},{"damage":12.0,"enemies":"Exordium Wildlife","floor":115.0,"turns":2.0},{"damage":95.0,"enemies":"Hexaghost","floor":118.0,"turns":4.0},{"damage":0.0,"enemies":"Chosen","floor":120.0,"turns":2.0},{"damage":0.0,"enemies":"2 Thieves","floor":121.0,"turns":2.0},{"damage":0.0,"enemies":"Shelled Parasite and Fungi","floor":122.0,"turns":3.0},{"damage":0.0,"enemies":"Centurion and Healer","floor":124.0,"turns":3.0},{"damage":0.0,"enemies":"3 Cultists","floor":126.0,"turns":3.0},{"damage":6.0,"enemies":"Cultist and Chosen","floor":127.0,"turns":3.0},{"damage":0.0,"enemies":"Book of Stabbing","floor":128.0,"turns":3.0},{"damage":0.0,"enemies":"Collector","floor":135.0,"turns":12.0},{"damage":0.0,"enemies":"3 Darklings","floor":137.0,"turns":2.0},{"damage":0.0,"enemies":"3 Shapes","floor":138.0,"turns":2.0},{"damage":0.0,"enemies":"Jaw Worm Horde","floor":140.0,"turns":2.0},{"damage":0.0,"enemies":"Spire Growth","floor":144.0,"turns":5.0},{"damage":0.0,"enemies":"R_Hoarder","floor":145.0,"turns":7.0},{"damage":0.0,"enemies":"3 Darklings","floor":150.0,"turns":3.0},{"damage":0.0,"enemies":"Time Eater","floor":152.0,"turns":17.0},{"damage":0.0,"enemies":"Jaw Worm","floor":154.0,"turns":2.0},{"damage":0.0,"enemies":"Small Slimes","floor":155.0,"turns":1.0},{"damage":0.0,"enemies":"Cultist","floor":156.0,"turns":2.0},{"damage":0.0,"enemies":"2 Fungi Beasts","floor":157.0,"turns":2.0},{"damage":0.0,"enemies":"Gremlin Nob","floor":162.0,"turns":3.0},{"damage":0.0,"enemies":"Exordium Thugs","floor":164.0,"turns":3.0},{"damage":0.0,"enemies":"3 Louse","floor":166.0,"turns":2.0},{"damage":0.0,"enemies":"Blue Slaver","floor":167.0,"turns":2.0},{"damage":0,"enemies":"Hexaghost","floor":169,"turns":1}],"seed_played":"-1867268601937015244","potions_obtained":[{"floor":1.0,"key":"blueLaboratory:ConsumingVoid"},{"floor":3.0,"key":"Explosive Potion"},{"floor":10.0,"key":"Ancient Potion"},{"floor":22.0,"key":"blueLaboratory:Moonshine"},{"floor":24.0,"key":"FearPotion"},{"floor":28.0,"key":"FocusPotion"},{"floor":31.0,"key":"blueLaboratory:FruitPunch"},{"floor":33.0,"key":"blueLaboratory:CoolantVial"},{"floor":42.0,"key":"blueLaboratory:SystemWipe"},{"floor":75.0,"key":"FocusPotion"},{"floor":97.0,"key":"blueLaboratory:BottleOfRum"},{"floor":103.0,"key":"Milkshake"},{"floor":110.0,"key":"blueLaboratory:NullPotion"}],"is_trial":true,"path_per_floor":["M","M","M","M","M","R","E","R","T","M","R","$","M","M","R","B",null,"M","M","M","M","M","R","E","$","T","E","M","E","R","M","R","B",null,"M","$","M","M","$","R","M","M","T","M","E","$","E","M","R","B",null,"M","M","M","$","M","E","M","M","T","?","?","M","M","M","R","B",null,"M","M","M","$","M","R","M","$","E","M","M","M","M","M","R","B",null,"M","$","M","M","$","R","M","M","E","M","M","M","$","M","R","B",null,"M","$","M","M","M","R","M","M","E","$","?","M","M","$","R","B",null,"M","M","M","$","M","R","M","M","E","R","R","R","$","$","R","B",null,"M","M","$","M","?","R","R","M","E","R","R","?","$","M","R","B",null,"M","M","M","M","$","R","R","R","E","R","M","$","M","M","R","B"],"character_chosen":"DEFECT","items_purchased":["Runic Capacitor","Streamline","Pet Ghost","trackpad:PetRock","CCEMRelics:JestersCrown","Chill","Bronze Scales","FIFO Queue","Coolheaded","hubris:FunFungus","Replay:Bandana","Membership Card","Bag of Marbles","CeramicFish","Blizzard","Orrery","hubris:PeanutButter","Lantern","Peace Pipe","DataDisk","Incense Burner","Chemical X","Replay:Rubber Ducky","Lee\u0027s Waffle","ReplayTheSpireMod:Calculation Training","hubris:Zylophone"],"campfire_rested":2,"item_purchase_floors":[12,12,25,36,36,36,39,46,46,55,72,76,76,90,90,98,104,116,116,123,132,132,133,149,158,165],"current_hp_per_floor":[75,74,68,68,48,48,20,20,20,13,35,35,35,35,35,30,75,75,66,50,28,28,50,35,50,50,42,49,55,55,62,62,72,77,77,77,77,77,77,77,77,77,77,77,72,77,77,77,77,65,77,77,77,77,77,77,77,77,76,76,76,57,68,77,77,77,77,77,77,77,77,77,77,77,77,77,77,77,84,84,84,84,84,79,84,84,84,94,94,97,97,98,99,100,101,102,105,108,114,114,122,122,124,124,125,127,134,134,138,141,144,144,147,148,138,150,150,56,151,152,154,156,156,158,158,161,157,158,158,158,158,164,164,164,168,168,174,177,177,180,180,180,183,184,185,185,185,185,192,198,198,199,199,199,199,199,199,199,199,199,199,199,199,199,199,199,199,199,199,199],"gold":694,"neow_bonus":"","is_daily":false,"chose_seed":false,"campfire_upgraded":13,"win_rate":0.0,"timestamp":1608140966,"path_taken":["M","M","M","M","M","R","E","R","T","?","R","$","M","M","R","BOSS","M","M","M","M","M","R","E","$","T","E","M","E","R","M","R","BOSS","M","$","M","M","$","R","M","M","T","M","E","$","E","M","R","BOSS","M","M","M","$","M","E","M","M","T","?","?","M","M","M","R","BOSS","M","M","M","$","M","R","M","$","E","M","M","M","M","M","R","BOSS","M","$","M","M","$","R","M","M","E","M","M","M","$","M","R","BOSS","M","$","M","M","M","R","M","M","E","$","?","M","M","$","R","BOSS","M","M","M","$","M","R","M","M","E","R","R","R","$","$","R","BOSS","M","M","$","M","?","R","R","?","E","R","R","?","$","?","R","BOSS","M","M","M","M","$","R","R","R","E","R","M","$","M","M","R","BOSS"],"items_purchased_type":["Relic","Card","Relic","Relic","Relic","Card","Relic","Card","Card","Relic","Relic","Relic","Relic","Relic","Card","Relic","Relic","Relic","Relic","Relic","Relic","Relic","Relic","Relic","Card","Relic"],"build_version":"2020-12-13","purchased_purges":7,"victory":false,"max_hp_per_floor":[75,75,75,75,75,75,75,75,75,75,75,75,75,75,75,75,75,75,75,75,75,75,75,75,75,75,75,75,75,75,75,75,77,77,77,77,77,77,77,77,77,77,77,77,77,77,77,77,77,77,77,77,77,77,77,77,77,77,77,77,77,77,77,77,77,77,77,77,77,77,77,77,77,77,77,77,77,77,84,84,84,84,84,84,84,84,84,94,94,97,97,98,99,100,101,102,105,108,114,114,122,122,124,124,125,127,134,134,138,141,144,144,147,148,150,150,150,151,151,152,154,156,156,158,158,161,163,164,164,164,164,164,164,164,168,168,174,177,177,180,180,180,183,184,185,185,185,185,192,198,198,199,199,199,199,199,199,199,199,199,199,199,199,199,199,199,199,199,199,199],"card_choices":[{"not_picked":["StuffTheSpire:Plugnplay","Steam Power"],"picked":"Sweeping Beam","floor":7.0},{"not_picked":["Hello World+1","Streamline+1"],"picked":"Self Repair","floor":24.0},{"not_picked":["Ball Lightning","Steam Power","ReplayTheSpireMod:System Scan"],"picked":"SKIP","floor":27.0},{"not_picked":["Leap","ReplaySolidLightProjector+1"],"picked":"Conserve Battery","floor":29.0},{"not_picked":["Go for the Eyes+1","Double Energy","StuffTheSpire:LaunchingStrike"],"picked":"SKIP","floor":45.0},{"not_picked":["Conserve Battery","Barrage","Beam Cell"],"picked":"SKIP","floor":47.0},{"not_picked":["Conserve Battery","Leap","Hologram"],"picked":"SKIP","floor":57.0},{"not_picked":["Hologram","Aggregate","Rip and Tear"],"picked":"SKIP","floor":77.0},{"not_picked":["Lockon","Leap+1","Fusion+1"],"picked":"SKIP","floor":94.0},{"not_picked":["BasicCrystalCard+1","Consume"],"picked":"aspiration:Polymerization+1","floor":98.0},{"not_picked":["Rainbow","Reboot"],"picked":"Buffer","floor":101.0},{"not_picked":["Echo Form","Reprogram","StuffTheSpire:Rend"],"picked":"SKIP","floor":111.0},{"not_picked":["Cold Snap+1","Sweeping Beam","FIFO Queue"],"picked":"SKIP","floor":128.0},{"not_picked":["hubris:DoWhile","Rainbow"],"picked":"StuffTheSpire:ForEach","floor":135.0},{"not_picked":["Sunder","Ball Lightning+1","StuffTheSpire:SnapShoot+1"],"picked":"SKIP","floor":145.0},{"not_picked":["StuffTheSpire:PlasmaPulse+1","StuffTheSpire:PlasmaPunch+1","ReplayTheSpireMod:Uncanny Aura+1"],"picked":"SKIP","floor":155.0},{"not_picked":["Good Instincts+1","Finesse+1"],"picked":"ReplayUltimateDefense+1","floor":156.0},{"not_picked":["Sadistic Nature+1","ReplayUltimateDefense+1","Trip+1"],"picked":"SKIP","floor":157.0},{"not_picked":["Rebound","Aggregate","Barrage"],"picked":"SKIP","floor":162.0}],"player_experience":161225,"relics_obtained":[{"floor":1.0,"key":"Replay:Accelerometer"},{"floor":2.0,"key":"aspiration:FetidBarrel"},{"floor":3.0,"key":"CCEMRelics:WarHorn"},{"floor":4.0,"key":"CCEMRelics:TechnogenicHelmet"},{"floor":5.0,"key":"HornCleat"},{"floor":7.0,"key":"zeldaRelics:CouragePiece"},{"floor":9.0,"key":"zeldaRelics:CouragePiece"},{"floor":10.0,"key":"hubris:MedicalManual"},{"floor":13.0,"key":"War Paint"},{"floor":14.0,"key":"MealTicket"},{"floor":19.0,"key":"Kunai"},{"floor":20.0,"key":"Toy Ornithopter"},{"floor":21.0,"key":"wanderingMiniBosses:MasterThiefsPresence"},{"floor":21.0,"key":"StuffTheSpire:Tea"},{"floor":22.0,"key":"Nunchaku"},{"floor":24.0,"key":"zeldaRelics:CouragePiece"},{"floor":26.0,"key":"zeldaRelics:WisdomPiece"},{"floor":27.0,"key":"zeldaRelics:WisdomPiece"},{"floor":28.0,"key":"Blue Doll"},{"floor":29.0,"key":"zeldaRelics:WisdomPiece"},{"floor":31.0,"key":"CCEMRelics:FryingPan"},{"floor":35.0,"key":"Gremlin Food"},{"floor":37.0,"key":"Regal Pillow"},{"floor":38.0,"key":"trackpad:RapidFire"},{"floor":41.0,"key":"trackpad:Mousetrap"},{"floor":42.0,"key":"CCEMRelics:Pendulum"},{"floor":43.0,"key":"zeldaRelics:PowerPiece"},{"floor":44.0,"key":"CCEMRelics:DissonantTune"},{"floor":45.0,"key":"zeldaRelics:PowerPiece"},{"floor":47.0,"key":"zeldaRelics:PowerPiece"},{"floor":48.0,"key":"Replay:WaspNest"},{"floor":53.0,"key":"Omamori"},{"floor":56.0,"key":"PreservedInsect"},{"floor":58.0,"key":"Solar Panel"},{"floor":59.0,"key":"Replay:Ringing Soul"},{"floor":60.0,"key":"hubris:SoftwareUpdate"},{"floor":63.0,"key":"hubris:AstralHammer"},{"floor":64.0,"key":"CCEMRelics:SpiritsEdge"},{"floor":65.0,"key":"aspiration:FaultyCoupler"},{"floor":69.0,"key":"StuffTheSpire:GrapeVine"},{"floor":70.0,"key":"Quantum Egg"},{"floor":71.0,"key":"StuffTheSpire:Barrel"},{"floor":73.0,"key":"ReplayFunnel"},{"floor":75.0,"key":"ReplayTheSpireMod:TigerMarble"},{"floor":79.0,"key":"Strawberry"},{"floor":81.0,"key":"Boot"},{"floor":82.0,"key":"StrikeDummy"},{"floor":88.0,"key":"Pear"},{"floor":89.0,"key":"trackpad:ZombieHeart"},{"floor":92.0,"key":"hubris:CrystalStatue"},{"floor":93.0,"key":"hubris:TenFootPole"},{"floor":95.0,"key":"trackpad:WritersBlock"},{"floor":96.0,"key":"trackpad:SappingStone"},{"floor":97.0,"key":"Letter Opener"},{"floor":99.0,"key":"StuffTheSpire:Experiment12"},{"floor":103.0,"key":"Vajra"},{"floor":106.0,"key":"Whetstone"},{"floor":107.0,"key":"CCEMRelics:CocoNut"},{"floor":109.0,"key":"hubris:OldNail"},{"floor":110.0,"key":"Replay:Multitool"},{"floor":114.0,"key":"aspiration:ChemicalBlood"},{"floor":115.0,"key":"Replay:Kaleidoscope"},{"floor":120.0,"key":"Bag of Preparation"},{"floor":122.0,"key":"InkBottle"},{"floor":124.0,"key":"Ancient Tea Set"},{"floor":127.0,"key":"Shuriken"},{"floor":137.0,"key":"Orichalcum"},{"floor":138.0,"key":"hubris:ToyBattleship"},{"floor":140.0,"key":"Smiling Mask"},{"floor":141.0,"key":"CCEMRelics:OrganicArmor"},{"floor":144.0,"key":"CCEMRelics:OverlyComfyChair"},{"floor":150.0,"key":"hubris:Metronome"},{"floor":154.0,"key":"CCEMRelics:FestiveHat"},{"floor":155.0,"key":"zeldaRelics:Navi"},{"floor":156.0,"key":"Mirror"},{"floor":164.0,"key":"Juzu Bracelet"},{"floor":166.0,"key":"Centennial Puzzle"},{"floor":167.0,"key":"Replay:Antivirus Software"},{"floor":168.0,"key":"Replay:Mystery Machine"}],"event_choices":[{"damage_healed":0.0,"max_hp_gain":0.0,"max_hp_loss":0.0,"gold_gain":0.0,"event_name":"Golden Idol","player_choice":"Take Damage","floor":62.0,"gold_loss":0.0,"damage_taken":19.0,"relics_obtained":["Golden Idol"]},{"cards_removed":["Dualcast"],"damage_healed":0.0,"max_hp_gain":0.0,"max_hp_loss":0.0,"gold_gain":0.0,"event_name":"Wheel of Change","player_choice":"Card Removal","floor":100.0,"gold_loss":0.0,"damage_taken":0.0},{"damage_healed":0.0,"max_hp_gain":0.0,"max_hp_loss":0.0,"gold_gain":0.0,"cards_transformed":["Zap"],"event_name":"Transmorgrifier","player_choice":"Transformed","floor":113.0,"gold_loss":0.0,"damage_taken":0.0,"cards_obtained":["Electrodynamics"]},{"damage_healed":0.0,"max_hp_gain":0.0,"max_hp_loss":0.0,"gold_gain":0.0,"event_name":"Wheel of Change","player_choice":"Relic","floor":141.0,"gold_loss":0.0,"damage_taken":0.0},{"damage_healed":0.0,"max_hp_gain":0.0,"max_hp_loss":0.0,"gold_gain":0.0,"event_name":"The Moai Head","player_choice":"Ignored","floor":148.0,"gold_loss":0.0,"damage_taken":0.0}],"is_beta":false,"boss_relics":[{"not_picked":["hubris:VirtuousBlindfold","Honey Jar"],"picked":"Nuclear Battery"},{"not_picked":["hubris:TerracottaHorce","trackpad:Coffee","Painkiller Herb"]},{"not_picked":["Replay:Grab Bag","Runic Pyramid"],"picked":"Black Star"},{"not_picked":["ChewingGum","StuffTheSpire:RunicConfusion","Painkiller Herb"]},{"not_picked":["Replay:Grab Bag","energizedSpire:DeadBattery","ReplayTheSpireMod:DimensionalGlitch"]},{"not_picked":["CCEMRelics:GreenEgg","Kintsugi"],"picked":"zeldaRelics:HylianShield"},{"not_picked":["Cursed Key","energizedSpire:StickyHand"],"picked":"Inserter"},{"not_picked":["aspiration:SecretTechniqueScroll","trackpad:Coffee","hubris:BlackHole"]},{"not_picked":["energizedSpire:UnstableMolecules","Replay:Wanted Poster","energizedSpire:EnergizedDie"]}],"items_purged_floors":[25,36,46,87,90,104,158],"is_endless":true,"potions_floor_spawned":[1,3,10,22,24,27,28,31,33,42,44,47,54,56,59,63,64,70,75,77,81,84,92,93,97,103,105,110,121,124,128,135,144,145,152,155,156,157,164],"killed_by":"Hexaghost","ascension_level":0}}