{"host":"77pvex58kafzx78l","time":1608105383,"event":{"mods":["BaseMod","Better Vampires","DeckTracker","Googly Eyes","Minty Spire (QoL Compilation)","Quick Restart","StSLib","SuperFastMode"],"gold_per_floor":[119,130,130,21,39,39,53,53,101,117,117,143,163,190,190,264,264,276,276,286,44,44,44,73,92,147,147,78,105,105,135,135,213,213,230,230,241,463,478,478,505,505,528,528,157,157,120,150,150,150],"floor_reached":51,"playtime":1402,"items_purged":["Pain","Writhe","PathToVictory"],"score":1327,"play_id":"e986a187-3cc2-40c8-b124-5b244bf067c7","local_time":"20201216155623","is_ascension_mode":true,"campfire_choices":[{"floor":6.0,"key":"REST"},{"data":"Eruption","floor":8.0,"key":"SMITH"},{"floor":11.0,"key":"REST"},{"data":"Study","floor":15.0,"key":"SMITH"},{"floor":23.0,"key":"REST"},{"floor":27.0,"key":"REST"},{"floor":30.0,"key":"REST"},{"data":"Fasting2","floor":32.0,"key":"SMITH"},{"data":"Wallop","floor":40.0,"key":"SMITH"},{"floor":42.0,"key":"REST"},{"data":"TalkToTheHand","floor":44.0,"key":"SMITH"},{"floor":49,"key":"REST"}],"circlet_count":0,"master_deck":["AscendersBane","Eruption+1","Vigilance","FollowUp","Tantrum","PathToVictory","MentalFortress","Halt","FearNoEvil","Study+1","Scrawl","Prostrate","Prostrate","Evaluate","Finesse","DevaForm","Fasting2+1","Wallop+1","TalkToTheHand+1","Evaluate+1","Madness","Wallop+1","ClearTheMind+1","Madness","Madness","Adaptation+1","TalkToTheHand"],"relics":["Pandora\u0027s Box","WarpedTongs","Regal Pillow","Happy Flower","Question Card","Sozu","Akabeko","Red Mask","Centennial Puzzle","Shuriken","StrikeDummy","Runic Pyramid","Pantograph","Orichalcum","Frozen Egg 2","Pen Nib"],"acts_visited":["Exordium","TheCity","TheBeyond"],"potions_floor_usage":[48],"damage_taken":[{"damage":50.0,"enemies":"Cultist","floor":1.0,"turns":8.0},{"damage":10.0,"enemies":"Small Slimes","floor":2.0,"turns":4.0},{"damage":0.0,"enemies":"Jaw Worm","floor":5.0,"turns":1.0},{"damage":0.0,"enemies":"2 Fungi Beasts","floor":7.0,"turns":2.0},{"damage":0.0,"enemies":"Blue Slaver","floor":10.0,"turns":3.0},{"damage":0.0,"enemies":"Lagavulin","floor":12.0,"turns":4.0},{"damage":0.0,"enemies":"Exordium Wildlife","floor":13.0,"turns":3.0},{"damage":20.0,"enemies":"Gremlin Nob","floor":14.0,"turns":3.0},{"damage":34.0,"enemies":"The Guardian","floor":16.0,"turns":6.0},{"damage":33.0,"enemies":"2 Thieves","floor":18.0,"turns":3.0},{"damage":1.0,"enemies":"3 Byrds","floor":20.0,"turns":3.0},{"damage":35.0,"enemies":"Masked Bandits","floor":24.0,"turns":4.0},{"damage":13.0,"enemies":"Shelled Parasite and Fungi","floor":25.0,"turns":4.0},{"damage":20.0,"enemies":"Gremlin Leader","floor":29.0,"turns":6.0},{"damage":2.0,"enemies":"Book of Stabbing","floor":31.0,"turns":4.0},{"damage":0.0,"enemies":"Automaton","floor":33.0,"turns":6.0},{"damage":8.0,"enemies":"Orb Walker","floor":35.0,"turns":3.0},{"damage":0.0,"enemies":"3 Shapes","floor":37.0,"turns":5.0},{"damage":4.0,"enemies":"Jaw Worm Horde","floor":39.0,"turns":5.0},{"damage":36.0,"enemies":"Nemesis","floor":41.0,"turns":5.0},{"damage":54,"enemies":"Reptomancer","floor":48,"turns":5},{"damage":19,"enemies":"Donu and Deca","floor":50,"turns":6}],"seed_played":"-4959715669460816487","potions_obtained":[{"floor":1.0,"key":"ColorlessPotion"},{"floor":5.0,"key":"AttackPotion"},{"floor":7.0,"key":"BlessingOfTheForge"},{"floor":12.0,"key":"FairyPotion"}],"is_trial":false,"path_per_floor":["M","M","?","$","M","R","M","R","T","M","R","E","M","E","R","B",null,"M","?","M","$","?","R","?","M","T","R","$","E","R","E","R","B",null,"M","?","M","?","M","R","E","R","T","R","$","?","$","E","R","B",null],"character_chosen":"WATCHER","items_purchased":["Tantrum","Evaluate","Finesse","Fasting2","Frozen Egg 2","Adaptation+1"],"campfire_rested":7,"item_purchase_floors":[4,21,21,28,45,47],"current_hp_per_floor":[15,5,5,5,5,26,26,26,26,26,62,62,62,42,42,8,56,23,23,22,22,22,58,23,10,10,46,46,26,62,60,60,60,69,61,51,51,51,47,47,11,47,47,47,47,38,38,21,57,53],"gold":150,"neow_bonus":"BOSS_RELIC","is_daily":false,"chose_seed":false,"campfire_upgraded":5,"win_rate":0.0,"timestamp":1608105383,"path_taken":["M","M","?","$","M","R","?","R","T","M","R","E","M","E","R","BOSS","M","?","M","$","?","R","?","M","T","R","?","E","R","E","R","BOSS","M","?","M","?","M","R","E","R","T","R","?","?","$","E","R","BOSS"],"items_purchased_type":["Card","Card","Card","Card","Relic","Card"],"build_version":"2020-12-13","purchased_purges":3,"victory":true,"max_hp_per_floor":[72,72,72,72,72,72,72,72,72,72,72,72,72,72,72,72,72,72,72,72,72,72,72,72,72,72,72,72,72,72,72,72,72,72,72,72,72,72,72,72,72,72,72,72,72,72,72,72,72,72],"card_choices":[{"not_picked":["Collect","FlyingSleeves"],"picked":"FollowUp","floor":1.0},{"not_picked":["Indignation","Conclude"],"picked":"PathToVictory","floor":2.0},{"not_picked":["ClearTheMind","Establishment"],"picked":"PathToVictory","floor":5.0},{"not_picked":["Consecrate","FollowUp"],"picked":"MentalFortress","floor":7.0},{"not_picked":["FlurryOfBlows","SashWhip"],"picked":"Halt","floor":10.0},{"not_picked":["ClearTheMind","Omniscience"],"picked":"FearNoEvil","floor":12.0},{"not_picked":["FlurryOfBlows","EmptyFist"],"picked":"Study","floor":13.0},{"not_picked":["BattleHymn","BowlingBash","ReachHeaven"],"picked":"SKIP","floor":14.0},{"not_picked":["SpiritShield","Wish","DevaForm"],"picked":"Scrawl","floor":16.0},{"not_picked":["Wireheading","Protect","ClearTheMind"],"picked":"Prostrate","floor":18.0},{"not_picked":["MentalFortress","FollowUp","Tantrum"],"picked":"Prostrate","floor":20.0},{"not_picked":["WheelKick","SignatureMove","Study"],"picked":"DevaForm","floor":24.0},{"not_picked":["DeceiveReality","ThirdEye","Conclude","Prostrate"],"picked":"SKIP","floor":25.0},{"not_picked":["Omniscience","Wireheading","WheelKick"],"picked":"Wallop","floor":29.0},{"not_picked":["CrushJoints","JustLucky","Consecrate"],"picked":"TalkToTheHand","floor":31.0},{"not_picked":["ClearTheMind+1","Prostrate+1","PathToVictory+1"],"picked":"Evaluate+1","floor":35.0},{"not_picked":["Discovery","Dramatic Entrance","Swift Strike"],"picked":"Madness","floor":36.0},{"not_picked":["Weave","Prostrate","WaveOfTheHand"],"picked":"Wallop+1","floor":37.0},{"not_picked":["BowlingBash","Evaluate+1","ThirdEye"],"picked":"ClearTheMind+1","floor":39.0},{"not_picked":["CutThroughFate","EmptyBody","DeceiveReality+1","Evaluate"],"picked":"SKIP","floor":41.0},{"not_picked":["Swivel","DeceiveReality","Prostrate"],"picked":"TalkToTheHand","floor":48}],"player_experience":273546,"relics_obtained":[{"floor":9.0,"key":"Regal Pillow"},{"floor":12.0,"key":"Happy Flower"},{"floor":14.0,"key":"Question Card"},{"floor":24.0,"key":"Red Mask"},{"floor":26.0,"key":"Centennial Puzzle"},{"floor":29.0,"key":"Shuriken"},{"floor":31.0,"key":"StrikeDummy"},{"floor":41.0,"key":"Pantograph"},{"floor":43.0,"key":"Orichalcum"},{"floor":48,"key":"Pen Nib"}],"event_choices":[{"damage_healed":0.0,"max_hp_gain":0.0,"max_hp_loss":0.0,"gold_gain":0.0,"event_name":"Accursed Blacksmith","player_choice":"Rummage","floor":3.0,"gold_loss":0.0,"damage_taken":0.0,"relics_obtained":["WarpedTongs"],"cards_obtained":["Pain"]},{"damage_healed":0.0,"max_hp_gain":0.0,"max_hp_loss":0.0,"gold_gain":0.0,"event_name":"The Mausoleum","player_choice":"Opened","floor":19.0,"gold_loss":0.0,"damage_taken":0.0,"relics_obtained":["Akabeko"],"cards_obtained":["Writhe"]},{"damage_healed":0.0,"max_hp_gain":0.0,"max_hp_loss":0.0,"gold_gain":0.0,"event_name":"Vampires","player_choice":"Ignored","floor":22.0,"gold_loss":0.0,"damage_taken":0.0},{"damage_healed":0.0,"max_hp_gain":0.0,"max_hp_loss":0.0,"gold_gain":0.0,"event_name":"Masked Bandits","player_choice":"Fought Bandits","floor":24.0,"gold_loss":0.0,"damage_taken":0.0},{"damage_healed":0.0,"max_hp_gain":0.0,"max_hp_loss":0.0,"gold_gain":0.0,"event_name":"SensoryStone","player_choice":"Memory 3","floor":36.0,"gold_loss":0.0,"damage_taken":10.0},{"damage_healed":0.0,"max_hp_gain":0.0,"max_hp_loss":0.0,"gold_gain":222.0,"event_name":"Tomb of Lord Red Mask","player_choice":"Wore Mask","floor":38.0,"gold_loss":0.0,"damage_taken":0.0},{"damage_healed":0.0,"max_hp_gain":0.0,"max_hp_loss":0.0,"gold_gain":0.0,"event_name":"Winding Halls","player_choice":"Embrace Madness","floor":46.0,"gold_loss":0.0,"damage_taken":9.0,"cards_obtained":["Madness","Madness"]}],"is_beta":false,"boss_relics":[{"not_picked":["Cursed Key","SlaversCollar"],"picked":"Sozu"},{"not_picked":["Busted Crown","Runic Dome"],"picked":"Runic Pyramid"}],"items_purged_floors":[4,21,45],"is_endless":false,"potions_floor_spawned":[1,5,7,12,20,24,33,35,37,48],"ascension_level":13}}