{"host":"dvpvhz1t6etneyb3","time":1608145025,"event":{"mods":["AchievementEnabler","BaseMod","Colored Map","Highlight Path","Minty Spire (QoL Compilation)","Permanent Neow","Quick Restart"],"gold_per_floor":[118,133,1,1,1,1,1,21,103,143,168,208,284,324,324,422,422,443,443,512,525,36,36,77,77,77,77,77],"floor_reached":27,"playtime":1184,"items_purged":["Strike_P"],"score":548,"play_id":"6f33c702-c8eb-4a1e-b8ff-dda554fd841a","local_time":"20201216135705","is_ascension_mode":true,"campfire_choices":[{"floor":7.0,"key":"REST"},{"data":"TalkToTheHand","floor":15,"key":"SMITH"},{"data":"Wish","floor":23,"key":"SMITH"}],"circlet_count":0,"master_deck":["AscendersBane","Eruption","Vigilance","Tantrum+1","BowlingBash","Swivel","Adaptation","FlyingSleeves+1","Halt","TalkToTheHand+1","FlurryOfBlows","Wish+1","Halt","LikeWater+1","TalkToTheHand","EmptyBody","Protect+1","ForeignInfluence","LessonLearned","EmptyFist+1","Conclude","DevaForm","Corruption","Pain"],"relics":["Runic Dome","Golden Idol","Question Card","Oddly Smooth Stone","Boot","Pen Nib","Strawberry","Pandora\u0027s Box","PrismaticShard","Potion Belt","Bronze Scales","WarpedTongs","The Courier"],"acts_visited":["Exordium","TheCity"],"potions_floor_usage":[8,10,20],"damage_taken":[{"damage":11.0,"enemies":"Jaw Worm","floor":1.0,"turns":4.0},{"damage":0.0,"enemies":"2 Louse","floor":2.0,"turns":3.0},{"damage":0,"enemies":"Small Slimes","floor":8,"turns":1},{"damage":3,"enemies":"Gremlin Nob","floor":10,"turns":3},{"damage":0,"enemies":"2 Fungi Beasts","floor":11,"turns":2},{"damage":2,"enemies":"3 Sentries","floor":12,"turns":4},{"damage":5,"enemies":"3 Sentries","floor":13,"turns":3},{"damage":0,"enemies":"Lagavulin","floor":14,"turns":4},{"damage":31,"enemies":"Hexaghost","floor":16,"turns":9},{"damage":7,"enemies":"Spheric Guardian","floor":18,"turns":6},{"damage":3,"enemies":"2 Thieves","floor":20,"turns":3},{"damage":12,"enemies":"Snecko","floor":21,"turns":4},{"damage":70,"enemies":"Slavers","floor":24,"turns":3},{"damage":15,"enemies":"Snake Plant","floor":27,"turns":1}],"seed_played":"-8654616026841961038","potions_obtained":[{"floor":2.0,"key":"Fire Potion"},{"floor":11,"key":"FairyPotion"},{"floor":13,"key":"Ambrosia"},{"floor":20,"key":"SpeedPotion"}],"is_trial":false,"path_per_floor":["M","M","$","?","?","?","R","M","T","E","M","E","?","E","R","B",null,"M","?","M","M","$","R","E","?","T","M"],"character_chosen":"WATCHER","items_purchased":["Fire Potion","PrismaticShard","Potion Belt","DevaForm"],"campfire_rested":1,"item_purchase_floors":[3,22,22,22],"current_hp_per_floor":[50,50,50,50,27,32,53,53,53,50,50,48,43,50,50,19,65,58,58,55,43,43,43,12,12,12,0,0],"gold":77,"neow_bonus":"BOSS_RELIC","is_daily":false,"chose_seed":false,"campfire_upgraded":2,"win_rate":0.0,"timestamp":1608145025,"path_taken":["M","M","$","?","?","?","R","M","T","E","M","E","?","E","R","BOSS","M","?","M","M","$","R","E","?","T","M"],"items_purchased_type":["Potion","Relic","Relic","Card"],"build_version":"2020-12-13","purchased_purges":1,"victory":false,"max_hp_per_floor":[68,68,68,68,68,73,73,73,73,73,73,73,73,80,80,80,80,80,80,80,80,80,80,80,80,80,80,80],"card_choices":[{"not_picked":["SashWhip","Vengeance"],"picked":"Tantrum","floor":1.0},{"not_picked":["CutThroughFate","Evaluate"],"picked":"BowlingBash","floor":2.0},{"not_picked":["Collect","Weave"],"picked":"Swivel","floor":8},{"not_picked":["JustLucky","BowlingBash","DeceiveReality"],"picked":"Adaptation","floor":10},{"not_picked":["Fasting2","Nirvana","WindmillStrike"],"picked":"FlyingSleeves","floor":11},{"not_picked":["Brilliance","FlyingSleeves","SandsOfTime"],"picked":"Halt","floor":12},{"not_picked":["WheelKick","JustLucky","PathToVictory"],"picked":"TalkToTheHand","floor":13},{"not_picked":["SashWhip","PathToVictory","Prostrate"],"picked":"FlurryOfBlows","floor":14},{"not_picked":["Ragnarok","ConjureBlade","Scrawl"],"picked":"Wish","floor":16},{"not_picked":["CarveReality","CutThroughFate","ForeignInfluence"],"picked":"EmptyFist+1","floor":18},{"not_picked":["ForeignInfluence","SashWhip","Sanctity"],"picked":"Conclude","floor":20},{"not_picked":["EmptyMind","Evaluate","Consecrate+1","ForeignInfluence"],"picked":"SKIP","floor":21},{"not_picked":["Conclude","EmptyFist","Iron Wave+1"],"picked":"Corruption","floor":24}],"player_experience":1860088,"relics_obtained":[{"floor":9,"key":"Question Card"},{"floor":10,"key":"Oddly Smooth Stone"},{"floor":12,"key":"Boot"},{"floor":13,"key":"Pen Nib"},{"floor":14,"key":"Strawberry"},{"floor":24,"key":"Bronze Scales"},{"floor":26,"key":"The Courier"}],"event_choices":[{"damage_healed":0.0,"max_hp_gain":0.0,"max_hp_loss":0.0,"gold_gain":0.0,"event_name":"Living Wall","player_choice":"Grow","floor":4.0,"gold_loss":0.0,"damage_taken":0.0,"cards_upgraded":["Tantrum"]},{"damage_healed":0.0,"max_hp_gain":0.0,"max_hp_loss":0.0,"gold_gain":0.0,"event_name":"Golden Idol","player_choice":"Take Damage","floor":5.0,"gold_loss":0.0,"damage_taken":23.0,"relics_obtained":["Golden Idol"]},{"damage_healed":0.0,"max_hp_gain":5.0,"max_hp_loss":0.0,"gold_gain":0.0,"event_name":"Big Fish","player_choice":"Donut","floor":6.0,"gold_loss":0.0,"damage_taken":0.0},{"damage_healed":0,"gold_gain":0,"player_choice":"Searched \u00271\u0027 times","damage_taken":0,"max_hp_gain":0,"max_hp_loss":0,"event_name":"Dead Adventurer","floor":13,"gold_loss":0},{"damage_healed":0,"gold_gain":0,"player_choice":"Ignored","damage_taken":0,"max_hp_gain":0,"max_hp_loss":0,"event_name":"The Mausoleum","floor":19,"gold_loss":0},{"damage_healed":0,"gold_gain":0,"player_choice":"Rummage","damage_taken":0,"relics_obtained":["WarpedTongs"],"max_hp_gain":0,"max_hp_loss":0,"event_name":"Accursed Blacksmith","floor":25,"gold_loss":0,"cards_obtained":["Pain"]}],"is_beta":false,"boss_relics":[{"not_picked":["Fusion Hammer","Coffee Dripper"],"picked":"Pandora\u0027s Box"}],"items_purged_floors":[3],"is_endless":false,"potions_floor_spawned":[2,11,13,14,18,20],"killed_by":"Snake Plant","ascension_level":20}}