{"host":"31q8uht4v38sth7r","time":1608109429,"event":{"mods":["BaseMod","Colored Map","Downfall","Highlight Path","Minty Spire (QoL Compilation)","Permanent Neow","StSLib"],"gold_per_floor":[99,109,135,60,60,90,136,46,31,58,58,333,633,633,644,741,741,741,741,756,768,768,803,803,845,845,881,913,926,461,491,528,624,624,624,624,650,650,694,361,387,312,331,366,366,366,416,361,392,392],"floor_reached":51,"playtime":3646,"items_purged":["champ:Defend","champ:Defend","champ:Strike"],"score":1013,"play_id":"896de25a-6f53-41c0-baa8-7c05b0634120","local_time":"20201216170349","is_ascension_mode":true,"campfire_choices":[{"floor":1,"key":"RECALL"},{"data":"champ:Taunt","floor":4,"key":"SMITH"},{"data":"1","floor":18,"key":"LIFT"},{"data":"2","floor":22,"key":"LIFT"},{"data":"3","floor":26,"key":"LIFT"},{"data":"champ:SwordThrow","floor":35,"key":"SMITH"},{"data":"champ:BerserkerStyle","floor":38,"key":"SMITH"},{"data":"champ:CalledShot","floor":42,"key":"SMITH"}],"circlet_count":0,"master_deck":["champ:Strike","champ:Defend+1","champ:Defend+1","champ:Execute","champ:Taunt+1","champ:Encircle","champ:EnragedBash","champ:EndlessRage","champ:IgnorePain","champ:CalledShot+1","champ:SwordThrow+1","Slimebound:Icky","champ:AdrenalArmor","champ:VampiricStrike","champ:CrookedStrike","champ:LastStand","champ:Encircle","champ:Improvising","champ:FanOfKnives","champ:FocusedBerserking+1","champ:StanceDance+1","champ:BerserkerStyle+1","champ:RecklessLeap","champ:HeartStrike","champ:DeathBlow","champ:FocusedBerserking+1","champ:FocusedBerserking","champ:BerserkerStyle+1","champ:FightOn","champ:RageSigil","champ:BerserkerStyle","champ:RageSigil"],"relics":["champ:ChampionCrown","Omamori","HornCleat","downfall:HeartBlessingRed","Lantern","Juzu Bracelet","Girya","War Paint","Black Star","CeramicFish","Bag of Preparation","FossilizedHelix","Letter Opener","Prayer Wheel","Oddly Smooth Stone","Happy Flower","Shuriken","Runic Pyramid","Blood Vial","Smiling Mask","Potion Belt","Pocketwatch","downfall:HeartBlessingBlue","TungstenRod","Strawberry","champ:GladiatorsBookOfMartialProwess","champ:DefensiveTrainingManual","Dead Branch","Ice Cream"],"acts_visited":["Exordium","TheCity","TheBeyond"],"potions_floor_usage":[16,23,23],"damage_taken":[{"damage":8,"enemies":"Jaw Worm","floor":2,"turns":6},{"damage":51,"enemies":"Lagavulin","floor":3,"turns":8},{"damage":19,"enemies":"Gremlin Nob","floor":6,"turns":4},{"damage":14,"enemies":"downfall:FleeingMerchant","floor":8,"turns":4},{"damage":17,"enemies":"downfall:FleeingMerchant","floor":9,"turns":4},{"damage":35,"enemies":"3 Sentries","floor":10,"turns":5},{"damage":10,"enemies":"Cultist","floor":15,"turns":3},{"damage":43,"enemies":"downfall:Watcher","floor":16,"turns":6},{"damage":32,"enemies":"3 Byrds","floor":20,"turns":5},{"damage":31,"enemies":"Snecko","floor":21,"turns":5},{"damage":44,"enemies":"Slavers","floor":23,"turns":6},{"damage":64,"enemies":"Book of Stabbing","floor":25,"turns":8},{"damage":32,"enemies":"Gremlin Leader","floor":27,"turns":5},{"damage":12,"enemies":"3 Cultists","floor":28,"turns":5},{"damage":21,"enemies":"Centurion and Healer","floor":29,"turns":3},{"damage":37,"enemies":"downfall:FleeingMerchant","floor":30,"turns":4},{"damage":22,"enemies":"Cultist and Chosen","floor":31,"turns":2},{"damage":22,"enemies":"Snake Plant","floor":32,"turns":2},{"damage":87,"enemies":"downfall:Silent","floor":33,"turns":5},{"damage":75,"enemies":"Giant Head","floor":37,"turns":6},{"damage":69,"enemies":"Reptomancer","floor":39,"turns":3},{"damage":8,"enemies":"3 Shapes","floor":43,"turns":2},{"damage":59,"enemies":"Nemesis","floor":44,"turns":5},{"damage":60,"enemies":"Mind Bloom Boss Battle","floor":47,"turns":4},{"damage":0,"enemies":"downfall:FleeingMerchant","floor":48,"turns":1},{"damage":27,"enemies":"Orb Walker","floor":49,"turns":3},{"damage":63,"enemies":"downfall:Defect","floor":50,"turns":5}],"seed_played":"-6726178934644118396","potions_obtained":[{"floor":2,"key":"DistilledChaos"},{"floor":6,"key":"champ:OpenerPotion"},{"floor":15,"key":"Explosive Potion"},{"floor":25,"key":"Fire Potion"},{"floor":27,"key":"Dexterity Potion"},{"floor":29,"key":"AttackPotion"},{"floor":43,"key":"AttackPotion"},{"floor":49,"key":"champ:CounterPotion"}],"is_trial":false,"path_per_floor":["R","M","E","R","?","E","T","$","$","E","?","?","?","?","M","B",null,"R","?","M","M","R","E","T","E","R","E","M","M","$","M","M","B",null,"R","?","E","R","E","?","T","R","M","E","T","?","?","$","M","B",null],"character_chosen":"THE_CHAMP","items_purchased":["champ:BerserkerStyle","champ:RecklessLeap","Shuriken","Ice Cream","champ:RageSigil"],"campfire_rested":0,"item_purchase_floors":[30,30,30,48,48],"current_hp_per_floor":[90,87,57,57,57,59,59,63,62,43,36,36,36,21,23,18,90,90,90,90,90,90,63,63,60,60,76,90,90,90,90,90,73,90,90,90,90,90,78,101,101,111,111,118,118,118,118,118,118,118],"gold":392,"neow_bonus":"RANDOM_COMMON_RELIC","is_daily":false,"chose_seed":false,"campfire_upgraded":4,"win_rate":0.0,"timestamp":1608109429,"path_taken":["R","M","E","R","?","E","T","$","$","E","?","?","?","?","M","BOSS","R","?","M","M","R","E","T","E","R","E","M","M","$","M","M","BOSS","R","?","E","R","E","?","T","R","M","E","?","?","?","$","M","BOSS"],"items_purchased_type":["Card","Card","Relic","Relic","Card"],"build_version":"2020-12-13","purchased_purges":3,"victory":true,"max_hp_per_floor":[90,90,90,90,90,90,90,90,90,90,90,90,90,90,90,90,90,90,90,90,90,90,90,90,90,90,90,90,90,90,90,90,90,90,90,90,90,90,90,101,101,111,111,118,118,118,118,118,118,118],"card_choices":[{"not_picked":["champ:AdrenalArmor","champ:BladeFlurry"],"picked":"champ:Encircle","floor":2},{"not_picked":["champ:StanceDance","champ:FocusedGladiator"],"picked":"champ:EnragedBash","floor":3},{"not_picked":["champ:CalledShot","champ:CrookedStrike"],"picked":"champ:IgnorePain","floor":6},{"not_picked":["champ:ViciousMockery","champ:GladiatorsShout"],"picked":"champ:CalledShot","floor":8},{"not_picked":["champ:FlashCut","champ:Encircle"],"picked":"champ:SwordThrow","floor":9},{"not_picked":["champ:BladeFlurry","champ:DefensiveShout","champ:ViciousMockery"],"picked":"SKIP","floor":10},{"not_picked":["champ:RageSigil","champ:StanceDance"],"picked":"champ:AdrenalArmor","floor":15},{"not_picked":["champ:Devastate","champ:SwordThrow"],"picked":"champ:VampiricStrike","floor":16},{"not_picked":["champ:BladeFlurry","champ:ShieldSigil"],"picked":"champ:CrookedStrike","floor":20},{"not_picked":["champ:SwordSigil","champ:DefensiveShout","champ:FlashCut+1"],"picked":"SKIP","floor":21},{"not_picked":["champ:Haymaker+1","champ:RapidStrikes"],"picked":"champ:LastStand","floor":23},{"not_picked":["champ:TornadoPunch","champ:PerfectedStrike+1"],"picked":"champ:Encircle","floor":25},{"not_picked":["champ:FanOfKnives","champ:FaceSlap+1"],"picked":"champ:Improvising","floor":27},{"not_picked":["champ:Backstep","champ:StanceDance"],"picked":"champ:FanOfKnives","floor":28},{"not_picked":["champ:RecklessLeap","champ:IronFortress"],"picked":"champ:FocusedBerserking+1","floor":28},{"not_picked":["champ:Haymaker","champ:BladeFlurry+1","champ:SwordSigil"],"picked":"SKIP","floor":29},{"not_picked":["champ:SkillfulDodge","champ:Circumvent","champ:FaceSlap"],"picked":"SKIP","floor":29},{"not_picked":["champ:CrookedStrike","champ:ShieldSigil+1"],"picked":"champ:StanceDance+1","floor":30},{"not_picked":["champ:BladeFlurry","champ:DefensiveShout"],"picked":"champ:HeartStrike","floor":31},{"not_picked":["champ:GladiatorsShout","champ:FlashCut"],"picked":"champ:DeathBlow","floor":31},{"not_picked":["champ:Circumvent","champ:FanOfKnives"],"picked":"champ:ArenaPreparation","floor":32},{"not_picked":["champ:StanceDance+1","champ:Circumvent"],"picked":"champ:FocusedBerserking+1","floor":32},{"not_picked":["champ:PerfectedStrike+1","champ:ShieldSigil+1","champ:BladeFlurry+1"],"picked":"SKIP","floor":37},{"not_picked":["champ:ShieldWall","champ:HeartStrike"],"picked":"champ:FocusedBerserking","floor":39},{"not_picked":["champ:RageSigil","champ:FanOfKnives+1"],"picked":"champ:BerserkerStyle+1","floor":43},{"not_picked":["champ:MurderStrike","champ:FanOfKnives","champ:Circumvent+1"],"picked":"SKIP","floor":43},{"not_picked":["champ:Backstep","champ:Encircle+1"],"picked":"champ:FightOn","floor":44},{"not_picked":["champ:Devastate","champ:FocusedDefense","champ:CrookedStrike+1"],"picked":"SKIP","floor":48},{"not_picked":["champ:HeartStrike","champ:DefensiveShout"],"picked":"champ:BerserkerStyle","floor":49},{"not_picked":["champ:GladiatorsShout+1","champ:FightOn"],"picked":"champ:RageSigil","floor":49}],"player_experience":1035733,"relics_obtained":[{"floor":3,"key":"HornCleat"},{"floor":6,"key":"Lantern"},{"floor":7,"key":"Juzu Bracelet"},{"floor":10,"key":"Girya"},{"floor":23,"key":"CeramicFish"},{"floor":23,"key":"Bag of Preparation"},{"floor":24,"key":"FossilizedHelix"},{"floor":25,"key":"Letter Opener"},{"floor":25,"key":"Prayer Wheel"},{"floor":27,"key":"Oddly Smooth Stone"},{"floor":27,"key":"Happy Flower"},{"floor":37,"key":"Blood Vial"},{"floor":37,"key":"Smiling Mask"},{"floor":39,"key":"Potion Belt"},{"floor":39,"key":"Pocketwatch"},{"floor":44,"key":"TungstenRod"},{"floor":44,"key":"Strawberry"},{"floor":45,"key":"champ:GladiatorsBookOfMartialProwess"},{"floor":46,"key":"champ:DefensiveTrainingManual"},{"floor":47,"key":"Dead Branch"}],"event_choices":[{"damage_healed":0,"gold_gain":0,"cards_transformed":["champ:Strike"],"player_choice":"Transformed","damage_taken":0,"max_hp_gain":0,"max_hp_loss":0,"event_name":"Transmorgrifier","floor":5,"gold_loss":0,"cards_obtained":["champ:EndlessRage"]},{"damage_healed":0,"gold_gain":0,"player_choice":"Success","damage_taken":7,"relics_obtained":["War Paint"],"max_hp_gain":0,"max_hp_loss":0,"event_name":"Scrap Ooze","floor":11,"gold_loss":0},{"cards_removed":["champ:ArenaPreparation"],"damage_healed":0,"gold_gain":0,"player_choice":"Removed Skill","damage_taken":0,"max_hp_gain":0,"max_hp_loss":0,"event_name":"Falling","floor":36,"gold_loss":0}],"is_beta":false,"boss_relics":[{"not_picked":["Pandora\u0027s Box","expansioncontent:StudyCardRelic"],"picked":"Black Star"},{"not_picked":["champ:ChampionCrownUpgraded","Busted Crown"],"picked":"Runic Pyramid"}],"items_purged_floors":[8,30,48],"is_endless":false,"potions_floor_spawned":[2,6,15,25,27,29,31,43,49],"ascension_level":2}}