{"host":"oc5h2hqz0xgb0igf","time":1608129294,"event":{"mods":["AchievementEnabler","BaseMod","Card Forge","Colored Map","Colored Powertips","Minty Spire (QoL Compilation)","Rare Cards Sparkle","StSLib"],"gold_per_floor":[119,137,212,231,231,261,273,283,283,317,332,364,384,384,384,481,481,494,509,509,509,521,551,570,595,595,595,605,620,633,54,54,159,159,172,182,182,198,208,241,241,266,289,324,369,369,165,199,199,199,199,199,81,110,110],"floor_reached":56,"playtime":5147,"items_purged":["Pain","Shame"],"score":1899,"play_id":"4ffb2c92-cd50-413d-bb34-05bab94b4441","local_time":"20201216063454","is_ascension_mode":true,"campfire_choices":[{"data":"Consume","floor":15,"key":"SMITH"},{"data":"Blizzard","floor":27,"key":"SMITH"},{"data":"Seek","floor":32,"key":"SMITH"},{"data":"Blizzard","floor":46,"key":"SMITH"},{"floor":49,"key":"RECALL"},{"data":"Seek","floor":52,"key":"SMITH"}],"circlet_count":0,"master_deck":["Chill+1","Capacitor+1","Blizzard+1","Echo Form+1","Coolheaded+1","Defragment+1","Glacier+1","Capacitor+1","Chill+1","Core Surge+1","Echo Form+1","Coolheaded+1","Defragment+1","Glacier+1","Seek","Core Surge+1","Coolheaded+1","Glacier+1","BootSequence+1","Static Discharge+1","Seek+1","Consume+1","Seek+1","Capacitor+1","Blizzard+1","Echo Form+1"],"relics":["Cracked Core","Hammer of Thor","Seething Fire","Anvil of the Gods","PreservedInsect","The Courier","CaptainsWheel","Calipers","Odd Mushroom","Cursed Key","MutagenicStrength","Thread and Needle","Oddly Smooth Stone","Happy Flower","Bottled Lightning","DollysMirror","HornCleat","Philosopher\u0027s Stone","Potion Belt","Darkstone Periapt","Bag of Marbles","InkBottle","Lizard Tail","Medical Kit","Ginger","Anchor","Pear"],"acts_visited":["Exordium","TheCity","TheBeyond","TheEnding"],"potions_floor_usage":[13,16,22,22,39,50,50,55,55],"damage_taken":[{"damage":0,"enemies":"Small Slimes","floor":1,"turns":3},{"damage":0,"enemies":"Jaw Worm","floor":2,"turns":5},{"damage":0,"enemies":"2 Louse","floor":4,"turns":3},{"damage":0,"enemies":"Lagavulin","floor":6,"turns":8},{"damage":0,"enemies":"Lots of Slimes","floor":7,"turns":5},{"damage":0,"enemies":"Large Slime","floor":8,"turns":7},{"damage":5,"enemies":"Gremlin Nob","floor":10,"turns":8},{"damage":0,"enemies":"Exordium Wildlife","floor":11,"turns":7},{"damage":0,"enemies":"3 Sentries","floor":12,"turns":8},{"damage":0,"enemies":"The Mushroom Lair","floor":13,"turns":4},{"damage":0,"enemies":"Hexaghost","floor":16,"turns":15},{"damage":0,"enemies":"Shell Parasite","floor":18,"turns":7},{"damage":0,"enemies":"Chosen","floor":19,"turns":6},{"damage":0,"enemies":"Snake Plant","floor":22,"turns":5},{"damage":0,"enemies":"Book of Stabbing","floor":23,"turns":9},{"damage":0,"enemies":"Sentry and Sphere","floor":24,"turns":7},{"damage":0,"enemies":"Gremlin Leader","floor":25,"turns":8},{"damage":9,"enemies":"Centurion and Healer","floor":28,"turns":6},{"damage":6,"enemies":"Shelled Parasite and Fungi","floor":29,"turns":11},{"damage":0,"enemies":"Cultist and Chosen","floor":30,"turns":8},{"damage":0,"enemies":"Champ","floor":33,"turns":12},{"damage":0,"enemies":"3 Shapes","floor":35,"turns":6},{"damage":0,"enemies":"3 Darklings","floor":36,"turns":6},{"damage":0,"enemies":"Spire Growth","floor":38,"turns":5},{"damage":14,"enemies":"Transient","floor":39,"turns":5},{"damage":0,"enemies":"Nemesis","floor":40,"turns":7},{"damage":0,"enemies":"Giant Head","floor":42,"turns":7},{"damage":0,"enemies":"Nemesis","floor":44,"turns":17},{"damage":0,"enemies":"2 Orb Walkers","floor":45,"turns":5},{"damage":0,"enemies":"Giant Head","floor":48,"turns":8},{"damage":0,"enemies":"Awakened One","floor":50,"turns":9},{"damage":0,"enemies":"Shield and Spear","floor":54,"turns":6},{"damage":0,"enemies":"The Heart","floor":55,"turns":9}],"seed_played":"-494591057776115315","potions_obtained":[{"floor":1,"key":"PowerPotion"},{"floor":7,"key":"Energy Potion"},{"floor":11,"key":"Energy Potion"},{"floor":13,"key":"FearPotion"},{"floor":19,"key":"SkillPotion"},{"floor":22,"key":"PotionOfCapacity"},{"floor":24,"key":"Strength Potion"},{"floor":25,"key":"BlessingOfTheForge"},{"floor":28,"key":"LiquidBronze"},{"floor":38,"key":"LiquidMemories"},{"floor":42,"key":"Explosive Potion"},{"floor":44,"key":"GamblersBrew"},{"floor":45,"key":"Block Potion"},{"floor":48,"key":"DistilledChaos"}],"is_trial":false,"path_per_floor":["M","M","?","M","?","E","M","M","T","E","M","E","?","$","R","B",null,"M","M","?","?","M","E","M","E","T","R","M","M","M","$","R","B",null,"M","M","$","M","M","E","$","E","T","E","?","R","$","E","R","B",null,"R","$","E","B",null],"character_chosen":"DEFECT","items_purchased":["Bottled Lightning","DollysMirror","HornCleat","Medical Kit","Anchor"],"campfire_rested":0,"item_purchase_floors":[31,31,31,47,53],"current_hp_per_floor":[68,68,57,57,45,45,45,45,45,40,40,40,40,40,40,40,68,68,68,68,68,68,68,68,68,68,68,59,53,53,53,53,53,68,68,68,68,68,54,54,54,54,60,60,60,60,60,60,60,60,74,74,74,84,84],"gold":110,"neow_bonus":"RANDOM_COLORLESS_2","is_daily":false,"chose_seed":false,"campfire_upgraded":5,"win_rate":0.0,"timestamp":1608129294,"path_taken":["M","M","?","M","?","E","?","M","T","E","M","E","?","$","R","BOSS","M","M","?","?","M","E","M","E","T","R","M","M","M","$","R","BOSS","M","M","?","M","M","E","$","E","T","E","?","R","?","E","R","BOSS","R","$","E","BOSS"],"items_purchased_type":["Relic","Relic","Relic","Relic","Relic"],"build_version":"2020-12-13","purchased_purges":2,"victory":true,"max_hp_per_floor":[68,68,68,68,68,68,68,68,68,68,68,68,68,68,68,68,68,68,68,68,68,68,68,68,68,68,68,68,68,68,68,68,68,68,68,68,68,68,68,68,68,68,74,74,74,74,74,74,74,74,74,74,74,84,84],"card_choices":[{"not_picked":["Redo","Beam Cell"],"picked":"Static Discharge","floor":1},{"not_picked":["Sweeping Beam","Compile Driver","Gash"],"picked":"SKIP","floor":2},{"not_picked":["Genetic Algorithm","Cold Snap","Static Discharge"],"picked":"SKIP","floor":4},{"not_picked":["Beam Cell","Lockon"],"picked":"Seek","floor":6},{"not_picked":["Hologram","Undo","Rebound"],"picked":"SKIP","floor":7},{"not_picked":["Streamline","Scrape","Tempest"],"picked":"SKIP","floor":8},{"not_picked":["Buffer","Beam Cell","FTL"],"picked":"SKIP","floor":10},{"not_picked":["Skim","Stack"],"picked":"Consume","floor":11},{"not_picked":["Reinforced Body","Rebound","Fission"],"picked":"SKIP","floor":12},{"not_picked":["Reboot","Biased Cognition"],"picked":"Seek","floor":16},{"not_picked":["Go for the Eyes+1","Sweeping Beam","FTL"],"picked":"SKIP","floor":18},{"not_picked":["Go for the Eyes","Hologram","Steam"],"picked":"SKIP","floor":19},{"not_picked":["Redo","Consume","Heatsinks"],"picked":"SKIP","floor":22},{"not_picked":["Gash","Hologram","Beam Cell"],"picked":"SKIP","floor":23},{"not_picked":["Heatsinks+1","Beam Cell+1","Steam+1"],"picked":"SKIP","floor":24},{"not_picked":["Force Field","Heatsinks","Streamline"],"picked":"SKIP","floor":25},{"not_picked":["Gash","Rip and Tear","Chaos"],"picked":"SKIP","floor":28},{"not_picked":["Cold Snap","Ball Lightning","Reboot"],"picked":"SKIP","floor":29},{"not_picked":["Fusion","Hello World+1","Sweeping Beam"],"picked":"SKIP","floor":30},{"not_picked":["Darkness","Static Discharge"],"picked":"Blizzard","floor":35},{"not_picked":["Hologram+1","Compile Driver","Gash"],"picked":"SKIP","floor":36},{"not_picked":["Ball Lightning","Sunder","Auto Shields"],"picked":"SKIP","floor":38},{"not_picked":["Cold Snap","Barrage+1","Rip and Tear"],"picked":"SKIP","floor":39},{"not_picked":["Double Energy","Turbo","Hologram"],"picked":"SKIP","floor":40},{"not_picked":["Hologram","Coolheaded","Leap+1"],"picked":"SKIP","floor":42},{"not_picked":["Capacitor","Leap","Darkness+1"],"picked":"SKIP","floor":44},{"not_picked":["Aggregate","Reprogram+1"],"picked":"Echo Form","floor":48},{"not_picked":["Coolheaded+1","Skim+1","Sweeping Beam"],"picked":"SKIP","floor":54}],"player_experience":90887,"relics_obtained":[{"floor":6,"key":"The Courier"},{"floor":10,"key":"CaptainsWheel"},{"floor":12,"key":"Calipers"},{"floor":13,"key":"Odd Mushroom"},{"floor":25,"key":"Oddly Smooth Stone"},{"floor":26,"key":"Happy Flower"},{"floor":40,"key":"Potion Belt"},{"floor":42,"key":"Darkstone Periapt"},{"floor":43,"key":"Bag of Marbles"},{"floor":44,"key":"InkBottle"},{"floor":45,"key":"Lizard Tail"},{"floor":48,"key":"Ginger"},{"floor":54,"key":"Pear"}],"event_choices":[{"damage_healed":0,"gold_gain":75,"player_choice":"Gather Gold","damage_taken":11,"max_hp_gain":0,"max_hp_loss":0,"event_name":"World of Goop","floor":3,"gold_loss":0},{"damage_healed":0,"gold_gain":0,"player_choice":"Success","damage_taken":12,"relics_obtained":["PreservedInsect"],"max_hp_gain":0,"max_hp_loss":0,"event_name":"Scrap Ooze","floor":5,"gold_loss":0},{"damage_healed":0,"gold_gain":0,"player_choice":"Fought Mushrooms","damage_taken":0,"max_hp_gain":0,"max_hp_loss":0,"event_name":"Mushrooms","floor":13,"gold_loss":0},{"damage_healed":0,"gold_gain":0,"player_choice":"Inject Mutagens","damage_taken":0,"relics_obtained":["MutagenicStrength"],"max_hp_gain":0,"max_hp_loss":0,"event_name":"Drug Dealer","floor":20,"gold_loss":0},{"damage_healed":0,"gold_gain":0,"player_choice":"Gave Potion","damage_taken":0,"relics_obtained":["Thread and Needle"],"max_hp_gain":0,"max_hp_loss":0,"event_name":"WeMeetAgain","floor":21,"gold_loss":0},{"damage_healed":0,"gold_gain":0,"player_choice":"Fight","damage_taken":0,"max_hp_gain":0,"max_hp_loss":0,"event_name":"Mysterious Sphere","floor":45,"gold_loss":0}],"is_beta":false,"boss_relics":[{"not_picked":["Pandora\u0027s Box","SlaversCollar"],"picked":"Cursed Key"},{"not_picked":["Fusion Hammer","Astrolabe"],"picked":"Philosopher\u0027s Stone"}],"items_purged_floors":[31,47],"is_endless":false,"potions_floor_spawned":[1,7,11,12,13,19,22,24,25,28,38,42,44,45,48],"ascension_level":2}}