{"host":"zv753xhrtese558r","time":1608098991,"event":{"mods":["2.2 Compatiblity","AchievementEnabler","BaseMod","Bestiary","Better Match","Better Note","Better Skull","Better Third Choice","BetterRewards","Colored Map","Colored Powertips","Googly Eyes","Infinite Spire","Minty Spire (QoL Compilation)","Replay The Spire","Spicy Shops","StSLib","The Gatherer"],"gold_per_floor":[113,113,133,98,110,144,161,161,188,188,188,207,207,130,130,235,235,252,23,23,122,35,35,69,69,93,93,93,106,140,153,153,255,305,321,197,218,232,232,238,238],"floor_reached":40,"playtime":1981,"items_purged":[],"score":715,"play_id":"44ef2e14-bea7-4c33-b7af-d1dd6279a9da","local_time":"20201215220951","is_ascension_mode":true,"campfire_choices":[{"floor":8,"key":"REST"},{"floor":13,"key":"REST"},{"data":"Loop","floor":15,"key":"SMITH"},{"data":"Creative AI","floor":23,"key":"SMITH"},{"floor":25,"key":"REST"},{"data":"Thunder Strike","floor":25,"key":"SMITH"},{"floor":28,"key":"REST"},{"data":"Static Discharge","floor":28,"key":"SMITH"},{"floor":32,"key":"REST"},{"data":"Redo","floor":32,"key":"SMITH"}],"circlet_count":0,"master_deck":["Strike_B","Strike_B","Strike_B","Defend_B","Defend_B","Zap","Dualcast","Static Discharge+1","Conserve Battery","Echo Form","Melter","Loop+1","Thunder Strike+1","Redo+1","Self Repair","Coolheaded","Creative AI+1","Storm+1","Ball Lightning+1","Fusion+1","Core Surge+1","White Noise+1","Conserve Battery+1"],"relics":["Cracked Core","Replay:Baseball","Carrot","Strawberry","MealTicket","Centennial Puzzle","Nuclear Battery","infinitespire:Magic Flask","Smiling Mask","infinitespire:Satchel","Bronze Scales","Tiny House","infinitespire:Midas Blood"],"acts_visited":["Exordium","TheCity","TheBeyond"],"potions_floor_usage":[24,31,33,40,40],"damage_taken":[{"damage":7,"enemies":"Jaw Worm","floor":1,"turns":2},{"damage":6,"enemies":"infinitespire:Voidling","floor":3,"turns":3},{"damage":7,"enemies":"2 Louse","floor":5,"turns":2},{"damage":19,"enemies":"Replay:BlueRogue","floor":6,"turns":5},{"damage":4,"enemies":"Looter","floor":7,"turns":2},{"damage":18,"enemies":"Lots of Slimes","floor":12,"turns":3},{"damage":42,"enemies":"The Guardian","floor":16,"turns":7},{"damage":25,"enemies":"Shell Parasite","floor":18,"turns":4},{"damage":36,"enemies":"Slavers","floor":24,"turns":4},{"damage":17,"enemies":"2 Thieves","floor":29,"turns":2},{"damage":28,"enemies":"Book of Stabbing","floor":30,"turns":3},{"damage":6,"enemies":"3 Cultists","floor":31,"turns":3},{"damage":47,"enemies":"Champ","floor":33,"turns":4},{"damage":20,"enemies":"3 Shapes","floor":35,"turns":3},{"damage":7,"enemies":"Orb Walker","floor":37,"turns":3},{"damage":29,"enemies":"Spire Growth","floor":38,"turns":2},{"damage":43,"enemies":"Reptomancer","floor":40,"turns":3}],"seed_played":"5750085504598052482","potions_obtained":[{"floor":1,"key":"SpeedPotion"},{"floor":6,"key":"Venom Potion"},{"floor":16,"key":"Weak Potion"},{"floor":27,"key":"Regen Potion"},{"floor":27,"key":"EssenceOfDarkness"},{"floor":31,"key":"Block Potion"},{"floor":33,"key":"FearPotion"},{"floor":34,"key":"LifebloodPotion"}],"is_trial":false,"path_per_floor":["M","?","M","?","M","E","M","R","T","?","?","M","R","$","R","B",null,"M","$","?","?","$","R","E","R","T","?","R","M","E","M","R","B",null,"M","?","M","M","?","E"],"character_chosen":"DEFECT","items_purchased":["Static Discharge","Replay:Baseball","Carrot","Loop","infinitespire:Magic Flask","Self Repair","Storm+1"],"campfire_rested":5,"item_purchase_floors":[0,0,0,14,19,19,22],"current_hp_per_floor":[52,52,46,64,57,45,41,65,65,58,58,40,64,79,79,37,71,46,61,61,61,76,76,47,71,71,71,82,72,44,61,82,42,77,64,64,64,42,42,0,0],"gold":238,"neow_bonus":"","is_daily":false,"chose_seed":false,"campfire_upgraded":5,"win_rate":0.0,"timestamp":1608098991,"path_taken":["M","?","?","?","M","E","M","R","T","?","?","?","R","$","R","BOSS","M","$","?","?","?","R","E","R","T","?","R","M","E","?","R","BOSS","M","?","M","?","?","E"],"items_purchased_type":["Card","Relic","Relic","Card","Relic","Card","Card"],"build_version":"2020-12-13","purchased_purges":0,"victory":false,"max_hp_per_floor":[75,75,75,75,75,82,82,82,82,82,82,82,82,82,82,82,82,82,82,82,82,82,82,82,82,82,82,82,82,82,82,82,82,87,87,87,87,87,87,87,87],"card_choices":[{"not_picked":["Gash","Leap"],"picked":"Conserve Battery","floor":1},{"not_picked":["Double Energy","Cold Snap","Go for the Eyes"],"picked":"SKIP","floor":3},{"not_picked":["Leap","Capacitor","Barrage"],"picked":"SKIP","floor":5},{"not_picked":["Skim","Doom and Gloom"],"picked":"Echo Form","floor":6},{"not_picked":["Aggregate","Leap"],"picked":"Melter","floor":7},{"not_picked":["Turbo","Go for the Eyes","Conserve Battery"],"picked":"SKIP","floor":12},{"not_picked":["Amplify","Seek"],"picked":"Thunder Strike","floor":16},{"not_picked":["Sweeping Beam","Hello World"],"picked":"Redo","floor":18},{"not_picked":["Machine Learning","Blizzard+1","Capacitor"],"picked":"SKIP","floor":24},{"not_picked":["Glacier+1","Melter"],"picked":"Ball Lightning+1","floor":29},{"not_picked":["Blizzard","Echo Form","Redo"],"picked":"SKIP","floor":30},{"not_picked":["Sweeping Beam","Rebound"],"picked":"Fusion+1","floor":31},{"not_picked":["Meteor Strike","Hyperbeam"],"picked":"Core Surge","floor":33},{"not_picked":["Compile Driver","Hologram+1"],"picked":"White Noise+1","floor":35},{"not_picked":["Loop+1","Coolheaded+1","Lockon"],"picked":"SKIP","floor":37},{"not_picked":["Steam Power","Gash"],"picked":"Conserve Battery+1","floor":38}],"player_experience":434062,"relics_obtained":[{"floor":6,"key":"Strawberry"},{"floor":9,"key":"MealTicket"},{"floor":24,"key":"Smiling Mask"},{"floor":26,"key":"infinitespire:Satchel"},{"floor":30,"key":"Bronze Scales"}],"event_choices":[{"cards_removed":["Defend_B"],"damage_healed":0,"gold_gain":0,"player_choice":"Offered Basic","damage_taken":0,"max_hp_gain":0,"max_hp_loss":0,"event_name":"Bonfire Elementals","floor":2,"gold_loss":0},{"damage_healed":18,"gold_gain":0,"player_choice":"Healed","damage_taken":0,"max_hp_gain":0,"max_hp_loss":0,"event_name":"The Cleric","floor":4,"gold_loss":35},{"damage_healed":0,"gold_gain":0,"player_choice":"Relic ","damage_taken":7,"max_hp_gain":0,"max_hp_loss":0,"event_name":"betterThird:BetterScrap","floor":10,"gold_loss":0,"cards_obtained":["Brilliance"]},{"damage_healed":0,"gold_gain":0,"cards_transformed":["Strike_B"],"player_choice":"Transformed","damage_taken":0,"max_hp_gain":0,"max_hp_loss":0,"event_name":"Transmorgrifier","floor":11,"gold_loss":0,"cards_obtained":["Compile Driver"]},{"damage_healed":0,"gold_gain":0,"cards_transformed":["Compile Driver","Defend_B"],"player_choice":"Became Test Subject","damage_taken":0,"max_hp_gain":0,"max_hp_loss":0,"event_name":"Drug Dealer","floor":20,"gold_loss":0,"cards_obtained":["Coolheaded","Creative AI"]},{"damage_healed":0,"gold_gain":99,"player_choice":"Steal","damage_taken":0,"max_hp_gain":0,"max_hp_loss":0,"event_name":"betterThird:BetterNest","floor":21,"gold_loss":0},{"damage_healed":0,"gold_gain":0,"player_choice":"Got Potions","damage_taken":0,"max_hp_gain":0,"max_hp_loss":0,"event_name":"Lab","floor":27,"gold_loss":0},{"damage_healed":0,"gold_gain":0,"player_choice":"Paid Gold","damage_taken":0,"relics_obtained":["infinitespire:Midas Blood"],"max_hp_gain":0,"max_hp_loss":0,"event_name":"WeMeetAgain","floor":36,"gold_loss":124}],"is_beta":false,"boss_relics":[{"not_picked":["Runic Dome","Replay:Ancient Bell"],"picked":"Nuclear Battery"},{"not_picked":["ChewingGum","Honey Jar"],"picked":"Tiny House"}],"items_purged_floors":[],"is_endless":false,"potions_floor_spawned":[1,6,16,29,31,33,38],"killed_by":"Reptomancer","ascension_level":5}}