{"host":"tthpht10oetb1q7t","time":1608122898,"event":{"mods":["AchievementEnabler","Act Like it!","BaseMod","GifTheSpireLib","Hubris","Infinite Spire","Minty Spire (QoL Compilation)","Permanent Neow","Quick Restart","Replay The Spire","Shade Mod","StSLib","SuperFastMode","The Administrix","The Bladedancer"],"gold_per_floor":[114,129,58,69,88,88,102,102,129,129,129,129,142,152,152,253,253,263,276,26,26,38,38,38],"floor_reached":23,"playtime":701,"items_purged":[],"score":235,"play_id":"a806669b-b67e-4fbe-8ca1-f0948b0c96dc","local_time":"20201216134818","is_ascension_mode":false,"campfire_choices":[{"data":"blademaster:Breeze","floor":6,"key":"SMITH"},{"data":"blademaster:Cut","floor":8,"key":"SMITH"},{"data":"blademaster:AwakeningStrike","floor":10,"key":"SMITH"},{"data":"blademaster:FuriousStrike","floor":12,"key":"SMITH"},{"data":"blademaster:AspectOfLightning","floor":15,"key":"SMITH"}],"circlet_count":0,"master_deck":["blademaster:Havoc+1","blademaster:Strike","blademaster:Strike","blademaster:Strike","blademaster:Strike","blademaster:Defend","blademaster:Defend","blademaster:Defend","blademaster:Defend","blademaster:RagingBlow","blademaster:HighVoltage","blademaster:FuriousStrike+1","blademaster:AwakeningStrike+1","blademaster:Breeze+1","blademaster:Cut+1","blademaster:Flurry","blademaster:AspectOfLightning+1","blademaster:Flash","blademaster:ThunderSlash","blademaster:BloodyBlow"],"relics":["blademaster:DancersAmulet","infinitespire:Lucky Rock","Ring of Chaos","infinitespire:Bottled Soul"],"acts_visited":["Exordium","TheCity"],"potions_floor_usage":[],"damage_taken":[{"damage":0,"enemies":"Cultist","floor":1,"turns":3},{"damage":6,"enemies":"2 Louse","floor":2,"turns":3},{"damage":6,"enemies":"Jaw Worm","floor":4,"turns":2},{"damage":3,"enemies":"Lots of Slimes","floor":5,"turns":4},{"damage":7,"enemies":"Blue Slaver","floor":7,"turns":3},{"damage":1,"enemies":"2 Fungi Beasts","floor":13,"turns":2},{"damage":5,"enemies":"Red Slaver","floor":14,"turns":2},{"damage":0,"enemies":"Slime Boss","floor":16,"turns":3},{"damage":10,"enemies":"Chosen","floor":18,"turns":2},{"damage":0,"enemies":"Spheric Guardian","floor":19,"turns":2},{"damage":42,"enemies":"Snake Plant","floor":22,"turns":4},{"damage":67,"enemies":"Nightmare","floor":23,"turns":5}],"seed_played":"5155801136015447725","potions_obtained":[{"floor":1,"key":"Block Potion"},{"floor":4,"key":"FairyPotion"},{"floor":5,"key":"Weak Potion"},{"floor":14,"key":"SteroidPotion"}],"is_trial":false,"path_per_floor":["M","M","$","M","M","R","M","R","T","R","?","R","M","M","R","B",null,"M","M","$","?","M","NM"],"character_chosen":"THE_BLADEMASTER","items_purchased":["blademaster:Breeze","infinitespire:Bottled Soul"],"campfire_rested":0,"item_purchase_floors":[3,20],"current_hp_per_floor":[75,69,69,63,60,60,53,53,53,53,53,53,52,47,47,47,75,65,65,65,65,23,0,0],"gold":38,"neow_bonus":"THREE_CARDS","is_daily":false,"chose_seed":false,"campfire_upgraded":5,"win_rate":0.0,"timestamp":1608122898,"path_taken":["M","?","$","M","M","R","M","R","T","R","?","R","M","?","R","BOSS","M","M","$","?","?","NM"],"items_purchased_type":["Card","Relic"],"build_version":"2020-12-13","purchased_purges":0,"victory":false,"max_hp_per_floor":[75,75,75,75,75,75,75,75,75,75,75,75,75,75,75,75,75,75,75,75,75,75,75,75],"card_choices":[{"not_picked":["blademaster:Sunder","blademaster:Frontflip"],"picked":"blademaster:FuriousStrike","floor":0},{"not_picked":["blademaster:AspectOfWind","blademaster:AspectOfLightning"],"picked":"blademaster:AwakeningStrike","floor":1},{"not_picked":["blademaster:BloodyBlow","blademaster:OneTrickPony","blademaster:Thrust"],"picked":"SKIP","floor":2},{"not_picked":["blademaster:BloodyBlow","blademaster:RagingBlow"],"picked":"blademaster:Cut","floor":4},{"not_picked":["blademaster:AirSlash","blademaster:Bloodbath","blademaster:IcyWind"],"picked":"SKIP","floor":5},{"not_picked":["blademaster:Discharge","blademaster:DragonStrike","blademaster:SlyStabs"],"picked":"SKIP","floor":7},{"not_picked":["blademaster:Bloodbath","blademaster:IcyWind"],"picked":"blademaster:Flurry","floor":13},{"not_picked":["blademaster:Safeguard","blademaster:BloodyBlow"],"picked":"blademaster:AspectOfLightning","floor":14},{"not_picked":["blademaster:BladeDance","blademaster:RollingTyphoon"],"picked":"blademaster:Flash","floor":16},{"not_picked":["blademaster:Bloodbath","blademaster:DragonStrike"],"picked":"blademaster:ThunderSlash","floor":18},{"not_picked":["blademaster:AspectOfLightning","blademaster:Momentum"],"picked":"blademaster:BloodyBlow","floor":19},{"not_picked":["blademaster:Bloodbath","blademaster:KiBarrier","blademaster:IcyWind"],"picked":"SKIP","floor":22}],"player_experience":75833,"relics_obtained":[],"event_choices":[{"damage_healed":0,"gold_gain":0,"player_choice":"Gave Potion","damage_taken":0,"relics_obtained":["infinitespire:Lucky Rock"],"max_hp_gain":0,"max_hp_loss":0,"event_name":"WeMeetAgain","floor":11,"gold_loss":0},{"damage_healed":0,"gold_gain":0,"player_choice":"Ignored","damage_taken":0,"max_hp_gain":0,"max_hp_loss":0,"event_name":"NoteForYourself","floor":21,"gold_loss":0}],"is_beta":false,"boss_relics":[{"not_picked":["Black Star","hubris:RunicObelisk"],"picked":"Ring of Chaos"}],"items_purged_floors":[],"is_endless":false,"potions_floor_spawned":[1,4,5,14],"killed_by":"Nightmare","ascension_level":0}}