{"host":"79pwvnyrdes6uj7k","time":1608092974,"event":{"mods":["2.2 Compatiblity","Astrologer","BaseMod","Beaked The Cultist","Colored Powertips","Downfall","Exacting","Friendly Minions","HexUI Lib","Highlight Path","Hubris","Mad Scientist","Mimic Mod","Minty Spire (QoL Compilation)","Random Character Button","Replay The Spire","Reworked Bosses","Shop Mod","Somnambulant","StSLib","The Cursed","The Disciple","The Factory","The Judge","The Jungle","The Poker Player","The Runesmith","TheHeartMod"],"gold_per_floor":[99,99,126,126,137,137,137,137,62,88,100,118,118,194,210,315,315,315,343,93,93,127,127,163,178,197,232,283,283,302,313,326,430,430,280,280,309,334,334,334,334,352,368,368,368,382,427,94,106,106,106,141,72,72,72,72],"floor_reached":55,"playtime":5089,"items_purged":[],"score":988,"play_id":"54c096b1-ebaa-48ac-adcb-f8562d7031ce","local_time":"20201215222934","is_ascension_mode":false,"campfire_choices":[{"floor":1,"key":"RECALL"},{"data":"champ:Improvising","floor":9,"key":"SMITH"},{"floor":18,"key":"DIG"},{"data":"champ:PerfectedStrike","floor":21,"key":"SMITH"},{"data":"Massacre","floor":35,"key":"SMITH"},{"data":"Massacre","floor":40,"key":"SMITH"},{"data":"champ:SteelEdge","floor":44,"key":"SMITH"},{"data":"champ:PerfectedStrike","floor":54,"key":"SMITH"}],"circlet_count":0,"master_deck":["champ:Strike","champ:Strike+1","champ:Strike+1","champ:Strike","champ:Defend","champ:Defend","champ:Defend","champ:Defend","champ:Taunt","champ:GladiatorsShout","champ:Improvising+1","champ:Shatter","champ:PerfectedStrike+1","Slimebound:Icky","champ:DefensiveStyle","champ:TornadoPunch","champ:BladeFlurry","champ:FaceSlap","champ:Riposte","champ:MurderStrike+1","champ:PerfectedStrike+1","GremboGang","champ:FanOfKnives+1","champ:CrownThrow","champ:Haymaker","champ:FlashCut","champ:ShieldWall","ReplayTheSpireMod:Splinters","champ:GladiatorStyle+1","champ:SkillfulDodge","Shame","champ:PerfectedStrike","Massacre+1","champ:Circumvent","champ:SteelEdge+1","champ:FocusedBerserking","champ:DefensiveShout","Massacre+1","expansioncontent:DarkVoid","expansioncontent:GoopSpray","expansioncontent:Chronoboost","Inflame","champ:BerserkersShout","champ:ShieldWall+1","champ:FanOfKnives","champ:PerfectedStrike","champ:FlashCut"],"relics":["champ:ChampionCrown","downfall:HeartsMalice","Whetstone","hubris:DisguiseKit","hubris:SphereOfDissonance","downfall:HeartBlessingRed","Smiling Mask","hubris:Towel","Pantograph","SlaversCollar","hubris:PeanutButter","champ:DefensiveTrainingManual","Blood Vial","Mummified Hand","Shuriken","Pen Nib","Potion Belt","Ancient Tea Set","champ:ChampionCrownUpgraded","downfall:HeartBlessingGreen","downfall:HeartBlessingBlue","InkBottle","Bird Faced Urn","Ornamental Fan","Bottled Flame","Boot"],"acts_visited":["Exordium","TheCity","TheBeyond","TheEnding"],"potions_floor_usage":[16,16,16,22,27,30,33,37,50,55,55,55],"damage_taken":[{"damage":0,"enemies":"Jaw Worm","floor":2,"turns":1},{"damage":0,"enemies":"Lagavulin","floor":3,"turns":1},{"damage":0,"enemies":"Small Slimes","floor":4,"turns":1},{"damage":16,"enemies":"Cultist","floor":5,"turns":4},{"damage":31,"enemies":"3 Sentries","floor":10,"turns":7},{"damage":13,"enemies":"2 Fungi Beasts","floor":11,"turns":3},{"damage":7,"enemies":"Blue Slaver","floor":12,"turns":2},{"damage":3,"enemies":"Exordium Wildlife","floor":15,"turns":3},{"damage":19,"enemies":"downfall:Ironclad","floor":16,"turns":5},{"damage":13,"enemies":"Slavers","floor":19,"turns":5},{"damage":0,"enemies":"Book of Stabbing","floor":22,"turns":3},{"damage":4,"enemies":"Spheric Guardian","floor":24,"turns":5},{"damage":17,"enemies":"Spheric Guardian","floor":25,"turns":4},{"damage":5,"enemies":"3 Byrds","floor":26,"turns":4},{"damage":13,"enemies":"Gremlin Leader","floor":27,"turns":4},{"damage":0,"enemies":"3 Cultists","floor":30,"turns":3},{"damage":26,"enemies":"Cultist and Chosen","floor":31,"turns":5},{"damage":0,"enemies":"Snecko","floor":32,"turns":2},{"damage":27,"enemies":"downfall:Watcher","floor":33,"turns":5},{"damage":0,"enemies":"R_Hoarder","floor":37,"turns":1},{"damage":24,"enemies":"3 Darklings","floor":38,"turns":6},{"damage":19,"enemies":"3 Shapes","floor":42,"turns":3},{"damage":0,"enemies":"Writhing Mass","floor":43,"turns":2},{"damage":1,"enemies":"3 Darklings","floor":46,"turns":3},{"damage":0,"enemies":"downfall:FleeingMerchant","floor":47,"turns":4},{"damage":0,"enemies":"Spire Growth","floor":49,"turns":2},{"damage":48,"enemies":"downfall:Silent","floor":50,"turns":5},{"damage":33,"enemies":"downfall:CharBossMerchant","floor":52,"turns":4},{"damage":159,"enemies":"downfall:NeowBoss","floor":55,"turns":18}],"seed_played":"1122004219502092762","potions_obtained":[{"floor":5,"key":"SpeedPotion"},{"floor":10,"key":"BlessingOfTheForge"},{"floor":15,"key":"champ:TechniquePotion"},{"floor":16,"key":"Dexterity Potion"},{"floor":25,"key":"SkillPotion"},{"floor":26,"key":"DuplicationPotion"},{"floor":27,"key":"Cursed Concoction"},{"floor":28,"key":"Regen Potion"},{"floor":30,"key":"Weak Potion"},{"floor":43,"key":"ColorlessPotion"},{"floor":49,"key":"Death Potion"},{"floor":52,"key":"Elixir"}],"is_trial":false,"path_per_floor":["R","M","E","M","M","?","T","?","R","E","M","M","?","T","M","B",null,"R","E","?","R","E","?","MIM","M","M","E","?","?","M","M","M","B",null,"R","?","E","M","?","R","T","M","M","R","?","M","$","?","M","B",null,"E","$","R","B"],"character_chosen":"THE_CHAMP","items_purchased":["Bottled Flame","champ:PerfectedStrike","champ:FlashCut"],"campfire_rested":0,"item_purchase_floors":[47,53,53],"current_hp_per_floor":[90,90,90,90,85,85,85,85,85,54,46,39,39,39,36,42,90,90,77,77,77,77,77,75,60,57,51,51,51,62,41,43,48,90,100,100,100,85,75,75,75,63,69,69,69,75,92,113,113,80,113,90,90,90,0,0],"gold":72,"neow_bonus":"THREE_ENEMY_KILL","is_daily":false,"chose_seed":false,"campfire_upgraded":6,"win_rate":0.0,"timestamp":1608092974,"path_taken":["R","M","E","M","M","?","T","?","R","E","?","M","?","?","M","BOSS","R","E","?","R","E","?","MIM","M","?","E","?","?","M","?","M","BOSS","R","?","E","?","?","R","T","M","M","R","?","M","?","?","M","BOSS","E","$","R","BOSS"],"items_purchased_type":["Relic","Card","Card"],"build_version":"2020-12-13","purchased_purges":0,"victory":false,"max_hp_per_floor":[90,90,90,90,90,90,90,90,90,90,90,90,90,90,90,90,90,90,90,90,90,90,90,90,90,90,90,90,90,90,90,90,90,90,100,100,100,100,100,100,100,100,100,100,100,100,100,113,113,113,113,113,113,113,113,113],"card_choices":[{"not_picked":["champ:StanceDance","champ:Haymaker"],"picked":"champ:GladiatorsShout","floor":2},{"not_picked":["champ:FlashCut","champ:Encircle"],"picked":"champ:Improvising","floor":3},{"not_picked":["champ:HeartStrike","champ:FanOfKnives"],"picked":"champ:Shatter","floor":4},{"not_picked":["champ:FlashCut","champ:PreciseThrust"],"picked":"champ:PerfectedStrike","floor":5},{"not_picked":["champ:CrookedStrike","champ:Circumvent","Clothesline"],"picked":"champ:DefensiveStyle","floor":10},{"not_picked":["champ:PerfectedStrike","champ:DefensiveShout","Pommel Strike"],"picked":"champ:TornadoPunch","floor":11},{"not_picked":["champ:Lariat","champ:ArenaPreparation","True Grit"],"picked":"champ:BladeFlurry","floor":12},{"not_picked":["champ:CheapShot","champ:SkillfulDodge","Flame Barrier"],"picked":"champ:FaceSlap","floor":15},{"not_picked":["champ:GladiatorsShout","champ:FalseCounter","Run Through"],"picked":"champ:Riposte","floor":15},{"not_picked":["champ:CrownThrow","champ:HoldFirm","Barricade"],"picked":"champ:MurderStrike","floor":16},{"not_picked":["champ:FightOn","champ:EnragedBash","ReplayTheSpireMod:Stacked"],"picked":"champ:PerfectedStrike","floor":19},{"not_picked":["champ:BringItOn+1","champ:GladiatorsShout","Clash"],"picked":"champ:FanOfKnives+1","floor":22},{"not_picked":["champ:Encircle","champ:HeartStrike+1","Warcry"],"picked":"champ:CrownThrow","floor":24},{"not_picked":["champ:CrookedStrike","champ:Circumvent","Warcry"],"picked":"champ:Haymaker","floor":25},{"not_picked":["champ:Haymaker","champ:ShieldWall+1","Dropkick"],"picked":"champ:FlashCut","floor":26},{"not_picked":["champ:RecklessLeap+1","champ:FanOfKnives+1","Headbutt"],"picked":"champ:ShieldWall","floor":27},{"not_picked":["champ:DefensiveStyle+1","champ:EndlessRage","ReplayReversal"],"picked":"champ:GladiatorStyle+1","floor":28},{"not_picked":["champ:FocusedDefense","champ:GladiatorsShout","Intimidate"],"picked":"champ:SkillfulDodge","floor":28},{"not_picked":["champ:Circumvent","champ:CrookedStrike","hubris:CleavingFinish"],"picked":"champ:PerfectedStrike","floor":30},{"not_picked":["champ:StanceDance","champ:CalledShot+1","champ:TornadoPunch+1"],"picked":"Massacre","floor":31},{"not_picked":["champ:GladiatorsShout","champ:StanceDance+1","Second Wind"],"picked":"champ:Circumvent","floor":32},{"not_picked":["champ:ShieldThrow","champ:HoldFirm","Demonic Infusion"],"picked":"champ:SteelEdge","floor":33},{"not_picked":["champ:BerserkersShout+1","champ:BladeFlurry+1","Rampage"],"picked":"champ:DefensiveShout","floor":37},{"not_picked":["champ:Lariat","champ:FaceSlap","champ:AdrenalArmor"],"picked":"Massacre","floor":38},{"not_picked":["expansioncontent:DonusPower","expansioncontent:SuperHexaguard"],"picked":"expansioncontent:DarkVoid","floor":39},{"not_picked":["expansioncontent:FaceSlap","expansioncontent:SuperHexaguard"],"picked":"expansioncontent:GoopSpray","floor":39},{"not_picked":["expansioncontent:Flail","expansioncontent:ManipulateTime"],"picked":"expansioncontent:Chronoboost","floor":39},{"not_picked":["champ:Haymaker+1","champ:TornadoPunch+1","champ:CrownThrow","Cleave"],"picked":"SKIP","floor":42},{"not_picked":["champ:FalseCounter+1","champ:AdrenalArmor","champ:VampiricStrike"],"picked":"Inflame","floor":43},{"not_picked":["champ:FanOfKnives+1","champ:Circumvent","Flex"],"picked":"champ:BerserkersShout","floor":46},{"not_picked":["champ:HeartStrike","champ:Circumvent","champ:LastStand","Sword Boomerang"],"picked":"SKIP","floor":47},{"not_picked":["champ:Encircle","champ:GladiatorsShout","Sentinel"],"picked":"champ:ShieldWall+1","floor":49},{"not_picked":["champ:IgnorePain","champ:FocusedGladiator+1","Sword Boomerang"],"picked":"champ:FanOfKnives","floor":52}],"player_experience":292216,"relics_obtained":[{"floor":3,"key":"Whetstone"},{"floor":7,"key":"hubris:SphereOfDissonance"},{"floor":10,"key":"Smiling Mask"},{"floor":14,"key":"Pantograph"},{"floor":18,"key":"hubris:PeanutButter"},{"floor":19,"key":"champ:DefensiveTrainingManual"},{"floor":22,"key":"Blood Vial"},{"floor":24,"key":"Mummified Hand"},{"floor":24,"key":"Shuriken"},{"floor":27,"key":"Pen Nib"},{"floor":28,"key":"Potion Belt"},{"floor":37,"key":"InkBottle"},{"floor":41,"key":"Bird Faced Urn"},{"floor":45,"key":"Ornamental Fan"},{"floor":52,"key":"Boot"}],"event_choices":[{"damage_healed":0,"gold_gain":0,"player_choice":"Ignored","damage_taken":0,"max_hp_gain":0,"max_hp_loss":0,"event_name":"NoteForYourself","floor":8,"gold_loss":0},{"damage_healed":0,"gold_gain":0,"player_choice":"Stole Relic","damage_taken":0,"relics_obtained":["Ancient Tea Set"],"max_hp_gain":0,"max_hp_loss":0,"event_name":"Addict","floor":29,"gold_loss":0,"cards_obtained":["Shame"]},{"damage_healed":0,"gold_gain":0,"cards_transformed":["champ:Execute"],"player_choice":"Transformed","damage_taken":0,"max_hp_gain":0,"max_hp_loss":0,"event_name":"Transmorgrifier","floor":36,"gold_loss":0,"cards_obtained":["champ:FocusedBerserking"]}],"is_beta":false,"boss_relics":[{"not_picked":["Runesmith:UraniumAnvil","hubris:BlackHole"],"picked":"SlaversCollar"},{"not_picked":["Cursed Key","hubris:VirtuousBlindfold"],"picked":"champ:ChampionCrownUpgraded"}],"items_purged_floors":[],"is_endless":false,"potions_floor_spawned":[5,10,15,16,25,26,27,30,43,49,52],"killed_by":"downfall:NeowBoss","ascension_level":0}}