{"host":"vdpaduzlq0qlaikq","time":1608159919,"event":{"mods":["AchievementEnabler","BaseMod","Better Third Choice","BetterRewards","Colored Map","Downfall","Gold Saver","Hermit","Jorbs\u0027s Wanderer Trilogy","Minty Spire (QoL Compilation)","Relic Filter","Spicy Shops","StSLib","The Necromancer"],"gold_per_floor":[1141,1141,1169,1269,1369,566,593,620,642,687,684,716,748,778,805,920,932,794,806,582,595,520,538,538,563,581,625,107,131,146,146,162,267,267,267,12,24,55,78,78,105,105,180,180,180,192,208,221,232,232,232,265,49,49,49],"floor_reached":56,"playtime":38475,"items_purged":["stsjorbsmod:Strike_Wanderer","stsjorbsmod:Defend_Wanderer"],"score":1360,"play_id":"fd30a476-6694-45a1-b587-232d54891760","local_time":"20201216210519","is_ascension_mode":false,"campfire_choices":[{"data":"stsjorbsmod:FreshAdventure","floor":1.0,"key":"SMITH"},{"floor":18.0,"key":"RECALL"},{"data":"stsjorbsmod:Message","floor":22,"key":"SMITH"},{"data":"stsjorbsmod:MirrorImage","floor":35,"key":"SMITH"},{"data":"Pain","floor":40,"key":"PURGE"},{"data":"stsjorbsmod:MageArmor","floor":42,"key":"SMITH"},{"data":"stsjorbsmod:Stalwart","floor":44,"key":"SMITH"},{"data":"stsjorbsmod:ChatteringStrike","floor":54,"key":"SMITH"}],"circlet_count":0,"master_deck":["stsjorbsmod:ForbiddenGrimoire+1","stsjorbsmod:Strike_Wanderer","stsjorbsmod:Strike_Wanderer","stsjorbsmod:Defend_Wanderer","stsjorbsmod:Defend_Wanderer","stsjorbsmod:Defend_Wanderer+1","stsjorbsmod:FreshAdventure+1","stsjorbsmod:EyeOfTheStorm","stsjorbsmod:TollTheDead","stsjorbsmod:Patron","stsjorbsmod:FindFamiliar","stsjorbsmod:Stalwart+1","stsjorbsmod:Prestidigitation","stsjorbsmod:Feast+1","stsjorbsmod:ArcaneWeapon","stsjorbsmod:MageArmor+1","stsjorbsmod:FracturedMind","stsjorbsmod:MirrorImage+1","stsjorbsmod:FranticSearch","stsjorbsmod:Message+1","stsjorbsmod:ColorSpray","stsjorbsmod:ArcaneWeapon+1","stsjorbsmod:Hibernate+1","stsjorbsmod:Mending","stsjorbsmod:BurningFlask+1","stsjorbsmod:HoldMonster","stsjorbsmod:TinyHut+1","stsjorbsmod:FindFamiliar+1","stsjorbsmod:TrueStrike+1","stsjorbsmod:Banish","stsjorbsmod:ArcaneWeapon+1","stsjorbsmod:ChatteringStrike+1"],"relics":["stsjorbsmod:GrimoireRelic","downfall:HeartsMalice","HornCleat","White Beast Statue","Singing Bowl","Eternal Feather","MawBank","Tiny Chest","Empty Cage","downfall:HeartBlessingGreen","downfall:HeartBlessingBlue","stsjorbsmod:BottledMemoryRelic","downfall:HeartBlessingRed","Blue Candle","Dream Catcher","Turnip","Bottled Tornado","stsjorbsmod:MindGlassRelic","War Paint","WarpedTongs","Philosopher\u0027s Stone","Bottled Lightning","Bag of Marbles","Peace Pipe","stsjorbsmod:MindPalaceRelic","FossilizedHelix","Incense Burner","Thread and Needle"],"acts_visited":["Exordium","TheCity","TheBeyond","TheEnding"],"potions_floor_usage":[21,25,25,26,27,28,32,33,38,50,55,55,55,55],"damage_taken":[{"damage":0.0,"enemies":"Small Slimes","floor":2.0,"turns":1.0},{"damage":0.0,"enemies":"Gremlin Nob","floor":3.0,"turns":1.0},{"damage":0.0,"enemies":"downfall:LadyInBlue","floor":5.0,"turns":1.0},{"damage":0.0,"enemies":"downfall:FleeingMerchant","floor":6.0,"turns":4.0},{"damage":1.0,"enemies":"Lagavulin","floor":8.0,"turns":6.0},{"damage":10.0,"enemies":"2 Louse","floor":9.0,"turns":7.0},{"damage":15.0,"enemies":"Gremlin Nob","floor":10.0,"turns":5.0},{"damage":0.0,"enemies":"downfall:FleeingMerchant","floor":11.0,"turns":4.0},{"damage":0.0,"enemies":"Cultist","floor":12.0,"turns":3.0},{"damage":12.0,"enemies":"2 Fungi Beasts","floor":13.0,"turns":3.0},{"damage":17.0,"enemies":"Gremlin Gang","floor":14.0,"turns":4.0},{"damage":6.0,"enemies":"3 Louse","floor":15.0,"turns":2.0},{"damage":36.0,"enemies":"downfall:Silent","floor":16.0,"turns":8.0},{"damage":0,"enemies":"downfall:FleeingMerchant","floor":20,"turns":4},{"damage":4,"enemies":"3 Byrds","floor":21,"turns":7},{"damage":33,"enemies":"Cultist and Chosen","floor":23,"turns":7},{"damage":26,"enemies":"Slavers","floor":25,"turns":7},{"damage":0,"enemies":"3 Cultists","floor":26,"turns":5},{"damage":4,"enemies":"Book of Stabbing","floor":27,"turns":7},{"damage":0,"enemies":"downfall:FleeingMerchant","floor":28,"turns":5},{"damage":0,"enemies":"Snake Plant","floor":30,"turns":4},{"damage":50,"enemies":"Cultist and Chosen","floor":32,"turns":7},{"damage":25,"enemies":"downfall:Ironclad","floor":33,"turns":8},{"damage":2,"enemies":"downfall:FleeingMerchant","floor":36,"turns":4},{"damage":5,"enemies":"Orb Walker","floor":37,"turns":5},{"damage":24,"enemies":"Reptomancer","floor":38,"turns":7},{"damage":4,"enemies":"downfall:FleeingMerchant","floor":43,"turns":3},{"damage":0,"enemies":"3 Shapes","floor":46,"turns":3},{"damage":0,"enemies":"Sphere and 2 Shapes","floor":47,"turns":3},{"damage":0,"enemies":"Spire Growth","floor":48,"turns":5},{"damage":1,"enemies":"Jaw Worm Horde","floor":49,"turns":4},{"damage":59,"enemies":"downfall:Defect","floor":50,"turns":10},{"damage":171,"enemies":"downfall:CharBossMerchant","floor":52,"turns":14},{"damage":6,"enemies":"downfall:NeowBoss","floor":55,"turns":23}],"seed_played":"3182901092599972141","potions_obtained":[{"floor":3.0,"key":"ColorlessPotion"},{"floor":5.0,"key":"Guardian:BlockOnCardUsePotion"},{"floor":5.0,"key":"Block Potion"},{"floor":8.0,"key":"PowerPotion"},{"floor":9.0,"key":"Weak Potion"},{"floor":10.0,"key":"champ:CounterPotion"},{"floor":11.0,"key":"BlessingOfTheForge"},{"floor":14.0,"key":"Explosive Potion"},{"floor":15.0,"key":"SpeedPotion"},{"floor":16.0,"key":"SneckoOil"},{"floor":20,"key":"hexamod:EctoCoolerPotion"},{"floor":21,"key":"sneckomod:MuddlingPotion"},{"floor":23,"key":"Dexterity Potion"},{"floor":25,"key":"DuplicationPotion"},{"floor":26,"key":"Weak Potion"},{"floor":27,"key":"SkillPotion"},{"floor":28,"key":"PowerPotion"},{"floor":30,"key":"BlessingOfTheForge"},{"floor":32,"key":"Dexterity Potion"},{"floor":33,"key":"SkillPotion"},{"floor":36,"key":"FairyPotion"},{"floor":38,"key":"stsjorbsmod:LiquidClarity"},{"floor":43,"key":"SmokeBomb"},{"floor":48,"key":"PowerPotion"},{"floor":52,"key":"GamblersBrew"}],"is_trial":false,"path_per_floor":["R","M","E","?","?","$","T","E","M","E","$","M","M","M","M","B",null,"R","?","$","M","R","M","T","E","M","E","$","T","M","?","M","B",null,"R","$","M","E","T","R","T","R","$","R","T","M","M","M","M","B",null,"E","$","R","B",null],"character_chosen":"WANDERER","items_purchased":["Singing Bowl","Eternal Feather","stsjorbsmod:WanderingMind","stsjorbsmod:Prestidigitation","stsjorbsmod:Message","stsjorbsmod:BottledMemoryRelic","Bottled Tornado","stsjorbsmod:MindGlassRelic","Bottled Lightning","FossilizedHelix","Strength Potion","stsjorbsmod:ChatteringStrike","AttackPotion"],"campfire_rested":0,"item_purchase_floors":[6,6,6,6,20,20,28,28,36,43,53,53,53],"current_hp_per_floor":[68,68,68,68,68,68,68,68,62,51,54,57,49,44,45,9,98,108,108,108,111,114,90,90,69,74,78,79,79,81,81,39,14,130,130,131,127,123,123,134,134,134,132,134,134,138,140,144,146,87,146,43,43,61,59],"gold":49,"neow_bonus":"THREE_ENEMY_KILL","is_daily":false,"chose_seed":false,"campfire_upgraded":6,"win_rate":0.0,"timestamp":1608159919,"path_taken":["R","M","E","?","?","$","T","E","M","E","$","M","?","M","M","BOSS","R","?","$","?","R","M","T","E","M","E","$","?","?","?","M","BOSS","R","$","M","E","?","R","T","R","$","R","?","M","M","?","M","BOSS","E","$","R","BOSS"],"items_purchased_type":["Relic","Relic","Card","Card","Card","Relic","Relic","Relic","Relic","Relic","Potion","Card","Potion"],"build_version":"2020-12-13","purchased_purges":2,"victory":true,"max_hp_per_floor":[68,68,68,68,68,68,68,68,72,74,76,78,82,92,98,98,98,108,108,108,114,114,118,118,120,124,128,128,128,128,128,130,130,130,130,132,132,134,134,134,134,134,134,134,134,138,140,144,146,146,146,146,146,146,146],"card_choices":[{"not_picked":["stsjorbsmod:WeightOfMemory","stsjorbsmod:FaerieFire"],"picked":"stsjorbsmod:TollTheDead","floor":2.0},{"not_picked":["stsjorbsmod:Hurt","stsjorbsmod:OldPocket"],"picked":"stsjorbsmod:Patron","floor":3.0},{"not_picked":["stsjorbsmod:MagicMirror","stsjorbsmod:Materialize"],"picked":"stsjorbsmod:FindFamiliar","floor":5.0},{"not_picked":["stsjorbsmod:Mania","stsjorbsmod:MagicMissiles"],"picked":"stsjorbsmod:Stalwart","floor":6.0},{"not_picked":["stsjorbsmod:BurningFlask","stsjorbsmod:Prepare"],"picked":"stsjorbsmod:Feast","floor":8.0},{"not_picked":["stsjorbsmod:RayOfFrost","stsjorbsmod:Firebolt","stsjorbsmod:UnseenServant"],"picked":"Singing Bowl","floor":9.0},{"not_picked":["stsjorbsmod:Channel","stsjorbsmod:MistyStep"],"picked":"stsjorbsmod:ArcaneWeapon","floor":10.0},{"not_picked":["stsjorbsmod:ThirstingSword","stsjorbsmod:ChatteringStrike","stsjorbsmod:UnseenServant"],"picked":"Singing Bowl","floor":11.0},{"not_picked":["stsjorbsmod:Rest","stsjorbsmod:WeightOfMemory","stsjorbsmod:TrueStrike"],"picked":"Singing Bowl","floor":12.0},{"not_picked":["stsjorbsmod:Firebolt","stsjorbsmod:Rest"],"picked":"stsjorbsmod:MageArmor","floor":13.0},{"not_picked":["stsjorbsmod:Prepare","stsjorbsmod:GatherPower","stsjorbsmod:UnseenServant"],"picked":"Singing Bowl","floor":14.0},{"not_picked":["stsjorbsmod:WeightOfMemory","stsjorbsmod:DoubleCheck"],"picked":"stsjorbsmod:FracturedMind","floor":15.0},{"not_picked":["stsjorbsmod:GatherPower","stsjorbsmod:Pyromancy"],"picked":"stsjorbsmod:MirrorImage","floor":16.0},{"not_picked":["stsjorbsmod:Firebolt","stsjorbsmod:Hurt+1"],"picked":"stsjorbsmod:FranticSearch","floor":20},{"not_picked":["stsjorbsmod:ChainLightning","stsjorbsmod:FlameWard","stsjorbsmod:UnseenServant+1"],"picked":"Singing Bowl","floor":21},{"not_picked":["stsjorbsmod:BookOfTongues","stsjorbsmod:Firebolt"],"picked":"stsjorbsmod:ColorSpray","floor":23},{"not_picked":["stsjorbsmod:Stalwart","stsjorbsmod:FracturedMind","stsjorbsmod:Inferno"],"picked":"Singing Bowl","floor":25},{"not_picked":["stsjorbsmod:MagicMissiles","stsjorbsmod:TollTheDead+1"],"picked":"stsjorbsmod:ArcaneWeapon+1","floor":26},{"not_picked":["stsjorbsmod:WeightOfMemory","stsjorbsmod:ArcaneWeapon","stsjorbsmod:DisguiseSelf"],"picked":"Singing Bowl","floor":27},{"not_picked":["stsjorbsmod:Will","stsjorbsmod:LocateObject"],"picked":"stsjorbsmod:Hibernate+1","floor":28},{"not_picked":["stsjorbsmod:WanderingMind","stsjorbsmod:MageArmor"],"picked":"stsjorbsmod:Mending","floor":30},{"not_picked":["stsjorbsmod:ChatteringStrike","stsjorbsmod:UnseenServant"],"picked":"stsjorbsmod:BurningFlask+1","floor":32},{"not_picked":["stsjorbsmod:IvoryTower","stsjorbsmod:Determination"],"picked":"stsjorbsmod:HoldMonster","floor":33},{"not_picked":["stsjorbsmod:LocateObject+1","stsjorbsmod:FracturedMind","stsjorbsmod:Hurt"],"picked":"Singing Bowl","floor":36},{"not_picked":["stsjorbsmod:ChatteringStrike","stsjorbsmod:Firebolt"],"picked":"stsjorbsmod:TinyHut+1","floor":37},{"not_picked":["stsjorbsmod:Hibernate","stsjorbsmod:MagicMirror+1"],"picked":"stsjorbsmod:FindFamiliar+1","floor":38},{"not_picked":["stsjorbsmod:FranticSearch","stsjorbsmod:Hibernate+1"],"picked":"stsjorbsmod:TrueStrike+1","floor":43},{"not_picked":["stsjorbsmod:FindFamiliar","stsjorbsmod:Message+1"],"picked":"stsjorbsmod:Banish","floor":46},{"not_picked":["stsjorbsmod:Materialize","stsjorbsmod:Thorns","stsjorbsmod:Hibernate"],"picked":"Singing Bowl","floor":47},{"not_picked":["stsjorbsmod:Prepare","stsjorbsmod:Mending+1","stsjorbsmod:ChainLightning+1"],"picked":"Singing Bowl","floor":48},{"not_picked":["stsjorbsmod:Mending","stsjorbsmod:RayOfFrost","stsjorbsmod:Firebolt+1"],"picked":"Singing Bowl","floor":49},{"not_picked":["stsjorbsmod:ParryingBlow+1","stsjorbsmod:DeathThroes"],"picked":"stsjorbsmod:ArcaneWeapon+1","floor":52}],"player_experience":539123,"relics_obtained":[{"floor":3.0,"key":"HornCleat"},{"floor":5.0,"key":"White Beast Statue"},{"floor":8.0,"key":"MawBank"},{"floor":10.0,"key":"Tiny Chest"},{"floor":24,"key":"Blue Candle"},{"floor":25,"key":"Dream Catcher"},{"floor":27,"key":"Turnip"},{"floor":29,"key":"War Paint"},{"floor":38,"key":"Bag of Marbles"},{"floor":39,"key":"Peace Pipe"},{"floor":41,"key":"stsjorbsmod:MindPalaceRelic"},{"floor":45,"key":"Incense Burner"},{"floor":52,"key":"Thread and Needle"}],"event_choices":[{"damage_healed":0,"gold_gain":0,"player_choice":"Ignored","damage_taken":0,"max_hp_gain":0,"max_hp_loss":0,"event_name":"Transmorgrifier","floor":19,"gold_loss":0},{"damage_healed":0,"gold_gain":0,"player_choice":"Rummage","damage_taken":0,"relics_obtained":["WarpedTongs"],"max_hp_gain":0,"max_hp_loss":0,"event_name":"Accursed Blacksmith","floor":31,"gold_loss":0,"cards_obtained":["Pain"]}],"is_beta":false,"boss_relics":[{"not_picked":["Calling Bell","Snecko Eye"],"picked":"Empty Cage"},{"not_picked":["Black Star","Tiny House"],"picked":"Philosopher\u0027s Stone"}],"items_purged_floors":[6,6],"is_endless":false,"potions_floor_spawned":[3,6,8,9,10,11,12,13,14,15,16,20,21,23,25,26,27,28,30,32,33,36,37,38,43,46,47,48,49,52],"ascension_level":0}}