{"host":"jcc708ahli6wuwir","time":1608084935,"event":{"mods":["AchievementEnabler","BaseMod","Better Altar","Better Match","Better Note","Better Sensory Stone","Better Skull","Better Third Choice","Better Vampires","BetterRewards","Block Reminder","Colored Map","Colored Powertips","Curses Come First","Displayed Cursed Tome","Highlight Path","Hubris","Keyboard Shortcuts","Minty Spire (QoL Compilation)","Rare Cards Sparkle","Relic Stats","Shop Mod","StSLib"],"gold_per_floor":[109,109,109,121,139,165,165,185,211,230,230,240,240,250,250,355,355,372,372,372,388,388,388],"floor_reached":22,"playtime":1125,"items_purged":[],"score":288,"play_id":"adc78357-d4fc-471b-b4cb-e6bf67cb09ef","local_time":"20201216031535","is_ascension_mode":false,"campfire_choices":[{"floor":11,"key":"REST"},{"floor":15,"key":"REST"}],"circlet_count":0,"master_deck":["Strike_G","Strike_G","Strike_G","Strike_G","Defend_G","Defend_G","Defend_G","Defend_G","Defend_G","Survivor","Neutralize","Noxious Fumes","Poisoned Stab","Finisher","Backstab","Well Laid Plans","CutThroughFate","Wireheading","Deadly Poison","Poisoned Stab","Wish","CurseOfTheBell","FollowUp","Crippling Poison+1","Deadly Poison+1"],"relics":["Ring of the Snake","hubris:DisguiseKit","TwistedFunnel","Ornamental Fan","CultistMask","Strawberry","Calling Bell","betterAltar:BloodRelic","hubris:Reverence","Dead Branch"],"acts_visited":["Exordium","TheCity"],"potions_floor_usage":[10,14,16,16],"damage_taken":[{"damage":2,"enemies":"Small Slimes","floor":1,"turns":3},{"damage":5,"enemies":"2 Louse","floor":4,"turns":2},{"damage":6,"enemies":"Cultist","floor":5,"turns":3},{"damage":29,"enemies":"Lagavulin","floor":6,"turns":6},{"damage":0,"enemies":"Looter","floor":8,"turns":2},{"damage":0,"enemies":"Gremlin Gang","floor":10,"turns":2},{"damage":0,"enemies":"Blue Slaver","floor":12,"turns":2},{"damage":4,"enemies":"Red Slaver","floor":14,"turns":2},{"damage":40,"enemies":"Hexaghost","floor":16,"turns":6},{"damage":25,"enemies":"Shell Parasite","floor":18,"turns":5},{"damage":34,"enemies":"2 Thieves","floor":21,"turns":4},{"damage":24,"enemies":"hubris:Merchant","floor":22,"turns":3}],"seed_played":"1992085087606618714","potions_obtained":[{"floor":1,"key":"GhostInAJar"},{"floor":5,"key":"CunningPotion"},{"floor":8,"key":"Strength Potion"},{"floor":12,"key":"Poison Potion"},{"floor":14,"key":"CultistPotion"},{"floor":18,"key":"Swift Potion"}],"is_trial":false,"path_per_floor":["M","?","?","M","M","E","?","M","T","M","R","M","?","M","R","B",null,"M","?","?","M","$"],"character_chosen":"THE_SILENT","items_purchased":["hubris:DisguiseKit","TwistedFunnel","Noxious Fumes"],"campfire_rested":2,"item_purchase_floors":[0,0,0],"current_hp_per_floor":[61,61,61,56,50,21,21,21,28,28,51,51,44,40,63,23,77,52,52,48,19,0,0],"gold":388,"neow_bonus":"","is_daily":false,"chose_seed":false,"campfire_upgraded":0,"win_rate":0.0,"timestamp":1608084935,"path_taken":["M","?","?","?","M","E","?","M","T","M","R","?","?","M","R","BOSS","M","?","?","M","$"],"items_purchased_type":["Relic","Relic","Card"],"build_version":"2020-12-13","purchased_purges":0,"victory":false,"max_hp_per_floor":[70,70,70,70,70,70,70,70,77,77,77,77,77,77,77,77,77,77,77,77,77,77,77],"relic_stats":{"counters":[35,121],"Ornamental Fan":[52],"Dead Branch":[7],"obtain_stats":[{"Ice Cream":47,"TwistedFunnel":0,"Lantern":6,"Singing Bowl":5,"Nilry\u0027s Codex":24,"Vajra":6,"Bag of Preparation":13,"Boot":13,"Blood Vial":9,"Shovel":47,"Strawberry":9,"Kunai":26,"Chemical X":37,"Ring of the Snake":0,"hubris:DisguiseKit":0,"betterAltar:BloodRelic":20,"Astrolabe":17,"Dead Branch":17,"Question Card":43,"Mercury Hourglass":2,"Calling Bell":17,"Busted Crown":34,"Ornamental Fan":6,"Bronze Scales":8,"CultistMask":7,"Black Star":0,"hubris:Reverence":17},{"Ice Cream":22,"TwistedFunnel":23,"Lantern":3,"Singing Bowl":2,"Nilry\u0027s Codex":10,"Vajra":3,"Bag of Preparation":6,"Boot":6,"Blood Vial":3,"Shovel":22,"Strawberry":28,"Kunai":11,"Chemical X":17,"Ring of the Snake":0,"hubris:DisguiseKit":23,"betterAltar:BloodRelic":33,"Astrolabe":8,"Dead Branch":32,"Question Card":20,"Mercury Hourglass":1,"Calling Bell":32,"Busted Crown":15,"Ornamental Fan":27,"Bronze Scales":3,"CultistMask":27,"Black Star":0,"hubris:Reverence":32},{"Ice Cream":75,"TwistedFunnel":81,"Lantern":14,"Singing Bowl":6,"Nilry\u0027s Codex":37,"Vajra":14,"Bag of Preparation":22,"Boot":22,"Blood Vial":14,"Shovel":75,"Strawberry":97,"Kunai":38,"Chemical X":60,"Ring of the Snake":0,"hubris:DisguiseKit":81,"betterAltar:BloodRelic":114,"Astrolabe":33,"Dead Branch":109,"Question Card":68,"Mercury Hourglass":4,"Calling Bell":109,"Busted Crown":54,"Ornamental Fan":95,"Bronze Scales":14,"CultistMask":95,"Black Star":0,"hubris:Reverence":109}],"Ring of the Snake":[24]},"card_choices":[{"not_picked":["Tactician","Backflip","PiercingWail","EmptyBody"],"picked":"SKIP","floor":1},{"not_picked":["Bouncing Flask","Reflex","Halt"],"picked":"Finisher","floor":4},{"not_picked":["Endless Agony","Acrobatics","CutThroughFate"],"picked":"Backstab","floor":5},{"not_picked":["Backflip","Die Die Die","ConjureBlade"],"picked":"Well Laid Plans","floor":6},{"not_picked":["Endless Agony","Acrobatics","Leg Sweep"],"picked":"CutThroughFate","floor":8},{"not_picked":["Well Laid Plans","Quick Slash","Finisher"],"picked":"Wireheading","floor":10},{"not_picked":["Quick Slash","hubris:Sniper","PathToVictory"],"picked":"Deadly Poison","floor":12},{"not_picked":["hubris:SlightOfHand","Underhanded Strike","ClearTheMind"],"picked":"Poisoned Stab","floor":14},{"not_picked":["Bullet Time","Phantasmal Killer","Venomology"],"picked":"Wish","floor":16},{"not_picked":["Infinite Blades+1","Outmaneuver","Riddle With Holes+1"],"picked":"FollowUp","floor":18},{"not_picked":["Tactician","Prepared","TalkToTheHand"],"picked":"Deadly Poison+1","floor":21}],"player_experience":109025,"relics_obtained":[{"floor":6,"key":"Ornamental Fan"},{"floor":9,"key":"Strawberry"},{"floor":17,"key":"Blood Vial"},{"floor":17,"key":"hubris:Reverence"},{"floor":17,"key":"Dead Branch"}],"event_choices":[{"cards_removed":["Strike_G"],"damage_healed":0,"gold_gain":0,"player_choice":"Offered Basic","damage_taken":0,"max_hp_gain":0,"max_hp_loss":0,"event_name":"Bonfire Elementals","floor":3,"gold_loss":0},{"damage_healed":0,"gold_gain":0,"player_choice":"Trade","damage_taken":0,"relics_obtained":["CultistMask"],"max_hp_gain":0,"max_hp_loss":0,"event_name":"FaceTrader","floor":7,"gold_loss":0},{"damage_healed":0,"gold_gain":0,"player_choice":"Damaged","damage_taken":7,"max_hp_gain":0,"max_hp_loss":0,"event_name":"Wheel of Change","floor":13,"gold_loss":0},{"damage_healed":0,"gold_gain":0,"player_choice":"Take","damage_taken":0,"max_hp_gain":0,"max_hp_loss":0,"event_name":"betterNote:BetterNote","floor":19,"gold_loss":0,"cards_obtained":["Crippling Poison"]},{"damage_healed":0,"gold_gain":0,"player_choice":" RottenVial ","damage_taken":4,"relics_obtained":["betterAltar:BloodRelic"],"max_hp_gain":52,"max_hp_loss":48,"event_name":"betterAltar:BetterAltar","floor":20,"potions_obtained":[],"relics_lost":["Blood Vial"],"gold_loss":0}],"is_beta":false,"boss_relics":[{"not_picked":["hubris:VirtuousBlindfold","Pandora\u0027s Box"],"picked":"Calling Bell"}],"items_purged_floors":[],"is_endless":false,"potions_floor_spawned":[1,5,8,12,14,18],"killed_by":"hubris:Merchant","ascension_level":0}}