{"host":"2461dio7vetlq1z3","time":1608129384,"event":{"mods":["2.2 Compatiblity","AchievementEnabler","Aspiration","BaseMod","Better Third Choice","Hermit","Minty Spire (QoL Compilation)","Relic Stats","Spicy Shops","StSLib","The Hierophant","Waifu the Spire"],"gold_per_floor":[209,284,297,311,100,85,85,110,148,160,172,184,236,39,39,39,39],"floor_reached":16,"playtime":1021,"items_purged":["hierophant:Strike_Hierophant","hierophant:Defend_Hierophant","hierophant:Strike_Hierophant"],"score":116,"play_id":"2a1fff7a-4fb1-45d9-b4ea-97390d33ed24","local_time":"20201216153624","is_ascension_mode":false,"campfire_choices":[{"floor":7,"key":"DIG"},{"floor":10,"key":"DIG"},{"floor":12,"key":"DIG"},{"floor":15,"key":"DIG"}],"circlet_count":0,"master_deck":["hierophant:Strike_Hierophant","hierophant:Strike_Hierophant","hierophant:Punish","hierophant:Defend_Hierophant","hierophant:Defend_Hierophant","hierophant:Defend_Hierophant","hierophant:ChurchCoffers","hierophant:HolyVerse","hierophant:Endure","hierophant:FieryStrike","hierophant:PristineSoul","hierophant:PassingBell","hierophant:Determination"],"relics":["hierophant:PropheticMaskRelic","Shovel","Incense Burner","MawBank","CeramicFish","PreservedInsect","Ornamental Fan","Molten Egg 2","Membership Card","Bottled Lightning"],"acts_visited":["Exordium"],"potions_floor_usage":[8,8],"damage_taken":[{"damage":1,"enemies":"Cultist","floor":1,"turns":4},{"damage":0,"enemies":"Small Slimes","floor":3,"turns":2},{"damage":5,"enemies":"Jaw Worm","floor":4,"turns":4},{"damage":20,"enemies":"Lagavulin","floor":6,"turns":9},{"damage":6,"enemies":"3 Sentries","floor":8,"turns":5},{"damage":4,"enemies":"Gremlin Nob","floor":13,"turns":3},{"damage":28,"enemies":"Hexaghost","floor":16,"turns":9}],"seed_played":"641861815840283659","potions_obtained":[{"floor":1,"key":"Fruit Juice"},{"floor":4,"key":"LiquidBronze"},{"floor":6,"key":"SkillPotion"},{"floor":8,"key":"SteroidPotion"}],"is_trial":false,"path_per_floor":["M","?","M","M","$","E","R","E","T","R","?","R","E","$","R","B"],"character_chosen":"HIEROPHANT","items_purchased":["hierophant:PristineSoul","Membership Card"],"campfire_rested":0,"item_purchase_floors":[5,14],"current_hp_per_floor":[74,63,63,58,58,38,38,32,32,32,32,32,28,28,28,0,0],"gold":39,"neow_bonus":"HUNDRED_GOLD","is_daily":false,"chose_seed":false,"campfire_upgraded":0,"win_rate":0.0,"timestamp":1608129384,"path_taken":["M","?","M","M","$","E","R","E","T","R","?","R","E","?","R","BOSS"],"items_purchased_type":["Card","Relic"],"build_version":"2020-12-13","purchased_purges":3,"victory":false,"max_hp_per_floor":[75,75,75,75,75,75,75,75,75,75,75,75,75,75,75,75,75],"relic_stats":{"Shovel":4,"counters":[7,36],"Ornamental Fan":[8],"CeramicFish":9,"PreservedInsect":22,"MawBank":72,"obtain_stats":[{"Shovel":6,"Ornamental Fan":12,"hierophant:PropheticMaskRelic":0,"CeramicFish":9,"Molten Egg 2":13,"PreservedInsect":10,"Incense Burner":7,"Membership Card":14,"Bottled Lightning":15,"MawBank":8},{"Shovel":4,"Ornamental Fan":5,"hierophant:PropheticMaskRelic":0,"CeramicFish":5,"Molten Egg 2":6,"PreservedInsect":5,"Incense Burner":4,"Membership Card":6,"Bottled Lightning":6,"MawBank":5},{"Shovel":19,"Ornamental Fan":24,"hierophant:PropheticMaskRelic":0,"CeramicFish":24,"Molten Egg 2":27,"PreservedInsect":24,"Incense Burner":19,"Membership Card":27,"Bottled Lightning":27,"MawBank":24}]},"card_choices":[{"not_picked":["hierophant:FaithHealing","hierophant:RecallFunds"],"picked":"hierophant:HolyVerse","floor":1},{"not_picked":["hierophant:FlamingChariot","hierophant:OrnateBuckler"],"picked":"hierophant:Endure","floor":3},{"not_picked":["hierophant:HammerAndAnvil","hierophant:Encroach"],"picked":"hierophant:FieryStrike","floor":4},{"not_picked":["hierophant:Doubloon","hierophant:OrnateBuckler"],"picked":"hierophant:PassingBell","floor":6},{"not_picked":["hierophant:Community","hierophant:ThreeLashes","hierophant:EyeForCoin"],"picked":"SKIP","floor":8},{"not_picked":["hierophant:Refuge","hierophant:Repentance"],"picked":"hierophant:Determination","floor":13}],"player_experience":722735,"relics_obtained":[{"floor":6,"key":"Shovel"},{"floor":7,"key":"Incense Burner"},{"floor":8,"key":"MawBank"},{"floor":9,"key":"CeramicFish"},{"floor":10,"key":"PreservedInsect"},{"floor":12,"key":"Ornamental Fan"},{"floor":13,"key":"Molten Egg 2"},{"floor":15,"key":"Bottled Lightning"}],"event_choices":[{"damage_healed":0,"gold_gain":75,"player_choice":"Gold","damage_taken":11,"max_hp_gain":0,"max_hp_loss":0,"event_name":"betterThird:BetterGoop","floor":2,"gold_loss":0},{"damage_healed":0,"gold_gain":0,"player_choice":"Ignored","damage_taken":172,"max_hp_gain":0,"max_hp_loss":0,"event_name":"betterThird:BetterSerpent","floor":11,"gold_loss":0}],"is_beta":false,"boss_relics":[],"items_purged_floors":[5,5,14],"is_endless":false,"potions_floor_spawned":[1,4,6,8],"killed_by":"Hexaghost","ascension_level":0}}