{"host":"7y3xcojbvgknqiob","time":1608151745,"event":{"mods":["Aspiration","BaseMod","Best Route Mod","Downfall","Hermit","Magitek Elite","Minty Spire (QoL Compilation)","Potionbrewer","Quick Restart","StSLib","The Bug Knight"],"gold_per_floor":[99,99,22,22,22,47,101,101,126,1,1,1,20,32,46,148,148,23,57,72,22,42,42,115,132,82,117,102,121,141,141,153,251,251,201,219,195,211,228,178,201,213,247,197,215,227,240,340,353,353],"floor_reached":51,"playtime":3278,"items_purged":[],"score":904,"play_id":"1acf63a8-201c-4627-aa17-c077668bcd5c","local_time":"20201216124905","is_ascension_mode":false,"campfire_choices":[{"data":"Slimebound:CorrosiveSpit","floor":1.0,"key":"SMITH"},{"floor":10.0,"key":"RECALL"},{"data":"Slimebound:Gluttony","floor":18.0,"key":"SMITH"},{"data":"Slimebound:ViciousTackle","floor":21.0,"key":"SMITH"},{"data":"Slimebound:TongueLash","floor":23.0,"key":"SMITH"},{"data":"Slimebound:Repurpose","floor":26.0,"key":"SMITH"},{"data":"Slimebound:LeadByExample","floor":35.0,"key":"SMITH"},{"data":"Panache","floor":40,"key":"SMITH"},{"data":"Slimebound:LeadByExample","floor":44,"key":"SMITH"}],"circlet_count":0,"master_deck":["Slimebound:Strike_Slimebound+1","Slimebound:Defend_Slimebound","Slimebound:Defend_Slimebound","Slimebound:Defend_Slimebound","Slimebound:Defend_Slimebound","Slimebound:Split+1","Slimebound:CorrosiveSpit+1","Slimebound:TongueLash+1","Slimebound:ItLooksTasty","Slimebound:SamplingLick","Slimebound:RejuvenatingLick","Slimebound:SlimeSpikes","Slimebound:Gluttony+1","Slimebound:PressTheAttack","Slimebound:LeechEnergy","Slimebound:Schlurp","Slimebound:RallyTheTroops","Slimebound:ViciousTackle+1","Slimebound:RainOfGoop","Slimebound:SplitMire+1","Slimebound:Repurpose+1","Slimebound:SlimeSpikes","Slimebound:HauntingLick","Slimebound:SplitLeeching","Slimebound:LeadByExample+1","Slimebound:OneTwoCombo","Slimebound:OneTwoCombo","Slimebound:Schlurp","Panache+1","Slimebound:Repurpose","Slimebound:LeadByExample+1","Slimebound:OneTwoCombo","Slimebound:TongueLash+1","Slimebound:Schlurp+1","Slimebound:SplitLeeching+1","Slimebound:SplitAcid+1","Slimebound:SlimeSpikes","Slimebound:GoopSpray+1","Slimebound:LeadByExample"],"relics":["Slimebound:AbsorbEndCombat","downfall:HeartsMalice","Lantern","Mythril_Glove","Slimebound:GreedOozeRelic","Bag of Marbles","downfall:HeartBlessingGreen","Golden_Hairpin","downfall:HeartBlessingRed","InkBottle","Kunai","Ribbon","SlaversCollar","Whetstone","potionbrewer:Torch","Toy Ornithopter"],"acts_visited":["Exordium","TheCity","TheBeyond"],"potions_floor_usage":[],"damage_taken":[{"damage":0.0,"enemies":"downfall:FleeingMerchant","floor":3.0,"turns":1.0},{"damage":0.0,"enemies":"Small Slimes","floor":4.0,"turns":1.0},{"damage":0.0,"enemies":"downfall:FleeingMerchant","floor":5.0,"turns":1.0},{"damage":34.0,"enemies":"3 Sentries","floor":6.0,"turns":9.0},{"damage":19.0,"enemies":"Lagavulin","floor":9.0,"turns":5.0},{"damage":8.0,"enemies":"Cultist","floor":13.0,"turns":2.0},{"damage":0.0,"enemies":"2 Louse","floor":14.0,"turns":2.0},{"damage":0.0,"enemies":"2 Fungi Beasts","floor":15.0,"turns":2.0},{"damage":21.0,"enemies":"downfall:Watcher","floor":16.0,"turns":5.0},{"damage":23.0,"enemies":"HollowMod:Nosk","floor":19.0,"turns":5.0},{"damage":0.0,"enemies":"Spheric Guardian","floor":20.0,"turns":2.0},{"damage":16.0,"enemies":"Snake Plant","floor":22.0,"turns":2.0},{"damage":19.0,"enemies":"Centurion and Healer","floor":25.0,"turns":3.0},{"damage":25.0,"enemies":"Gremlin Leader","floor":27.0,"turns":5.0},{"damage":8.0,"enemies":"downfall:FleeingMerchant","floor":28.0,"turns":4.0},{"damage":12.0,"enemies":"3 Cultists","floor":29.0,"turns":4.0},{"damage":21.0,"enemies":"Chosen and Byrds","floor":30.0,"turns":3.0},{"damage":6.0,"enemies":"Snake Plant","floor":32.0,"turns":3.0},{"damage":16.0,"enemies":"downfall:Silent","floor":33.0,"turns":4.0},{"damage":8.0,"enemies":"Orb Walker","floor":36.0,"turns":1.0},{"damage":8.0,"enemies":"downfall:FleeingMerchant","floor":37.0,"turns":3.0},{"damage":22,"enemies":"Nemesis","floor":38,"turns":3},{"damage":8,"enemies":"3 Shapes","floor":39,"turns":1},{"damage":4,"enemies":"3 Darklings","floor":42,"turns":1},{"damage":8,"enemies":"HollowMod:StalkingDevout","floor":43,"turns":4},{"damage":19,"enemies":"Writhing Mass","floor":45,"turns":3},{"damage":8,"enemies":"4 Shapes","floor":46,"turns":2},{"damage":24,"enemies":"Transient","floor":47,"turns":5},{"damage":12,"enemies":"downfall:LadyInBlue","floor":48,"turns":1},{"damage":8,"enemies":"Sphere and 2 Shapes","floor":49,"turns":2},{"damage":20,"enemies":"downfall:Defect","floor":50,"turns":3}],"seed_played":"2036878414930786991","potions_obtained":[{"floor":6.0,"key":"potionbrewer:ToxicPotion"},{"floor":13.0,"key":"Fire Potion"},{"floor":14.0,"key":"potionbrewer:AcidPotion"},{"floor":15.0,"key":"PowerPotion"},{"floor":22.0,"key":"Fire Potion"},{"floor":27.0,"key":"Strength Potion"},{"floor":29.0,"key":"Slimebound:SpawnSlimePotion"},{"floor":30.0,"key":"Slimebound:SlimedPotion"},{"floor":33.0,"key":"FearPotion"},{"floor":36.0,"key":"BlessingOfTheForge"}],"is_trial":false,"path_per_floor":["R","?","$","M","$","E","T","?","E","R","?","?","M","M","M","B",null,"R","E","M","R","M","R","T","M","R","E","$","M","M","?","M","B",null,"R","M","$","E","M","R","T","M","E","R","M","M","M","?","M","B",null],"character_chosen":"SLIMEBOUND","items_purchased":["Slimebound:ItLooksTasty","Panache","Slimebound:Repurpose","Slimebound:LeadByExample"],"campfire_rested":0,"item_purchase_floors":[3,37,37,37],"current_hp_per_floor":[60,60,60,60,60,42,42,42,43,43,43,43,51,55,60,52,60,60,57,57,57,48,48,48,43,43,54,60,58,57,57,60,60,60,60,60,60,60,60,60,60,60,60,60,45,51,56,60,60,60],"gold":353,"neow_bonus":"THREE_ENEMY_KILL","is_daily":false,"chose_seed":false,"campfire_upgraded":8,"win_rate":0.0,"timestamp":1608151745,"path_taken":["R","?","?","M","$","E","T","?","E","R","?","?","?","M","M","BOSS","R","E","M","R","M","R","T","M","R","E","$","M","M","?","M","BOSS","R","M","$","E","?","R","T","M","E","R","?","M","M","?","M","BOSS"],"items_purchased_type":["Card","Card","Card","Card"],"build_version":"2020-12-13","purchased_purges":0,"victory":true,"max_hp_per_floor":[60,60,60,60,60,60,60,60,60,60,60,60,60,60,60,60,60,60,60,60,60,60,60,60,60,60,60,60,60,60,60,60,60,60,60,60,60,60,60,60,60,60,60,60,60,60,60,60,60,60],"card_choices":[{"not_picked":["Slimebound:GoopTackle","Slimebound:FormOfPuddle"],"picked":"Slimebound:TongueLash","floor":3.0},{"not_picked":["Slimebound:SplitMire","Slimebound:TongueLash"],"picked":"Slimebound:SamplingLick","floor":4.0},{"not_picked":["Slimebound:LeechEnergy","Slimebound:GoopSpray"],"picked":"Slimebound:RejuvenatingLick","floor":5.0},{"not_picked":["Slimebound:SplitMire","Slimebound:Overexert"],"picked":"Slimebound:SlimeSpikes","floor":6.0},{"not_picked":["Slimebound:RollThrough","Slimebound:Equalize"],"picked":"Slimebound:Gluttony","floor":9.0},{"not_picked":["Slimebound:LeechEnergy","Slimebound:Schlurp"],"picked":"Slimebound:PressTheAttack","floor":13.0},{"not_picked":["Slimebound:FlameTackle","Slimebound:PressTheAttack"],"picked":"Slimebound:LeechEnergy","floor":14.0},{"not_picked":["Slimebound:ForwardTackle","Slimebound:SlimeBrawl"],"picked":"Slimebound:Schlurp","floor":15.0},{"not_picked":["Slimebound:DuplicatedForm","Slimebound:DouseInSlime"],"picked":"Slimebound:RallyTheTroops","floor":16.0},{"not_picked":["Slimebound:FirmFortitude","Slimebound:OneTwoCombo"],"picked":"Slimebound:ViciousTackle","floor":19.0},{"not_picked":["Slimebound:Schlurp","Slimebound:SlimeBrawl"],"picked":"Slimebound:RainOfGoop","floor":20.0},{"not_picked":["Slimebound:SlimeSpikes","Slimebound:BestDefense"],"picked":"Slimebound:SplitMire+1","floor":22.0},{"not_picked":["Slimebound:Schlurp","Slimebound:FormOfPuddle+1"],"picked":"Slimebound:Repurpose","floor":25.0},{"not_picked":["Slimebound:SplitLeeching","Slimebound:SplitBruiser"],"picked":"Slimebound:SlimeSpikes","floor":27.0},{"not_picked":["Slimebound:GoopSpray+1","Slimebound:Gluttony"],"picked":"Slimebound:HauntingLick","floor":28.0},{"not_picked":["Slimebound:Schlurp","Slimebound:LeechEnergy+1"],"picked":"Slimebound:SplitLeeching","floor":29.0},{"not_picked":["Slimebound:GrowthPunch+1","Slimebound:ViciousTackle"],"picked":"Slimebound:LeadByExample","floor":30.0},{"not_picked":["Slimebound:ItLooksTasty","Slimebound:SlimeBrawl"],"picked":"Slimebound:OneTwoCombo","floor":32.0},{"not_picked":["Slimebound:OozeBath","Slimebound:LeechLife"],"picked":"Slimebound:OneTwoCombo","floor":33.0},{"not_picked":["Slimebound:RollThrough+1","Slimebound:LeechingTouch+1"],"picked":"Slimebound:Schlurp","floor":36.0},{"not_picked":["Slimebound:RejuvenatingLick+1","Slimebound:FlameTackle"],"picked":"Slimebound:OneTwoCombo","floor":38},{"not_picked":["Slimebound:FinishingTackle+1","Slimebound:Nibble+1"],"picked":"Slimebound:TongueLash","floor":39},{"not_picked":["Slimebound:FirmFortitude","Slimebound:LeechingTouch+1","Slimebound:ViciousTackle+1"],"picked":"SKIP","floor":42},{"not_picked":["Slimebound:RejuvenatingLick","Slimebound:LeechingTouch+1"],"picked":"Slimebound:Schlurp+1","floor":43},{"not_picked":["Slimebound:Schlurp","Slimebound:SplitMire"],"picked":"Slimebound:SplitLeeching+1","floor":45},{"not_picked":["Slimebound:Nibble+1","Slimebound:SplitBruiser"],"picked":"Slimebound:SplitAcid+1","floor":46},{"not_picked":["Slimebound:TongueLash+1","Slimebound:Schlurp+1"],"picked":"Slimebound:SlimeSpikes","floor":47},{"not_picked":["Slimebound:SlimeSpikes","Slimebound:LeechEnergy"],"picked":"Slimebound:GoopSpray+1","floor":48},{"not_picked":["Slimebound:MassFeed","Slimebound:HauntingLick"],"picked":"Slimebound:LeadByExample","floor":49}],"player_experience":303671,"relics_obtained":[{"floor":6.0,"key":"Lantern"},{"floor":7.0,"key":"Mythril_Glove"},{"floor":9.0,"key":"Bag of Marbles"},{"floor":19.0,"key":"InkBottle"},{"floor":24.0,"key":"Kunai"},{"floor":27.0,"key":"Ribbon"},{"floor":41,"key":"Whetstone"},{"floor":43,"key":"potionbrewer:Torch"},{"floor":48,"key":"Toy Ornithopter"}],"event_choices":[{"damage_healed":0.0,"max_hp_gain":0.0,"max_hp_loss":0.0,"gold_gain":0.0,"event_name":"Upgrade Shrine","player_choice":"Upgraded","floor":2.0,"gold_loss":0.0,"damage_taken":0.0,"cards_upgraded":["Slimebound:Split"]},{"cards_removed":["Slimebound:Strike_Slimebound"],"damage_healed":0.0,"max_hp_gain":0.0,"max_hp_loss":0.0,"gold_gain":0.0,"event_name":"Purifier","player_choice":"Purged","floor":12.0,"gold_loss":0.0,"damage_taken":0.0},{"cards_removed":["Slimebound:Tackle"],"damage_healed":0.0,"max_hp_gain":0.0,"max_hp_loss":0.0,"gold_gain":0.0,"event_name":"Purifier","player_choice":"Purged","floor":31.0,"gold_loss":0.0,"damage_taken":0.0}],"is_beta":false,"boss_relics":[{"not_picked":["Snecko Eye","Busted Crown"],"picked":"Golden_Hairpin"},{"not_picked":["Pandora\u0027s Box","aspiration:SilentSkillbook"],"picked":"SlaversCollar"}],"items_purged_floors":[],"is_endless":false,"potions_floor_spawned":[6,13,14,15,22,27,29,30,32,33,36,43,46,47],"ascension_level":0}}