{"host":"ci7ivtocgfxh0ueo","time":1608126667,"event":{"mods":["BaseMod","GifTheSpireLib","Minty Spire (QoL Compilation)","StSLib"],"gold_per_floor":[111,126,126,190,190,231,231,73,151,176,190,265,11,52,52,151,151,167,167,190,190,140,140,179,195,195,195,195],"floor_reached":27,"playtime":526,"items_purged":[],"score":488,"play_id":"dcf84abf-0532-45d2-ae77-46d76702ecdd","local_time":"20201216215107","is_ascension_mode":true,"campfire_choices":[{"floor":15,"key":"REST"},{"floor":23,"key":"REST"}],"circlet_count":0,"master_deck":["AscendersBane","Strike_R","Strike_R","Strike_R+1","Strike_R","Strike_R","Defend_R+1","Defend_R+1","Defend_R","Defend_R+1","Bash","Pommel Strike","Heavy Blade","Uppercut+1","Armaments","Whirlwind","Spot Weakness","Offering","Twin Strike","Power Through+1","Offering"],"relics":["Burning Blood","NeowsBlessing","Golden Idol","Shovel","War Paint","Bottled Flame","Bag of Marbles","White Beast Statue","SlaversCollar","Mercury Hourglass","Frozen Egg 2"],"acts_visited":["Exordium","TheCity"],"potions_floor_usage":[16,24,24,25,27],"damage_taken":[{"damage":0,"enemies":"Jaw Worm","floor":1,"turns":1},{"damage":0,"enemies":"Small Slimes","floor":2,"turns":1},{"damage":0,"enemies":"Lagavulin","floor":6,"turns":2},{"damage":0,"enemies":"2 Louse","floor":10,"turns":3},{"damage":27,"enemies":"Exordium Thugs","floor":11,"turns":5},{"damage":20,"enemies":"Gremlin Nob","floor":14,"turns":4},{"damage":25,"enemies":"Slime Boss","floor":16,"turns":7},{"damage":46,"enemies":"2 Thieves","floor":18,"turns":4},{"damage":34,"enemies":"Shell Parasite","floor":20,"turns":5},{"damage":29,"enemies":"Book of Stabbing","floor":24,"turns":4},{"damage":13,"enemies":"Snake Plant","floor":25,"turns":4},{"damage":10,"enemies":"Centurion and Healer","floor":27,"turns":1}],"seed_played":"4377055219247250762","potions_obtained":[{"floor":2,"key":"AttackPotion"},{"floor":6,"key":"FairyPotion"},{"floor":16,"key":"FearPotion"},{"floor":18,"key":"LiquidBronze"},{"floor":20,"key":"Swift Potion"},{"floor":24,"key":"AttackPotion"},{"floor":25,"key":"Fire Potion"}],"is_trial":false,"path_per_floor":["M","M","?","?","?","E","?","$","T","M","M","?","$","E","R","B",null,"M","?","M","?","?","R","E","M","T","M"],"character_chosen":"IRONCLAD","items_purchased":["War Paint","Bag of Marbles","Spot Weakness"],"campfire_rested":2,"item_purchase_floors":[8,13,13],"current_hp_per_floor":[74,75,75,75,49,55,55,55,55,61,40,29,29,15,37,18,61,21,21,15,15,15,37,14,7,7,0,0],"gold":195,"neow_bonus":"THREE_ENEMY_KILL","is_daily":false,"chose_seed":false,"campfire_upgraded":0,"win_rate":0.0,"timestamp":1608126667,"path_taken":["M","M","?","?","?","E","?","$","T","?","M","?","$","E","R","BOSS","M","?","M","?","?","R","E","?","T","M"],"items_purchased_type":["Relic","Relic","Card"],"build_version":"2020-12-13","purchased_purges":0,"victory":false,"max_hp_per_floor":[75,75,75,75,75,75,75,75,75,75,75,75,75,75,75,75,75,75,75,75,75,75,75,75,75,75,75,75],"card_choices":[{"not_picked":["Warcry","Wild Strike"],"picked":"Pommel Strike","floor":1},{"not_picked":["Sentinel","Thunderclap"],"picked":"Heavy Blade","floor":2},{"not_picked":["Twin Strike","Flame Barrier"],"picked":"Uppercut","floor":6},{"not_picked":["Sword Boomerang","Heavy Blade"],"picked":"Armaments","floor":10},{"not_picked":["Dark Embrace","Flex"],"picked":"Whirlwind","floor":11},{"not_picked":["Spot Weakness","Whirlwind","Twin Strike"],"picked":"SKIP","floor":14},{"not_picked":["Corruption","Bludgeon"],"picked":"Offering","floor":16},{"not_picked":["True Grit","Flex"],"picked":"Twin Strike","floor":18},{"not_picked":["Body Slam","Hemokinesis","Whirlwind"],"picked":"SKIP","floor":20},{"not_picked":["Entrench","Thunderclap"],"picked":"Power Through+1","floor":24},{"not_picked":["Perfected Strike","Reckless Charge+1"],"picked":"Offering","floor":25}],"player_experience":1252771,"relics_obtained":[{"floor":6,"key":"Shovel"},{"floor":9,"key":"Bottled Flame"},{"floor":14,"key":"White Beast Statue"},{"floor":24,"key":"Mercury Hourglass"},{"floor":26,"key":"Frozen Egg 2"}],"event_choices":[{"damage_healed":0,"gold_gain":0,"player_choice":"Leave","damage_taken":0,"max_hp_gain":0,"max_hp_loss":0,"event_name":"The Cleric","floor":3,"gold_loss":0},{"damage_healed":0,"gold_gain":64,"player_choice":"Gained Gold","damage_taken":0,"max_hp_gain":0,"max_hp_loss":0,"event_name":"Golden Wing","floor":4,"gold_loss":0},{"damage_healed":0,"gold_gain":0,"player_choice":"Take Damage","damage_taken":26,"relics_obtained":["Golden Idol"],"max_hp_gain":0,"max_hp_loss":0,"event_name":"Golden Idol","floor":5,"gold_loss":0},{"damage_healed":0,"gold_gain":0,"player_choice":"Grow","damage_taken":0,"max_hp_gain":0,"max_hp_loss":0,"event_name":"Living Wall","floor":7,"gold_loss":0,"cards_upgraded":["Uppercut"]},{"damage_healed":0,"gold_gain":75,"player_choice":"Gather Gold","damage_taken":11,"max_hp_gain":0,"max_hp_loss":0,"event_name":"World of Goop","floor":12,"gold_loss":0},{"damage_healed":0,"gold_gain":0,"player_choice":"Ignored","damage_taken":0,"max_hp_gain":0,"max_hp_loss":0,"event_name":"Ghosts","floor":19,"gold_loss":0},{"damage_healed":0,"gold_gain":0,"player_choice":"Ignored","damage_taken":0,"max_hp_gain":0,"max_hp_loss":0,"event_name":"Cursed Tome","floor":21,"gold_loss":0},{"damage_healed":0,"gold_gain":0,"player_choice":"Upgraded Two","damage_taken":0,"max_hp_gain":0,"max_hp_loss":0,"event_name":"Designer","floor":22,"gold_loss":50,"cards_upgraded":["Defend_R","Strike_R"]}],"is_beta":false,"boss_relics":[{"not_picked":["Velvet Choker","Sozu"],"picked":"SlaversCollar"}],"items_purged_floors":[],"is_endless":false,"potions_floor_spawned":[2,6,11,16,18,20,24,25],"killed_by":"Centurion and Healer","ascension_level":17}}