{"host":"cwd5s03r1oaxs6mx","time":1608132509,"event":{"mods":["Act Like it!","BaseMod","Better Third Choice","BetterRewards","CapriCore","Card Filter","Colored Map","Custom Start","DeckTracker","Friendly Minions","Hubris","Infinite Spire","Minty Spire (QoL Compilation)","Quick Restart","Relic Stats","Shop Mod","Spicy Shops","StSLib","SuperFastMode"],"gold_per_floor":[114,114,126,126,136,136,170,170,220,220,236,236,236,262,262,334,334,349,40,52,52,52,52,87,87,87,100,47,82,97,107,107,181,181,200,215,57,77,97,122,122,132,179,179,197,197,230,230,230,230,230,230,230,150,184,184],"floor_reached":57,"playtime":1868,"items_purged":["Strike_G","Strike_G","Strike_G","Strike_G","Strike_G","Defend_G","Defend_G","Pain","Injury"],"score":4045,"play_id":"4bfd480c-3321-4b9f-bd84-b93de30919c1","local_time":"20201217002829","is_ascension_mode":true,"campfire_choices":[{"data":"Apotheosis","floor":6,"key":"SMITH"},{"data":"Deep Breath","floor":8,"key":"SMITH"},{"data":"Catalyst","floor":10,"key":"SMITH"},{"data":"Catalyst","floor":12,"key":"SMITH"},{"data":"Deadly Poison","floor":15,"key":"SMITH"},{"data":"Noxious Fumes","floor":25,"key":"SMITH"},{"floor":32,"key":"RECALL"},{"data":"Adrenaline","floor":41,"key":"SMITH"},{"data":"hubris:Rewind","floor":49,"key":"SMITH"},{"data":"Well Laid Plans","floor":53,"key":"SMITH"}],"circlet_count":0,"master_deck":["AscendersBane","Defend_G+1","Defend_G+1","Defend_G+1","Neutralize","Finesse","Deflect+1","Well Laid Plans+1","Escape Plan+1","Catalyst+1","Noxious Fumes+1","Deadly Poison+1","Noxious Fumes+1","Footwork","Deep Breath+1","Finesse+1","Catalyst+1","Master of Strategy","Apotheosis+1","Adrenaline+1","Deflect+1","Deflect","Bandage Up","Adrenaline+1","Catalyst+1","After Image","hubris:Rewind+1"],"relics":["Ring of the Snake","Membership Card","Snake Skull","The Specimen","infinitespire:Satchel","Oddly Smooth Stone","Sundial","TwistedFunnel","Sozu","Blood Vial","hubris:Towel","Bottled Lightning","Bag of Preparation","infinitespire:ShieldingShard","Strawberry","InkBottle","MerchantsRug","Ice Cream","hubris:Zylophone","Happy Flower","Toy Ornithopter","Calipers"],"acts_visited":["Exordium","TheCity","TheBeyond","TheEnding"],"potions_floor_usage":[],"damage_taken":[{"damage":0,"enemies":"Small Slimes","floor":1,"turns":2},{"damage":0,"enemies":"2 Louse","floor":3,"turns":1},{"damage":0,"enemies":"Jaw Worm","floor":5,"turns":2},{"damage":16,"enemies":"Gremlin Nob","floor":7,"turns":4},{"damage":0,"enemies":"Red Slaver","floor":11,"turns":3},{"damage":0,"enemies":"Lagavulin","floor":14,"turns":2},{"damage":0,"enemies":"Slime Boss","floor":16,"turns":2},{"damage":0,"enemies":"Chosen","floor":18,"turns":2},{"damage":0,"enemies":"2 Thieves","floor":20,"turns":3},{"damage":0,"enemies":"Gremlin Leader","floor":24,"turns":2},{"damage":0,"enemies":"3 Cultists","floor":27,"turns":4},{"damage":0,"enemies":"Nightmare","floor":29,"turns":4},{"damage":0,"enemies":"Centurion and Healer","floor":30,"turns":3},{"damage":0,"enemies":"Snecko","floor":31,"turns":3},{"damage":0,"enemies":"Collector","floor":33,"turns":3},{"damage":0,"enemies":"Orb Walker","floor":35,"turns":1},{"damage":13,"enemies":"3 Shapes","floor":36,"turns":3},{"damage":0,"enemies":"Writhing Mass","floor":38,"turns":2},{"damage":0,"enemies":"Maw","floor":39,"turns":3},{"damage":0,"enemies":"Nemesis","floor":40,"turns":3},{"damage":0,"enemies":"Sphere and 2 Shapes","floor":42,"turns":4},{"damage":0,"enemies":"3 Darklings","floor":45,"turns":3},{"damage":6,"enemies":"Nightmare_Alpha","floor":47,"turns":4},{"damage":0,"enemies":"infinitespire:MassOfShapes","floor":50,"turns":5},{"damage":0,"enemies":"Donu and Deca","floor":51,"turns":4},{"damage":0,"enemies":"Shield and Spear","floor":55,"turns":3},{"damage":57,"enemies":"The Heart","floor":56,"turns":6}],"seed_played":"7855944286711216361","potions_obtained":[{"floor":3,"key":"DuplicationPotion"},{"floor":5,"key":"Swift Potion"}],"is_trial":false,"path_per_floor":["M","?","M","?","M","R","E","R","T","R","M","R","?","E","R","B",null,"M","$","M","?","?","?","E","R","T","M","$","NM","M","M","R","B",null,"M","M","$","M","M","E","R","M","T","?","M","?","NM","?","R","B","B",null,"R","$","E","B",null],"character_chosen":"THE_SILENT","items_purchased":["Membership Card","Shuriken","Finesse","Deflect","Well Laid Plans","Escape Plan","Catalyst","Snake Skull","Noxious Fumes","The Specimen","Deadly Poison","Noxious Fumes","infinitespire:Satchel","Tingsha","Footwork","Oddly Smooth Stone","Sundial","Deep Breath","TwistedFunnel","Finesse","Catalyst","Master of Strategy","Apotheosis","DollysMirror","Deflect","Blood Vial","Bandage Up","Bag of Preparation","MerchantsRug","Ice Cream","hubris:Zylophone","Happy Flower","Toy Ornithopter"],"campfire_rested":0,"item_purchase_floors":[0,0,0,0,0,0,0,0,0,0,0,0,0,0,0,0,0,0,0,0,0,0,0,19,19,19,28,37,54,54,54,54,54],"current_hp_per_floor":[59,64,64,43,43,43,27,27,27,27,27,27,20,20,20,20,58,58,58,60,60,60,60,62,62,62,64,64,71,71,71,71,71,71,71,64,64,71,71,71,71,71,78,78,78,78,78,78,78,78,78,78,78,78,78,33],"gold":184,"neow_bonus":"","is_daily":false,"chose_seed":false,"campfire_upgraded":9,"win_rate":0.0,"timestamp":1608132509,"path_taken":["M","?","M","?","M","R","E","R","T","R","M","R","?","E","R","BOSS","M","$","M","?","?","?","E","R","T","M","?","NM","M","M","R","BOSS","M","M","$","M","?","E","R","M","T","?","M","?","NM","?","R","BOSS","BOSS","R","$","E","BOSS"],"items_purchased_type":["Relic","Relic","Card","Card","Card","Card","Card","Relic","Card","Relic","Card","Card","Relic","Relic","Card","Relic","Relic","Card","Relic","Card","Card","Card","Card","Relic","Card","Relic","Card","Relic","Relic","Relic","Relic","Relic","Relic"],"build_version":"2020-12-13","purchased_purges":9,"victory":true,"max_hp_per_floor":[66,71,71,71,71,71,71,71,71,71,71,71,71,71,71,71,71,71,71,71,71,71,71,71,71,71,71,71,71,71,71,71,71,71,71,71,71,71,71,71,71,71,78,78,78,78,78,78,78,78,78,78,78,78,78,78],"relic_stats":{"Sozu":6,"Blood Vial":10,"Happy Flower":[41],"counters":[135,569],"Sundial":[24],"Snake Skull":[214],"Bag of Preparation":[24],"obtain_stats":[{"Ice Cream":12,"TwistedFunnel":0,"Calipers":55,"Whetstone":9,"hubris:MysteriousPyramids":0,"Boot":43,"Sozu":17,"Blood Vial":19,"Centennial Puzzle":8,"infinitespire:ShieldingShard":40,"DollysMirror":19,"Sundial":0,"Strawberry":12,"MealTicket":23,"Kunai":9,"hubris:TinFlute":6,"MerchantsRug":54,"Happy Flower":27,"Oddly Smooth Stone":0,"Tingsha":20,"Eternal Feather":6,"Pen Nib":54,"War Paint":9,"Question Card":8,"hubris:Zylophone":54,"infinitespire:Lychee Nut":41,"Shuriken":0,"hubris:PeanutButter":55,"Black Star":17,"Ring of the Serpent":17,"Unceasing Top":47,"infinitespire:Cupcake":17,"Regal Pillow":6,"Snake Skull":0,"Bag of Preparation":47,"hubris:SlimyHat":39,"hubris:EmptyBottle":39,"Ancient Tea Set":43,"Smiling Mask":48,"Empty Cage":34,"Nunchaku":3,"Tough Bandages":0,"Matryoshka":40,"hubris:Icosahedron":19,"WristBlade":34,"Mummified Hand":9,"Ninja Scroll":0,"Pantograph":54,"Tiny Chest":9,"InkBottle":47,"Ring of the Snake":0,"Runic Pyramid":17,"Potion Belt":6,"hubris:KleinBottle":48,"hubris:DisguiseKit":7,"NeowsBlessing":0,"The Specimen":0,"Golden Idol":5,"infinitespire:FocusingShard":43,"PreservedInsect":0,"Omamori":22,"infinitespire:CheckeredPen":26,"infinitespire:Lucky Rock":7,"hubris:Towel":4,"Orichalcum":47,"MawBank":7,"Medical Kit":0,"Peace Pipe":0,"Anchor":47,"infinitespire:WardingShard":25,"Ornamental Fan":29,"infinitespire:Satchel":5,"Art of War":42,"Bag of Marbles":29,"Membership Card":0,"Bottled Lightning":26,"TungstenRod":12,"hubris:OldNail":11,"Toy Ornithopter":54,"infinitespire:Midas Blood":12,"hubris:BottledRain":40},{"Ice Cream":31,"TwistedFunnel":108,"Calipers":134,"Whetstone":82,"hubris:MysteriousPyramids":78,"Boot":129,"Sozu":115,"Blood Vial":116,"Centennial Puzzle":29,"infinitespire:ShieldingShard":128,"DollysMirror":35,"Sundial":108,"Strawberry":84,"MealTicket":38,"Kunai":29,"hubris:TinFlute":2,"MerchantsRug":106,"Happy Flower":92,"Oddly Smooth Stone":8,"Tingsha":61,"Eternal Feather":81,"Pen Nib":50,"War Paint":25,"Question Card":3,"hubris:Zylophone":133,"infinitespire:Lychee Nut":73,"Shuriken":108,"hubris:PeanutButter":51,"Black Star":7,"Ring of the Serpent":34,"Unceasing Top":103,"infinitespire:Cupcake":87,"Regal Pillow":55,"Snake Skull":20,"Bag of Preparation":47,"hubris:SlimyHat":98,"hubris:EmptyBottle":98,"Ancient Tea Set":46,"Smiling Mask":48,"Empty Cage":68,"Nunchaku":1,"Tough Bandages":52,"Matryoshka":45,"hubris:Icosahedron":61,"WristBlade":41,"Mummified Hand":3,"Ninja Scroll":26,"Pantograph":106,"Tiny Chest":13,"InkBottle":131,"Ring of the Snake":0,"Runic Pyramid":60,"Potion Belt":28,"hubris:KleinBottle":76,"hubris:DisguiseKit":19,"NeowsBlessing":0,"The Specimen":108,"Golden Idol":18,"infinitespire:FocusingShard":73,"PreservedInsect":78,"Omamori":90,"infinitespire:CheckeredPen":39,"infinitespire:Lucky Rock":112,"hubris:Towel":18,"Orichalcum":76,"MawBank":24,"Medical Kit":26,"Peace Pipe":8,"Anchor":47,"infinitespire:WardingShard":39,"Ornamental Fan":65,"infinitespire:Satchel":80,"Art of War":46,"Bag of Marbles":120,"Membership Card":78,"Bottled Lightning":118,"TungstenRod":58,"hubris:OldNail":84,"Toy Ornithopter":133,"infinitespire:Midas Blood":5,"hubris:BottledRain":99},{"Ice Cream":109,"TwistedFunnel":488,"Calipers":563,"Whetstone":331,"hubris:MysteriousPyramids":313,"Boot":544,"Sozu":504,"Blood Vial":506,"Centennial Puzzle":106,"infinitespire:ShieldingShard":540,"DollysMirror":117,"Sundial":488,"Strawberry":339,"MealTicket":123,"Kunai":106,"hubris:TinFlute":2,"MerchantsRug":472,"Happy Flower":372,"Oddly Smooth Stone":32,"Tingsha":229,"Eternal Feather":323,"Pen Nib":148,"War Paint":98,"Question Card":3,"hubris:Zylophone":560,"infinitespire:Lychee Nut":292,"Shuriken":488,"hubris:PeanutButter":150,"Black Star":25,"Ring of the Serpent":115,"Unceasing Top":447,"infinitespire:Cupcake":349,"Regal Pillow":195,"Snake Skull":78,"Bag of Preparation":141,"hubris:SlimyHat":422,"hubris:EmptyBottle":422,"Ancient Tea Set":139,"Smiling Mask":142,"Empty Cage":272,"Nunchaku":1,"Tough Bandages":155,"Matryoshka":137,"hubris:Icosahedron":229,"WristBlade":130,"Mummified Hand":3,"Ninja Scroll":100,"Pantograph":472,"Tiny Chest":52,"InkBottle":551,"Ring of the Snake":0,"Runic Pyramid":225,"Potion Belt":103,"hubris:KleinBottle":305,"hubris:DisguiseKit":76,"NeowsBlessing":0,"The Specimen":488,"Golden Idol":70,"infinitespire:FocusingShard":292,"PreservedInsect":313,"Omamori":358,"infinitespire:CheckeredPen":125,"infinitespire:Lucky Rock":497,"hubris:Towel":70,"Orichalcum":305,"MawBank":96,"Medical Kit":100,"Peace Pipe":32,"Anchor":141,"infinitespire:WardingShard":125,"Ornamental Fan":249,"infinitespire:Satchel":320,"Art of War":139,"Bag of Marbles":519,"Membership Card":313,"Bottled Lightning":511,"TungstenRod":212,"hubris:OldNail":339,"Toy Ornithopter":560,"infinitespire:Midas Blood":9,"hubris:BottledRain":429}],"InkBottle":[14],"Toy Ornithopter":0,"Ring of the Snake":[168]},"card_choices":[{"not_picked":["Masterful Stab","Outmaneuver","Quick Slash"],"picked":"SKIP","floor":1},{"not_picked":["Heel Hook","Predator","Underhanded Strike"],"picked":"SKIP","floor":3},{"not_picked":["Slice","Dagger Spray","Backflip"],"picked":"SKIP","floor":5},{"not_picked":["Cloak And Dagger","Flechettes","Deflect"],"picked":"SKIP","floor":7},{"not_picked":["Terror","Accuracy","Bane"],"picked":"SKIP","floor":11},{"not_picked":["Flying Knee","Glass Knife","Reflex"],"picked":"SKIP","floor":14},{"not_picked":["Corpse Explosion","After Image"],"picked":"Adrenaline","floor":16},{"not_picked":["Bane","Eviscerate","PiercingWail"],"picked":"SKIP","floor":18},{"not_picked":["Acrobatics+1","Outmaneuver","Dodge and Roll"],"picked":"SKIP","floor":20},{"not_picked":["Flying Knee","Heel Hook","Blade Dance+1"],"picked":"SKIP","floor":24},{"not_picked":["Accuracy","Setup","Dagger Spray+1"],"picked":"SKIP","floor":27},{"not_picked":["Escape Plan","Slice"],"picked":"Adrenaline","floor":29},{"not_picked":["Reflex","Deflect","Outmaneuver"],"picked":"SKIP","floor":30},{"not_picked":["Choke","Underhanded Strike","Setup"],"picked":"SKIP","floor":31},{"not_picked":["Dagger Spray","Quick Slash","Terror+1"],"picked":"SKIP","floor":35},{"not_picked":["Leg Sweep+1","Outmaneuver+1"],"picked":"Catalyst+1","floor":36},{"not_picked":["Dodge and Roll","Bane+1"],"picked":"After Image","floor":38},{"not_picked":["Acrobatics","Reflex+1","Quick Slash"],"picked":"SKIP","floor":39},{"not_picked":["Bane+1","PiercingWail","Venomology"],"picked":"SKIP","floor":40},{"not_picked":["Dagger Spray+1","Outmaneuver","Expertise"],"picked":"SKIP","floor":42},{"not_picked":["Reflex","Flying Knee","Corpse Explosion"],"picked":"SKIP","floor":45},{"not_picked":["Reflex","Flying Knee","Corpse Explosion"],"picked":"SKIP","floor":45},{"not_picked":["infinitespire:UltimateForm","infinitespire:Execution"],"picked":"hubris:Rewind","floor":47},{"not_picked":["Leg Sweep","Corpse Explosion","Catalyst+1"],"picked":"SKIP","floor":47},{"not_picked":["Acrobatics+1","Quick Slash+1","Backflip"],"picked":"SKIP","floor":55}],"player_experience":923984,"relics_obtained":[{"floor":7,"key":"infinitespire:Lucky Rock"},{"floor":14,"key":"Matryoshka"},{"floor":24,"key":"War Paint"},{"floor":26,"key":"Bottled Lightning"},{"floor":26,"key":"Regal Pillow"},{"floor":29,"key":"Bag of Marbles"},{"floor":40,"key":"infinitespire:ShieldingShard"},{"floor":43,"key":"Boot"},{"floor":43,"key":"Strawberry"},{"floor":47,"key":"InkBottle"},{"floor":55,"key":"Calipers"}],"event_choices":[{"damage_healed":0,"gold_gain":0,"player_choice":"Donut","damage_taken":0,"max_hp_gain":5,"max_hp_loss":0,"event_name":"Big Fish","floor":2,"gold_loss":0},{"damage_healed":64,"gold_gain":0,"player_choice":"Upgrade","damage_taken":21,"max_hp_gain":0,"max_hp_loss":71,"event_name":"betterThird:BetterShining","floor":4,"gold_loss":0,"cards_upgraded":["Deflect","Noxious Fumes"]},{"cards_removed":["Survivor"],"damage_healed":0,"gold_gain":0,"player_choice":"Card Removal","damage_taken":7,"max_hp_gain":0,"max_hp_loss":0,"event_name":"Golden Wing","floor":13,"gold_loss":0},{"damage_healed":0,"gold_gain":0,"player_choice":"Ignored","damage_taken":0,"max_hp_gain":0,"max_hp_loss":0,"event_name":"Ghosts","floor":21,"gold_loss":0},{"damage_healed":0,"gold_gain":0,"player_choice":"Simplicity","damage_taken":0,"max_hp_gain":0,"max_hp_loss":3,"event_name":"betterThird:BetterWriting","floor":23,"gold_loss":0},{"damage_healed":0,"gold_gain":0,"player_choice":"Ignored","damage_taken":0,"max_hp_gain":0,"max_hp_loss":0,"event_name":"Tomb of Lord Red Mask","floor":48,"gold_loss":0}],"is_beta":false,"boss_relics":[{"not_picked":["hubris:CrackedHourglass","Busted Crown"],"picked":"Sozu"},{"not_picked":["Cursed Key","Calling Bell","Empty Cage"]}],"items_purged_floors":[0,0,0,0,0,0,19,37,54],"is_endless":false,"potions_floor_spawned":[3,5,18,20,24,27,31,38,42],"ascension_level":20}}