{"host":"2lrkmsuh7nz013qb","time":1608113279,"event":{"mods":["BaseMod","Colored Map","DeckTracker","Minty Spire (QoL Compilation)","SuperFastMode","everything is the same but u backflip on backflip"],"gold_per_floor":[115,131,142,87,162,162,191,204,204,204,204],"floor_reached":10,"playtime":325,"items_purged":[],"score":136,"play_id":"0f45cf8e-f728-4636-8091-1f5cda31c042","local_time":"20201216190759","is_ascension_mode":true,"campfire_choices":[{"data":"Blade Dance","floor":6,"key":"SMITH"}],"circlet_count":0,"master_deck":["AscendersBane","Strike_G","Strike_G","Strike_G","Strike_G","Strike_G","Defend_G","Defend_G","Defend_G","Defend_G","Defend_G","Survivor","Neutralize","Cloak And Dagger","Blade Dance+1","Cloak And Dagger","Calculated Gamble","Blade Dance"],"relics":["Ring of the Snake","MealTicket","Happy Flower","Tiny Chest"],"acts_visited":["Exordium"],"potions_floor_usage":[7,7],"damage_taken":[{"damage":4,"enemies":"Small Slimes","floor":1,"turns":5},{"damage":5,"enemies":"Jaw Worm","floor":2,"turns":5},{"damage":0,"enemies":"2 Louse","floor":3,"turns":3},{"damage":32,"enemies":"Gremlin Nob","floor":7,"turns":4},{"damage":5,"enemies":"Large Slime","floor":8,"turns":7},{"damage":22,"enemies":"Lagavulin","floor":10,"turns":3}],"seed_played":"-1736608070533565854","potions_obtained":[{"floor":1,"key":"CunningPotion"},{"floor":2,"key":"Dexterity Potion"},{"floor":7,"key":"Energy Potion"}],"is_trial":false,"path_per_floor":["M","M","M","$","?","R","E","M","T","E"],"character_chosen":"THE_SILENT","items_purchased":["Cloak And Dagger"],"campfire_rested":0,"item_purchase_floors":[4],"current_hp_per_floor":[55,50,50,65,54,54,22,17,17,0,0],"gold":204,"neow_bonus":"RANDOM_COMMON_RELIC","is_daily":false,"chose_seed":false,"campfire_upgraded":1,"win_rate":0.0,"timestamp":1608113279,"path_taken":["M","M","M","$","?","R","E","M","T","E"],"items_purchased_type":["Card"],"build_version":"2020-12-13","purchased_purges":0,"victory":false,"max_hp_per_floor":[66,66,66,66,66,66,66,66,66,66,66],"card_choices":[{"not_picked":["Heel Hook","Dagger Spray","Catalyst"],"picked":"SKIP","floor":1},{"not_picked":["Acrobatics","PiercingWail"],"picked":"Cloak And Dagger","floor":2},{"not_picked":["PiercingWail","Flechettes"],"picked":"Blade Dance","floor":3},{"not_picked":["Predator","Poisoned Stab"],"picked":"Calculated Gamble","floor":7},{"not_picked":["Acrobatics","Expertise"],"picked":"Blade Dance","floor":8}],"player_experience":665569,"relics_obtained":[{"floor":7,"key":"Happy Flower"},{"floor":9,"key":"Tiny Chest"}],"event_choices":[{"damage_healed":0,"gold_gain":75,"player_choice":"Gather Gold","damage_taken":11,"max_hp_gain":0,"max_hp_loss":0,"event_name":"World of Goop","floor":5,"gold_loss":0}],"is_beta":false,"boss_relics":[],"items_purged_floors":[],"is_endless":false,"potions_floor_spawned":[1,2,7],"killed_by":"Lagavulin","ascension_level":20}}