{"host":"Teixeira","time":1608103830,"event":{"mods":["2.2 Compatiblity","Ascension Reborn","BaseMod","Colored Map","Colored Powertips","Downfall","Hermit","Hubris","Minty Spire (QoL Compilation)","Permanent Neow","Rare Cards Sparkle","Relic Filter","Replay The Spire","Spicy Shops","StSLib","SuperFastMode"],"gold_per_floor":[99,99,114,114,127,159,182,199,39,73,58,70,88,101,116,218,218,218,244,258,258,258,277,304,304,356,370,370,401,417,429,35,35,50,153,153,153,153,153,153,169,180,180,230,242,275,294,304,102,102,116,116],"floor_reached":53,"playtime":3333,"items_purged":["CurseOfTheBell"],"score":813,"play_id":"24df6f38-b686-4357-a5d8-5dc32bc7a23e","local_time":"20201216043030","is_ascension_mode":true,"campfire_choices":[{"data":"Guardian:TwinSlam","floor":1.0,"key":"SMITH"},{"floor":28.0,"key":"REST"},{"data":"Guardian:PrismaticBeam","floor":37.0,"key":"SMITH"},{"data":"Guardian:PiercingHide","floor":39.0,"key":"SMITH"}],"circlet_count":0,"master_deck":["Guardian:Strike_Guardian","Guardian:Strike_Guardian","Guardian:Strike_Guardian","Guardian:Defend_Guardian","Guardian:Defend_Guardian","Guardian:Defend_Guardian","Guardian:Defend_Guardian","Guardian:CurlUp","Guardian:TwinSlam+1","Guardian:RollAttack","Guardian:PiercingHide+1","Guardian:Gem_Fragmented","Guardian:EvasiveProtocol+1","Guardian:SentryBeam+1","Guardian:PrismaticBeam+1","Guardian:EvasiveProtocol+1"],"relics":["Busted Crown","ReplayTheSpireMod:TigerMarble","Guardian:PickAxe","MealTicket","Calling Bell","Ancient Tea Set","Shuriken","Peace Pipe","ReplayTheSpireMod:Ninjato","Regal Pillow","downfall:RedIOU","Bag of Marbles","Mirror","Juzu Bracelet","Pet Ghost","ChewingGum","Replay:Baseball","Replay:Arrowhead","Vajra","Bronze Scales","Iron Hammer","Sling"],"acts_visited":["Exordium","TheCity","TheBeyond"],"potions_floor_usage":[46,52,52],"damage_taken":[{"damage":1.0,"enemies":"Jaw Worm","floor":3.0,"turns":3.0},{"damage":0.0,"enemies":"Cultist","floor":5.0,"turns":3.0},{"damage":23.0,"enemies":"Lagavulin","floor":6.0,"turns":8.0},{"damage":0.0,"enemies":"Small Slimes","floor":8.0,"turns":3.0},{"damage":0.0,"enemies":"downfall:FleeingMerchant","floor":9.0,"turns":4.0},{"damage":21.0,"enemies":"3 Sentries","floor":10.0,"turns":3.0},{"damage":0.0,"enemies":"downfall:FleeingMerchant","floor":11.0,"turns":4.0},{"damage":0.0,"enemies":"Red Slaver","floor":12.0,"turns":3.0},{"damage":0.0,"enemies":"Lots of Slimes","floor":13.0,"turns":1.0},{"damage":1.0,"enemies":"2 Fungi Beasts","floor":14.0,"turns":2.0},{"damage":0.0,"enemies":"Large Slime","floor":15.0,"turns":5.0},{"damage":15.0,"enemies":"downfall:Ironclad","floor":16.0,"turns":9.0},{"damage":47.0,"enemies":"Gremlin Leader","floor":19.0,"turns":6.0},{"damage":0.0,"enemies":"3 Byrds","floor":20.0,"turns":3.0},{"damage":1.0,"enemies":"Shell Parasite","floor":23.0,"turns":3.0},{"damage":8.0,"enemies":"Slavers","floor":24.0,"turns":5.0},{"damage":22.0,"enemies":"Centurion and Healer","floor":27.0,"turns":10.0},{"damage":3.0,"enemies":"Book of Stabbing","floor":29.0,"turns":4.0},{"damage":0.0,"enemies":"Shelled Parasite and Fungi","floor":30.0,"turns":4.0},{"damage":0.0,"enemies":"Snecko","floor":31.0,"turns":5.0},{"damage":0.0,"enemies":"downfall:FleeingMerchant","floor":32.0,"turns":4.0},{"damage":0.0,"enemies":"Cultist and Chosen","floor":34.0,"turns":3.0},{"damage":3.0,"enemies":"downfall:Silent","floor":35.0,"turns":6.0},{"damage":0.0,"enemies":"3 Darklings","floor":41.0,"turns":2.0},{"damage":0.0,"enemies":"Orb Walker","floor":42.0,"turns":2.0},{"damage":0.0,"enemies":"Mind Bloom Boss Battle","floor":44.0,"turns":3.0},{"damage":0.0,"enemies":"Transient","floor":45.0,"turns":5.0},{"damage":27,"enemies":"Nemesis","floor":46,"turns":5},{"damage":0,"enemies":"4 Shapes","floor":47,"turns":3},{"damage":0,"enemies":"Jaw Worm Horde","floor":48,"turns":3},{"damage":0,"enemies":"downfall:FleeingMerchant","floor":49,"turns":3},{"damage":0,"enemies":"Spire Growth","floor":51,"turns":3},{"damage":2,"enemies":"downfall:Defect","floor":52,"turns":5}],"seed_played":"-2723781282896162168","potions_obtained":[{"floor":6.0,"key":"Swift Potion"},{"floor":8.0,"key":"AttackPotion"},{"floor":10.0,"key":"ColorlessPotion"},{"floor":13.0,"key":"Strength Potion"},{"floor":15.0,"key":"Guardian:BlockOnCardUsePotion"},{"floor":16.0,"key":"Milkshake"},{"floor":29.0,"key":"Adrenaline Potion"},{"floor":30.0,"key":"Weak Potion"},{"floor":33.0,"key":"CultistPotion"},{"floor":41.0,"key":"Guardian:BlockOnCardUsePotion"},{"floor":48,"key":"Strength Potion"},{"floor":51,"key":"champ:CounterPotion"}],"is_trial":false,"path_per_floor":["R_BF","?","M","?","M","E","T","M","$","E","$","M","M","M","M","B",null,"R","E","M","PTL","PTL","M","E","?","T","M","R","E","M","M","$","?","M","B",null,"R","?","R","?","M","M","T","?","M","E","M","M","$","$","M","B",null],"character_chosen":"GUARDIAN","items_purchased":["Guardian:PickAxe","Juzu Bracelet","Pet Ghost","Bronze Scales","Iron Hammer","Sling"],"campfire_rested":1,"item_purchase_floors":[9,32,32,49,49,49],"current_hp_per_floor":[80,80,79,79,79,56,56,56,56,39,54,54,54,53,53,38,80,80,33,33,33,33,32,24,24,24,2,41,38,38,38,53,53,53,50,80,80,80,80,80,80,80,80,80,80,53,53,53,68,80,80,78],"gold":116,"neow_bonus":"BOSS_RELIC","is_daily":false,"chose_seed":false,"campfire_upgraded":3,"win_rate":0.0,"timestamp":1608103830,"path_taken":["R_BF","?","M","?","M","E","T","?","?","E","$","M","?","?","M","BOSS","R","E","M","PTL","PTL","M","E","?","T","M","R","E","M","M","$","?","M","BOSS","R","?","R","?","M","M","T","?","M","E","M","M","$","$","M","BOSS"],"items_purchased_type":["Relic","Relic","Relic","Relic","Relic","Relic"],"build_version":"2020-11-17","purchased_purges":1,"victory":true,"max_hp_per_floor":[80,80,80,80,80,80,80,80,80,80,80,80,80,80,80,80,80,80,80,80,80,80,80,80,80,80,80,80,80,80,80,80,80,80,80,80,80,80,80,80,80,80,80,80,80,80,80,80,80,80,80,80],"card_choices":[{"not_picked":["Guardian:ShieldCharger"],"picked":"SKIP","floor":3.0},{"not_picked":["Guardian:PrimingBeam"],"picked":"SKIP","floor":5.0},{"not_picked":["Guardian:PrimingBeam"],"picked":"SKIP","floor":6.0},{"not_picked":[],"picked":"Guardian:RollAttack","floor":8.0},{"not_picked":["Guardian:DonusPower"],"picked":"SKIP","floor":9.0},{"not_picked":[],"picked":"Guardian:Gem_Purple","floor":10.0},{"not_picked":["Guardian:Planning"],"picked":"SKIP","floor":11.0},{"not_picked":[],"picked":"Guardian:PiercingHide","floor":12.0},{"not_picked":["Guardian:RefractedBeam"],"picked":"SKIP","floor":13.0},{"not_picked":["Guardian:TemporalStrike"],"picked":"SKIP","floor":14.0},{"not_picked":[],"picked":"Guardian:Gem_Lightblue","floor":15.0},{"not_picked":[],"picked":"Guardian:Gem_Orange","floor":16.0},{"not_picked":["Guardian:Reroute"],"picked":"SKIP","floor":19.0},{"not_picked":["Guardian:PrimingBeam"],"picked":"SKIP","floor":20.0},{"not_picked":["Guardian:Recover+1"],"picked":"SKIP","floor":23.0},{"not_picked":["Guardian:MultiBeam"],"picked":"SKIP","floor":24.0},{"not_picked":["Guardian:Emergency"],"picked":"SKIP","floor":27.0},{"not_picked":[],"picked":"Guardian:EvasiveProtocol+1","floor":29.0},{"not_picked":[],"picked":"Guardian:SentryBeam+1","floor":30.0},{"not_picked":[],"picked":"Guardian:PrismaticBeam","floor":31.0},{"not_picked":["Guardian:TemporalStrike"],"picked":"SKIP","floor":32.0},{"not_picked":[],"picked":"Guardian:Gem_Purple","floor":34.0},{"not_picked":["Guardian:Gem_Cyan"],"picked":"SKIP","floor":41.0},{"not_picked":["Guardian:Gem_Green"],"picked":"SKIP","floor":42.0},{"not_picked":["Guardian:PiercingHide"],"picked":"SKIP","floor":45.0},{"not_picked":["Guardian:RollAttack"],"picked":"SKIP","floor":46},{"not_picked":["Guardian:Gem_Red"],"picked":"SKIP","floor":47},{"not_picked":["Guardian:ChargeCore+1"],"picked":"SKIP","floor":48},{"not_picked":["Guardian:RollAttack"],"picked":"SKIP","floor":49},{"not_picked":["Guardian:ShieldCharger"],"picked":"SKIP","floor":51}],"player_experience":22317,"relics_obtained":[{"floor":6.0,"key":"ReplayTheSpireMod:TigerMarble"},{"floor":7.0,"key":"Pen Nib"},{"floor":10.0,"key":"MealTicket"},{"floor":17.0,"key":"Ancient Tea Set"},{"floor":17.0,"key":"Shuriken"},{"floor":17.0,"key":"Peace Pipe"},{"floor":19.0,"key":"ReplayTheSpireMod:Ninjato"},{"floor":24.0,"key":"Regal Pillow"},{"floor":26.0,"key":"Bag of Marbles"},{"floor":29.0,"key":"Mirror"},{"floor":43.0,"key":"Replay:Baseball"},{"floor":44.0,"key":"Replay:Arrowhead"},{"floor":46,"key":"Vajra"}],"event_choices":[{"damage_healed":0.0,"max_hp_gain":0.0,"max_hp_loss":0.0,"gold_gain":0.0,"event_name":"Duplicator","player_choice":"Copied","floor":40.0,"gold_loss":0.0,"damage_taken":0.0,"cards_obtained":["Guardian:EvasiveProtocol"]}],"is_beta":true,"boss_relics":[{"not_picked":["hubris:VirtuousBlindfold","hubris:GrandSneckoEye"],"picked":"Calling Bell"},{"not_picked":["SlaversCollar","Kintsugi"],"picked":"ChewingGum"}],"items_purged_floors":[32],"is_endless":false,"potions_floor_spawned":[6,8,10,13,15,16,19,29,30,35,41,42,48,51],"ascension_level":0}}