{"host":"63yhhrjweyj22b0v","time":1608097772,"event":{"mods":["BaseMod","Minty Spire (QoL Compilation)","Quick Restart"],"gold_per_floor":[112,127,127,139,89,89,114,114,160,185,200,200,212,238,238,339,339,357,357,357,24,34,34,49,59,136,136,155,155,155],"floor_reached":29,"playtime":662,"items_purged":[],"score":257,"play_id":"ca6caca9-485e-4b9b-b0c5-fcfac1bcc366","local_time":"20201215234932","is_ascension_mode":true,"campfire_choices":[{"data":"Static Discharge","floor":6,"key":"SMITH"},{"floor":12,"key":"REST"},{"floor":15,"key":"REST"},{"data":"Echo Form","floor":23,"key":"SMITH"},{"floor":27,"key":"REST"}],"circlet_count":0,"master_deck":["Strike_B","Strike_B","Strike_B+1","Defend_B","Defend_B","Defend_B","Zap","Dualcast","Beam Cell","Static Discharge+1","Doom and Gloom+1","Glacier+1","Gash","Doom and Gloom","Consume","Beam Cell","Echo Form+1","Double Energy","Loop","Melter","Static Discharge+1","Blizzard"],"relics":["Cracked Core","NeowsBlessing","Whetstone","Ancient Tea Set","Smiling Mask","Bag of Marbles","Black Star","Blue Candle","Mummified Hand","Darkstone Periapt"],"acts_visited":["Exordium","TheCity"],"potions_floor_usage":[16,29,29],"damage_taken":[{"damage":0,"enemies":"Cultist","floor":1,"turns":1},{"damage":0,"enemies":"2 Louse","floor":2,"turns":1},{"damage":0,"enemies":"Small Slimes","floor":4,"turns":1},{"damage":31,"enemies":"3 Sentries","floor":7,"turns":3},{"damage":6,"enemies":"Gremlin Nob","floor":10,"turns":3},{"damage":5,"enemies":"2 Fungi Beasts","floor":11,"turns":3},{"damage":7,"enemies":"3 Louse","floor":13,"turns":1},{"damage":9,"enemies":"3 Sentries","floor":14,"turns":5},{"damage":37,"enemies":"The Guardian","floor":16,"turns":7},{"damage":10,"enemies":"Chosen","floor":18,"turns":4},{"damage":9,"enemies":"3 Byrds","floor":22,"turns":2},{"damage":32,"enemies":"Snake Plant","floor":24,"turns":2},{"damage":12,"enemies":"Cultist and Chosen","floor":25,"turns":5},{"damage":29,"enemies":"Centurion and Healer","floor":28,"turns":3},{"damage":9,"enemies":"Snake Plant","floor":29,"turns":1}],"seed_played":"2527451698041636504","potions_obtained":[{"floor":1,"key":"DuplicationPotion"},{"floor":7,"key":"SteroidPotion"},{"floor":10,"key":"Strength Potion"},{"floor":22,"key":"PowerPotion"},{"floor":24,"key":"Strength Potion"}],"is_trial":false,"path_per_floor":["M","M","?","M","?","R","E","?","T","E","M","R","M","E","R","B",null,"M","?","?","$","M","R","M","M","T","R","M","M"],"character_chosen":"DEFECT","items_purchased":["Mummified Hand","Loop"],"campfire_rested":3,"item_purchase_floors":[21,21],"current_hp_per_floor":[75,75,68,68,68,68,37,37,37,31,26,48,41,32,54,17,75,65,65,65,65,56,56,24,12,12,34,5,0,0],"gold":155,"neow_bonus":"THREE_ENEMY_KILL","is_daily":false,"chose_seed":false,"campfire_upgraded":2,"win_rate":0.0,"timestamp":1608097772,"path_taken":["M","?","?","M","?","R","E","?","T","E","M","R","M","E","R","BOSS","M","?","?","$","?","R","M","M","T","R","M","M"],"items_purchased_type":["Relic","Card"],"build_version":"2020-12-13","purchased_purges":0,"victory":false,"max_hp_per_floor":[75,75,75,75,75,75,75,75,75,75,75,75,75,75,75,75,75,75,75,75,75,75,75,75,75,75,75,75,75,75],"card_choices":[{"not_picked":["Scrape","Recycle"],"picked":"Beam Cell","floor":1},{"not_picked":["Chaos","Doom and Gloom"],"picked":"Static Discharge","floor":2},{"not_picked":["White Noise","BootSequence"],"picked":"Doom and Gloom","floor":4},{"not_picked":["Conserve Battery","Sweeping Beam"],"picked":"Glacier","floor":7},{"not_picked":["Auto Shields","Scrape"],"picked":"Gash","floor":10},{"not_picked":["Barrage","Conserve Battery"],"picked":"Doom and Gloom","floor":11},{"not_picked":["Gash","FTL"],"picked":"Consume","floor":13},{"not_picked":["Sunder","Gash"],"picked":"Beam Cell","floor":14},{"not_picked":["All For One","Biased Cognition"],"picked":"Echo Form","floor":16},{"not_picked":["Go for the Eyes+1","Cold Snap"],"picked":"Double Energy","floor":18},{"not_picked":["Sweeping Beam","Aggregate"],"picked":"Melter","floor":22},{"not_picked":["Force Field","Storm"],"picked":"Static Discharge+1","floor":24},{"not_picked":["Melter","Streamline","Redo"],"picked":"SKIP","floor":25},{"not_picked":["Sweeping Beam","Stack"],"picked":"Blizzard","floor":28}],"player_experience":604297,"relics_obtained":[{"floor":7,"key":"Whetstone"},{"floor":9,"key":"Ancient Tea Set"},{"floor":10,"key":"Smiling Mask"},{"floor":14,"key":"Bag of Marbles"},{"floor":26,"key":"Darkstone Periapt"}],"event_choices":[{"cards_removed":["Strike_B"],"damage_healed":0,"gold_gain":0,"player_choice":"Card Removal","damage_taken":7,"max_hp_gain":0,"max_hp_loss":0,"event_name":"Golden Wing","floor":3,"gold_loss":0},{"cards_removed":["Defend_B"],"damage_healed":0,"gold_gain":0,"player_choice":"Card Removal","damage_taken":0,"max_hp_gain":0,"max_hp_loss":0,"event_name":"The Cleric","floor":5,"gold_loss":50},{"damage_healed":0,"gold_gain":0,"player_choice":"Grow","damage_taken":0,"max_hp_gain":0,"max_hp_loss":0,"event_name":"Living Wall","floor":8,"gold_loss":0,"cards_upgraded":["Glacier"]},{"damage_healed":0,"gold_gain":0,"player_choice":"Ignored","damage_taken":0,"max_hp_gain":0,"max_hp_loss":0,"event_name":"Vampires","floor":19,"gold_loss":0},{"damage_healed":0,"gold_gain":0,"player_choice":"Gave Potion","damage_taken":0,"relics_obtained":["Blue Candle"],"max_hp_gain":0,"max_hp_loss":0,"event_name":"WeMeetAgain","floor":20,"gold_loss":0}],"is_beta":false,"boss_relics":[{"not_picked":["Snecko Eye","Empty Cage"],"picked":"Black Star"}],"items_purged_floors":[],"is_endless":false,"potions_floor_spawned":[1,7,10,11,13,22,24],"killed_by":"Snake Plant","ascension_level":1}}