{"host":"lw874zp3en0pz6a7","time":1608104462,"event":{"mods":["Act Like it!","BaseMod","Downfall","Key Reminder","KinomotoSakuraMod(木之本樱)","LagranYue(拉格朗・月)","Luminous","Marisa（F雨　魔理沙）","Minty Spire (QoL Compilation)","Quick Restart","READ ME - Guardian Mod","Reimu（博丽灵梦）","Remilia（蕾米莉亚）","Replay The Spire","SIMod","SOS（斯巴达之子）","Shop Mod","StSLib","Td1madao Mod","The Administrix","The Bladedancer","The Bug Knight","The Construct","The Cursed","The Gatherer","The Runesmith","The Servant 0.9.4","WarShipGirlsR/战舰少女R mod","Youmu（魂魄妖梦）","[地精首领爬塔]The Maniac","vexMod"],"gold_per_floor":[112,387,113,188,188,188,219,219,219,239,250,225,33,46,46,143,143,160,160,179,196,207,207,241,257,257,313,23,44,55,87,87,202,202,229,431,486,486,486],"floor_reached":38,"playtime":1922,"items_purged":["Regret"],"score":535,"play_id":"4292e009-d0cf-4246-b820-dae34581cca1","local_time":"20201216154102","is_ascension_mode":true,"campfire_choices":[{"data":"construct:Autoturret","floor":6.0,"key":"SMITH"},{"data":"construct:DefenseMode","floor":8.0,"key":"SMITH"},{"data":"construct:Autoturret","floor":15.0,"key":"SMITH"},{"data":"construct:Autoturret","floor":23.0,"key":"SMITH"},{"data":"construct:FlameCore","floor":32.0,"key":"SMITH"}],"circlet_count":0,"master_deck":["construct:Strike_Gold+1","construct:Strike_Gold","construct:Strike_Gold","construct:Strike_Gold","construct:Strike_Gold","construct:Defend_Gold+2","construct:Defend_Gold+1","construct:Defend_Gold+1","construct:DefenseMode+1","construct:Autoturret+1","construct:LaserCore+1","construct:Autoturret+1","construct:ClockworkEgg+1","construct:Autoturret+1","construct:Forcefield+1","construct:Reinforce","construct:Zapper+1","construct:ElectricArmor","construct:Failsafe","construct:FlameCore+1","construct:Reserves","construct:SiegeForm+1","construct:SaveState+1","construct:ReactiveShield+1"],"relics":["construct:Cogwheel","LagranYue:RandomDrawCardRelic","NeowsBlessing","Bag of Preparation","MealTicket","keyreminder:keyreminder","Anchor","vexMod:ImprovementManual","Blue Doll","vexMod:ConsolationPrize","Simple Rune","Letter Opener","HollowMod:StagPassRelic","Astrolabe"],"acts_visited":["Exordium","TheCity","TheBeyond"],"potions_floor_usage":[],"damage_taken":[{"damage":0.0,"enemies":"2 Louse","floor":1.0,"turns":1.0},{"damage":0.0,"enemies":"3 Sentries","floor":7.0,"turns":2.0},{"damage":0.0,"enemies":"Cultist","floor":10.0,"turns":1.0},{"damage":0.0,"enemies":"Small Slimes","floor":11.0,"turns":5.0},{"damage":5.0,"enemies":"Looter","floor":14.0,"turns":4.0},{"damage":32.0,"enemies":"The Guardian","floor":16.0,"turns":15.0},{"damage":10.0,"enemies":"Shell Parasite","floor":18.0,"turns":7.0},{"damage":0.0,"enemies":"Chosen","floor":20.0,"turns":8.0},{"damage":0.0,"enemies":"Snecko","floor":21.0,"turns":6.0},{"damage":20.0,"enemies":"Cultist and Chosen","floor":22.0,"turns":13.0},{"damage":1.0,"enemies":"Replay:Snechameleon","floor":24.0,"turns":9.0},{"damage":3.0,"enemies":"Snake Plant","floor":25.0,"turns":6.0},{"damage":27.0,"enemies":"Slavers","floor":27.0,"turns":11.0},{"damage":2.0,"enemies":"Sentry and Sphere","floor":29.0,"turns":9.0},{"damage":0.0,"enemies":"Snecko","floor":30.0,"turns":6.0},{"damage":0.0,"enemies":"HollowMod:Nosk","floor":31.0,"turns":8.0},{"damage":14.0,"enemies":"Automaton","floor":33.0,"turns":10.0},{"damage":13.0,"enemies":"3 Shapes","floor":35.0,"turns":6.0},{"damage":44,"enemies":"3 Darklings","floor":37,"turns":6},{"damage":16,"enemies":"Transient","floor":38,"turns":2}],"seed_played":"7641395873461141696","potions_obtained":[{"floor":1.0,"key":"Cursed Concoction"},{"floor":10.0,"key":"Toxic Potion"},{"floor":11.0,"key":"EntropicBrew"},{"floor":16.0,"key":"DistilledChaos"},{"floor":21.0,"key":"DuplicationPotion"},{"floor":22.0,"key":"Energy Potion"},{"floor":25.0,"key":"Regen Potion"},{"floor":27.0,"key":"Dexterity Potion"},{"floor":37,"key":"hexamod:EctoCoolerPotion"}],"is_trial":false,"path_per_floor":["M","?","$","?","?","R","E","R","T","M","M","?","$","M","R","B",null,"M","?","M","M","M","R","E","M","T","E","$","M","M","E","R","B",null,"M","?","M","M"],"character_chosen":"THE_CONSTRUCT_MOD","items_purchased":["construct:Autoturret","Bag of Preparation","construct:Autoturret","Anchor","construct:Zapper+1","Letter Opener"],"campfire_rested":0,"item_purchase_floors":[3,3,13,13,28,28],"current_hp_per_floor":[85,85,85,74,79,79,79,79,79,79,79,79,90,85,85,53,90,80,80,80,80,60,60,59,56,56,29,44,42,42,42,42,28,90,77,55,11,0,0],"gold":486,"neow_bonus":"THREE_ENEMY_KILL","is_daily":false,"chose_seed":false,"campfire_upgraded":5,"win_rate":0.0,"timestamp":1608104462,"path_taken":["M","?","?","?","?","R","E","R","T","M","M","?","$","?","R","BOSS","M","?","M","M","M","R","E","M","T","E","$","M","M","E","R","BOSS","M","?","?","M"],"items_purchased_type":["Card","Relic","Card","Relic","Card","Relic"],"build_version":"2020-12-13","purchased_purges":1,"victory":false,"max_hp_per_floor":[85,85,85,85,90,90,90,90,90,90,90,90,90,90,90,90,90,90,90,90,90,90,90,90,90,90,90,90,90,90,90,90,90,90,90,90,90,90,90],"card_choices":[{"not_picked":["construct:Electrocute","construct:UnbalancingBlast","construct:Versatility"],"picked":"SKIP","floor":1.0},{"not_picked":["construct:SweepLaser","construct:ScrapCannon","construct:Boost"],"picked":"SKIP","floor":7.0},{"not_picked":["construct:Boost","construct:SyphonStrike"],"picked":"construct:LaserCore","floor":10.0},{"not_picked":["construct:Dampening","construct:Backfire","construct:Construct_Overclock"],"picked":"SKIP","floor":11.0},{"not_picked":["construct:Boost","construct:SweepLaser","construct:ShiftStrike"],"picked":"SKIP","floor":14.0},{"not_picked":["construct:HyperBeam","construct:MassProduction"],"picked":"construct:ClockworkEgg","floor":16.0},{"not_picked":["construct:FierceBash+1","construct:Electrocute"],"picked":"construct:Autoturret","floor":18.0},{"not_picked":["construct:PointDefense+1","construct:Electrocute"],"picked":"construct:Forcefield+1","floor":20.0},{"not_picked":["construct:Forcefield","construct:Dampening"],"picked":"construct:Reinforce","floor":21.0},{"not_picked":["construct:SyphonStrike","construct:Tumble","construct:ChargeShot"],"picked":"SKIP","floor":22.0},{"not_picked":["construct:Reinforce+1","construct:ScrapCannon","construct:FocusedBeam"],"picked":"SKIP","floor":24.0},{"not_picked":["construct:VentSteam","construct:PanicFire","construct:ChargeShot+1"],"picked":"SKIP","floor":25.0},{"not_picked":["construct:Analyze+1","construct:Accumulate","construct:Backup"],"picked":"SKIP","floor":27.0},{"not_picked":["construct:ShiftStrike+1","construct:Accumulate"],"picked":"construct:ElectricArmor","floor":29.0},{"not_picked":["construct:ClusterMines","construct:Hazardproof"],"picked":"construct:Failsafe","floor":30.0},{"not_picked":["construct:QuickAttack+1","construct:HastyRepair"],"picked":"construct:FlameCore","floor":31.0},{"not_picked":["construct:PanicFire","construct:SpinDrive"],"picked":"construct:Reserves","floor":33.0},{"not_picked":["construct:ModeShift+1","construct:Stasis","construct:MetalShell+1"],"picked":"SKIP","floor":35.0},{"not_picked":["construct:Forcefield","construct:ShiftStrike","construct:ScrapCannon"],"picked":"SKIP","floor":37}],"player_experience":261148,"relics_obtained":[{"floor":7.0,"key":"MealTicket"},{"floor":24.0,"key":"Blue Doll"},{"floor":26.0,"key":"vexMod:ConsolationPrize"},{"floor":27.0,"key":"Simple Rune"},{"floor":31.0,"key":"HollowMod:StagPassRelic"}],"event_choices":[{"damage_healed":0.0,"max_hp_gain":0.0,"max_hp_loss":0.0,"gold_gain":275.0,"event_name":"Golden Shrine","player_choice":"Desecrate","floor":2.0,"gold_loss":0.0,"damage_taken":0.0,"cards_obtained":["Regret"]},{"damage_healed":0.0,"max_hp_gain":0.0,"max_hp_loss":0.0,"gold_gain":75.0,"event_name":"World of Goop","player_choice":"Gather Gold","floor":4.0,"gold_loss":0.0,"damage_taken":11.0},{"damage_healed":0.0,"max_hp_gain":5.0,"max_hp_loss":0.0,"gold_gain":0.0,"event_name":"Big Fish","player_choice":"Donut","floor":5.0,"gold_loss":0.0,"damage_taken":0.0},{"damage_healed":0.0,"max_hp_gain":0.0,"max_hp_loss":0.0,"gold_gain":0.0,"event_name":"Vampires","player_choice":"Ignored","floor":19.0,"gold_loss":0.0,"damage_taken":0.0}],"is_beta":false,"boss_relics":[{"not_picked":["Replay:Ancient Bell","Empty Cage"],"picked":"vexMod:ImprovementManual"},{"not_picked":["ReplayTheSpireMod:DimensionalGlitch","Tiny House"],"picked":"Astrolabe"}],"items_purged_floors":[3],"is_endless":false,"potions_floor_spawned":[1,10,11,16,21,22,25,27,29,33,37],"killed_by":"Transient","ascension_level":1}}