{"host":"b94931fzay7ri6da","time":1608095650,"event":{"mods":["AchievementEnabler","BaseMod","Colored Map","Colored Powertips","Downfall","Minty Spire (QoL Compilation)","Quick Restart","StSLib","SuperFastMode"],"gold_per_floor":[110,127,92,92,106,140,140,200,224,25,36,98,123,140,140,241,241,260,260,288,288,288],"floor_reached":21,"playtime":1038,"items_purged":[],"score":202,"play_id":"3597c4a5-e8fe-4360-8694-9a9f5c8abaf2","local_time":"20201216051410","is_ascension_mode":false,"campfire_choices":[{"data":"CrushJoints","floor":7,"key":"SMITH"},{"floor":15,"key":"REST"}],"circlet_count":0,"master_deck":["Strike_P","Strike_P","Strike_P","Strike_P","Defend_P","Defend_P","Defend_P","Defend_P","Eruption","Vigilance","Worship","CrushJoints+1","Halt","WindmillStrike","Establishment","FollowUp","Crescendo","JustLucky","Perseverance","DevaForm","EmptyFist","Sanctity"],"relics":["PureWater","TungstenRod","Vajra","Art of War","Orichalcum","Happy Flower","Dream Catcher","Runic Dome","Red Mask"],"acts_visited":["Exordium","TheCity"],"potions_floor_usage":[6,6,16,16,20,20],"damage_taken":[{"damage":14,"enemies":"Small Slimes","floor":1,"turns":3},{"damage":0,"enemies":"Cultist","floor":2,"turns":2},{"damage":0,"enemies":"Jaw Worm","floor":5,"turns":3},{"damage":14,"enemies":"Lagavulin","floor":6,"turns":5},{"damage":24,"enemies":"3 Sentries","floor":8,"turns":5},{"damage":0,"enemies":"Looter","floor":11,"turns":2},{"damage":3,"enemies":"Blue Slaver","floor":14,"turns":2},{"damage":23,"enemies":"The Guardian","floor":16,"turns":5},{"damage":33,"enemies":"2 Thieves","floor":18,"turns":5},{"damage":43,"enemies":"Masked Bandits","floor":20,"turns":6},{"damage":1,"enemies":"Spheric Guardian","floor":21,"turns":2}],"seed_played":"3474264211084448997","potions_obtained":[{"floor":1,"key":"champ:CounterPotion"},{"floor":2,"key":"Fruit Juice"},{"floor":8,"key":"PowerPotion"},{"floor":11,"key":"SkillPotion"},{"floor":16,"key":"SneckoOil"},{"floor":18,"key":"SpeedPotion"}],"is_trial":false,"path_per_floor":["M","M","?","?","M","E","R","?","T","$","M","?","T","M","R","B",null,"M","?","?","M"],"character_chosen":"WATCHER","items_purchased":["Happy Flower","FollowUp"],"campfire_rested":1,"item_purchase_floors":[10,10],"current_hp_per_floor":[37,37,55,55,55,46,46,22,22,22,22,22,22,19,42,19,77,44,44,1,0,0],"gold":288,"neow_bonus":"ONE_RARE_RELIC","is_daily":false,"chose_seed":false,"campfire_upgraded":1,"win_rate":0.0,"timestamp":1608095650,"path_taken":["M","M","?","?","?","E","R","?","T","$","M","?","?","M","R","BOSS","M","?","?","M"],"items_purchased_type":["Relic","Card"],"build_version":"2020-12-13","purchased_purges":0,"victory":false,"max_hp_per_floor":[72,72,72,72,72,77,77,77,77,77,77,77,77,77,77,77,77,77,77,77,77,77],"card_choices":[{"not_picked":["EmptyBody","Nirvana"],"picked":"Worship","floor":1},{"not_picked":["WreathOfFlame","Study"],"picked":"CrushJoints","floor":2},{"not_picked":["Evaluate","FlyingSleeves"],"picked":"Halt","floor":5},{"not_picked":["Perseverance","Conclude"],"picked":"WindmillStrike","floor":6},{"not_picked":["Conclude","BowlingBash"],"picked":"Establishment","floor":8},{"not_picked":["CutThroughFate","PathToVictory"],"picked":"Crescendo","floor":11},{"not_picked":["Halt","CrushJoints"],"picked":"JustLucky","floor":14},{"not_picked":["WreathOfFlame","CutThroughFate"],"picked":"Perseverance","floor":15},{"not_picked":["Brilliance","Establishment"],"picked":"DevaForm","floor":16},{"not_picked":["WreathOfFlame","JustLucky"],"picked":"EmptyFist","floor":18},{"not_picked":["BowlingBash","JustLucky+1"],"picked":"Sanctity","floor":20}],"player_experience":292927,"relics_obtained":[{"floor":6,"key":"Vajra"},{"floor":9,"key":"Orichalcum"},{"floor":13,"key":"Dream Catcher"},{"floor":20,"key":"Red Mask"}],"event_choices":[{"damage_healed":18,"gold_gain":0,"player_choice":"Healed","damage_taken":0,"max_hp_gain":0,"max_hp_loss":0,"event_name":"The Cleric","floor":3,"gold_loss":35},{"damage_healed":0,"gold_gain":0,"player_choice":"Ignored","damage_taken":0,"max_hp_gain":0,"max_hp_loss":0,"event_name":"NoteForYourself","floor":4,"gold_loss":0},{"damage_healed":0,"gold_gain":0,"player_choice":"Searched \u00272\u0027 times","damage_taken":0,"relics_obtained":["Art of War"],"max_hp_gain":0,"max_hp_loss":0,"event_name":"Dead Adventurer","floor":8,"gold_loss":0},{"damage_healed":0,"gold_gain":62,"player_choice":"Gained Gold","damage_taken":0,"max_hp_gain":0,"max_hp_loss":0,"event_name":"Golden Wing","floor":12,"gold_loss":0},{"damage_healed":0,"gold_gain":0,"player_choice":"Ignored","damage_taken":0,"max_hp_gain":0,"max_hp_loss":0,"event_name":"Ghosts","floor":19,"gold_loss":0},{"damage_healed":0,"gold_gain":0,"player_choice":"Fought Bandits","damage_taken":0,"max_hp_gain":0,"max_hp_loss":0,"event_name":"Masked Bandits","floor":20,"gold_loss":0}],"is_beta":false,"boss_relics":[{"not_picked":["Philosopher\u0027s Stone","SacredBark"],"picked":"Runic Dome"}],"items_purged_floors":[],"is_endless":false,"potions_floor_spawned":[1,2,8,11,16,18],"killed_by":"Spheric Guardian","ascension_level":0}}