{"host":"e40jm352kjzixotw","time":1608155846,"event":{"mods":["BaseMod","Better Altar","BetterRewards","Colored Map","Colored Powertips","DeckTracker","Dota2Spire","Downfall","Infinite Spire","Koishi","Marisa????????","Minty Spire (QoL Compilation)","Rare Cards Sparkle","Relic Stats","StSLib","Td1madao Mod","The Animator","The Mystic","The Servant 0.9.4"],"gold_per_floor":[116,134,134,153,153,178,178,206,285,285,316,330,28,62,62,166,166,190,36,57,80,100,143,143,155,155,173,173],"floor_reached":27,"playtime":1862,"items_purged":["Strike_S","Defend_S"],"score":302,"play_id":"0f4a2c01-6ca1-4fe4-ad98-9be412ad27e3","local_time":"20201216225726","is_ascension_mode":true,"campfire_choices":[{"data":"Potential","floor":7,"key":"SMITH"},{"data":"Luminosity","floor":15,"key":"SMITH"},{"floor":24,"key":"REST"}],"circlet_count":0,"master_deck":["Strike_S","Strike_S","Defend_S","Defend_S","Defend_S","KidneyShot","Exchange","Dilation","Luminosity+1","Foresight","Potential+1","FloweringNight","Advance","TimeWarp","Collapse","MurderousAura","Replace","Comet","BottledTime+1"],"relics":["Uniform","Dota2Spire:HeartOfTarrasque","infinitespire:PuzzleCube","Pantograph","CultistMask","infinitespire:Satchel","ClockworkSouvenir","infinitespire:Midas Blood","Black Star","Oddly Smooth Stone","Bottled Flame","StoneCalendar"],"acts_visited":["Exordium","TheCity"],"potions_floor_usage":[8,23,23,23],"damage_taken":[{"damage":2,"enemies":"Cultist","floor":1,"turns":4},{"damage":0,"enemies":"Small Slimes","floor":2,"turns":4},{"damage":0,"enemies":"2 Louse","floor":4,"turns":4},{"damage":8,"enemies":"Lagavulin","floor":6,"turns":10},{"damage":22,"enemies":"Gremlin Nob","floor":8,"turns":4},{"damage":0,"enemies":"Lagavulin","floor":11,"turns":6},{"damage":0,"enemies":"Looter","floor":12,"turns":3},{"damage":6,"enemies":"3 Sentries","floor":14,"turns":4},{"damage":21,"enemies":"Slime Boss","floor":16,"turns":6},{"damage":6,"enemies":"Shell Parasite","floor":18,"turns":3},{"damage":27,"enemies":"2 Thieves","floor":20,"turns":4},{"damage":6,"enemies":"Centurion and Healer","floor":21,"turns":3},{"damage":17,"enemies":"Sentry and Sphere","floor":22,"turns":4},{"damage":13,"enemies":"Slavers","floor":23,"turns":5},{"damage":0,"enemies":"Snecko","floor":25,"turns":4},{"damage":29,"enemies":"Book of Stabbing","floor":27,"turns":5}],"seed_played":"8112421018853918543","potions_obtained":[{"floor":1,"key":"Dota2Spire:Clarity"},{"floor":6,"key":"Dexterity Potion"},{"floor":8,"key":"BlessingOfTheForge"},{"floor":12,"key":"EssenceOfSteel"},{"floor":21,"key":"Slimebound:ThreeZeroPotion"}],"is_trial":false,"path_per_floor":["M","M","?","M","?","E","R","E","T","?","E","M","$","E","R","B",null,"M","$","M","M","M","E","R","M","T","E"],"character_chosen":"THE_SERVANT","items_purchased":["ClockworkSouvenir","Collapse","Replace"],"campfire_rested":1,"item_purchase_floors":[13,13,19],"current_hp_per_floor":[63,63,63,63,56,56,56,34,34,34,38,38,38,32,32,36,73,67,67,40,34,17,4,25,29,29,0,0],"gold":173,"neow_bonus":"ONE_RANDOM_RARE_CARD","is_daily":false,"chose_seed":false,"campfire_upgraded":2,"win_rate":0.0,"timestamp":1608155846,"path_taken":["M","?","?","M","?","E","R","E","T","?","E","M","$","E","R","BOSS","M","$","M","?","M","E","R","M","T","E"],"items_purchased_type":["Relic","Card","Card"],"build_version":"2020-12-13","purchased_purges":2,"victory":false,"max_hp_per_floor":[65,65,65,65,65,73,73,73,73,73,73,73,73,73,73,73,73,73,73,73,73,73,73,73,73,73,73,73],"relic_stats":{"counters":[16,73],"Pantograph":25,"StoneCalendar":[0],"Black Star":1,"obtain_stats":[{"Bottled Flame":23,"Pantograph":9,"infinitespire:Satchel":11,"Oddly Smooth Stone":23,"StoneCalendar":26,"CultistMask":10,"Uniform":0,"Dota2Spire:HeartOfTarrasque":6,"Black Star":17,"infinitespire:PuzzleCube":8,"ClockworkSouvenir":13,"infinitespire:Midas Blood":14},{"Bottled Flame":14,"Pantograph":5,"infinitespire:Satchel":6,"Oddly Smooth Stone":14,"StoneCalendar":15,"CultistMask":5,"Uniform":0,"Dota2Spire:HeartOfTarrasque":4,"Black Star":9,"infinitespire:PuzzleCube":5,"ClockworkSouvenir":7,"infinitespire:Midas Blood":8},{"Bottled Flame":64,"Pantograph":26,"infinitespire:Satchel":32,"Oddly Smooth Stone":64,"StoneCalendar":68,"CultistMask":26,"Uniform":0,"Dota2Spire:HeartOfTarrasque":22,"Black Star":45,"infinitespire:PuzzleCube":26,"ClockworkSouvenir":35,"infinitespire:Midas Blood":39}]},"card_choices":[{"not_picked":["Revamp","Alleviate"],"picked":"Luminosity","floor":1},{"not_picked":["Defy","TimeTheft"],"picked":"Foresight","floor":2},{"not_picked":["Advance","RealityMarble","Starlight"],"picked":"SKIP","floor":4},{"not_picked":["ShatteredReality","Defy"],"picked":"Potential","floor":6},{"not_picked":["Moondial","Spin"],"picked":"FloweringNight","floor":8},{"not_picked":["RealityMarble","Sabotage"],"picked":"Advance","floor":11},{"not_picked":["Rearm","Unruled"],"picked":"TimeWarp","floor":12},{"not_picked":["Defy","Starlight","Hightail"],"picked":"SKIP","floor":14},{"not_picked":["Deny","Solidify"],"picked":"MurderousAura","floor":16},{"not_picked":["Starlight","FastForward","Potential"],"picked":"SKIP","floor":18},{"not_picked":["StarChef+1","RealityMarble"],"picked":"Comet","floor":20},{"not_picked":["Unruled","BottledTime","Ricochet"],"picked":"SKIP","floor":21},{"not_picked":["Alleviate+1","Rearm+1","Spin"],"picked":"SKIP","floor":22},{"not_picked":["Rewind","SurpressingFire+1","Ricochet+1"],"picked":"SKIP","floor":23},{"not_picked":["FastForward","Alleviate+1"],"picked":"BottledTime+1","floor":25}],"player_experience":1223772,"relics_obtained":[{"floor":6,"key":"Dota2Spire:HeartOfTarrasque"},{"floor":8,"key":"infinitespire:PuzzleCube"},{"floor":9,"key":"Pantograph"},{"floor":11,"key":"infinitespire:Satchel"},{"floor":14,"key":"infinitespire:Midas Blood"},{"floor":23,"key":"Oddly Smooth Stone"},{"floor":23,"key":"Bottled Flame"},{"floor":26,"key":"StoneCalendar"}],"event_choices":[{"cards_removed":["Strike_S"],"damage_healed":0,"gold_gain":0,"player_choice":"Card Removal","damage_taken":7,"max_hp_gain":0,"max_hp_loss":0,"event_name":"Golden Wing","floor":5,"gold_loss":0},{"damage_healed":0,"gold_gain":0,"player_choice":"Trade","damage_taken":0,"relics_obtained":["CultistMask"],"max_hp_gain":0,"max_hp_loss":0,"event_name":"FaceTrader","floor":10,"gold_loss":0}],"is_beta":false,"boss_relics":[{"not_picked":["Philosopher\u0027s Stone","Fusion Hammer"],"picked":"Black Star"}],"items_purged_floors":[13,19],"is_endless":false,"potions_floor_spawned":[1,6,8,12,20,21],"killed_by":"Book of Stabbing","ascension_level":1}}