{"host":"ssviq0y9yg8c9gbe","time":1608160730,"event":{"mods":["AchievementEnabler","Act Like it!","BaseMod","Colored Map","Colored Powertips","Downfall","Hallownest","Highlight Path","Hubris","Minty Spire (QoL Compilation)","Replay The Spire","StSLib"],"gold_per_floor":[99,115,115,129,149,149,172,22,48,48,62,62,47,59,77,177,177,177,125,141,157,142,158,233,333,333,333,350,365,379,399,409,509,559,559,576,518,518,530,530,577,588,638,638,483,497,510,231,251,251],"floor_reached":51,"playtime":3878,"items_purged":[],"score":705,"play_id":"808fced2-38d3-4bfe-8b55-c9ef53345cee","local_time":"20201216181850","is_ascension_mode":false,"campfire_choices":[{"data":"hexamod:Sear","floor":1,"key":"SMITH"},{"floor":6,"key":"RECALL"},{"data":"hexamod:GhostflameBarrier","floor":8,"key":"SMITH"},{"data":"hexamod:ShieldOfDarkness","floor":10,"key":"SMITH"},{"data":"hexamod:FastForward","floor":18,"key":"SMITH"},{"floor":27,"key":"REST"},{"data":"hexamod:StepThrough","floor":35,"key":"SMITH"},{"floor":38,"key":"REST"},{"floor":44,"key":"REST"}],"circlet_count":0,"master_deck":["hexamod:Strike+1","hexamod:Strike","hexamod:Strike","hexamod:Defend","hexamod:Defend","hexamod:Defend","hexamod:Sear+1","hexamod:Float","hexamod:ShieldOfDarkness+1","hexamod:Firestarter","hexamod:GhostflameBarrier+1","hexamod:EmpoweredFlame","hexamod:StepThrough","hexamod:FastForward+1","hexamod:GhostLash","hexamod:WildfireWeapon","hexamod:GhostLash","hexamod:ShieldOfDarkness+1","hexamod:StepThrough+1","hexamod:HeatMetal+1","hexamod:SoulSteal","hexamod:RadiantFlame+1","hexamod:AdvancingGuard+1","hexamod:CrushingStance","hexamod:ThermalTransfer+1","hexamod:VolcanoVisage","hexamod:ThermalTransfer+1","hexamod:GhostLash+1","hexamod:BurningTouch","hexamod:FastForward+1","hexamod:GhostflameInferno","hexamod:FirstSeal","hexamod:AdvancingGuard+1","hexamod:ThermalTransfer+1","hexamod:StepThrough+1","hexamod:GhostLash","hexamod:Hexaguard","hexamod:SkipABeat+1"],"relics":["hexamod:SpiritBrand","downfall:HeartBlessingBlue","downfall:HeartBlessingRed","Bronze Scales","ChewingGum","Letter Opener","Tiny House","Iron Hammer","Oddly Smooth Stone","Dream Catcher","Omamori","Toolbox","Snack Pack"],"acts_visited":["Exordium","TheCity","TheBeyond"],"potions_floor_usage":[16,16,16,33,33,50,50],"damage_taken":[{"damage":0,"enemies":"Jaw Worm","floor":2,"turns":4},{"damage":0,"enemies":"Cultist","floor":4,"turns":3},{"damage":5,"enemies":"Small Slimes","floor":5,"turns":4},{"damage":12,"enemies":"Lagavulin","floor":9,"turns":6},{"damage":15,"enemies":"Gremlin Gang","floor":11,"turns":4},{"damage":0,"enemies":"downfall:FleeingMerchant","floor":13,"turns":4},{"damage":5,"enemies":"Exordium Thugs","floor":14,"turns":5},{"damage":0,"enemies":"Red Slaver","floor":15,"turns":3},{"damage":22,"enemies":"downfall:Ironclad","floor":16,"turns":6},{"damage":0,"enemies":"downfall:FleeingMerchant","floor":19,"turns":4},{"damage":1,"enemies":"Shell Parasite","floor":20,"turns":4},{"damage":0,"enemies":"Chosen","floor":21,"turns":4},{"damage":0,"enemies":"downfall:FleeingMerchant","floor":22,"turns":4},{"damage":20,"enemies":"Snake Plant","floor":23,"turns":3},{"damage":0,"enemies":"Centurion and Healer","floor":28,"turns":4},{"damage":0,"enemies":"Snecko","floor":29,"turns":5},{"damage":0,"enemies":"Snake Plant","floor":30,"turns":3},{"damage":23,"enemies":"Shelled Parasite and Fungi","floor":31,"turns":5},{"damage":14,"enemies":"Centurion and Healer","floor":32,"turns":5},{"damage":14,"enemies":"downfall:Silent","floor":33,"turns":6},{"damage":9,"enemies":"Orb Walker","floor":36,"turns":4},{"damage":0,"enemies":"downfall:FleeingMerchant","floor":37,"turns":3},{"damage":3,"enemies":"3 Darklings","floor":39,"turns":5},{"damage":12,"enemies":"Sphere and 2 Shapes","floor":42,"turns":5},{"damage":0,"enemies":"Writhing Mass","floor":46,"turns":6},{"damage":27,"enemies":"3 Darklings","floor":47,"turns":4},{"damage":0,"enemies":"Transient","floor":49,"turns":5},{"damage":63,"enemies":"downfall:Defect","floor":50,"turns":9}],"seed_played":"5805071316912712512","potions_obtained":[{"floor":9,"key":"Elixir"},{"floor":11,"key":"Fire Potion"},{"floor":14,"key":"ColorlessPotion"},{"floor":16,"key":"champ:CounterPotion"},{"floor":21,"key":"Block Potion"},{"floor":28,"key":"FairyPotion"},{"floor":32,"key":"CultistPotion"},{"floor":34,"key":"champ:CounterPotion"},{"floor":39,"key":"Elixir"},{"floor":42,"key":"Venom Potion"},{"floor":47,"key":"ColorlessPotion"}],"is_trial":false,"path_per_floor":["R","M","?","M","M","R","T","R","E","R","M","?","$","M","M","B",null,"R","$","M","M","$","M","T","?","?","R","M","M","M","M","M","B",null,"R","M","$","R","M","?","T","M","?","R","$","M","M","$","M","B",null],"character_chosen":"THE_SPIRIT","items_purchased":["hexamod:ShieldOfDarkness+1","Iron Hammer","Oddly Smooth Stone","Toolbox","Snack Pack","hexamod:Hexaguard"],"campfire_rested":3,"item_purchase_floors":[19,37,37,45,48,48],"current_hp_per_floor":[77,77,77,77,72,72,72,82,70,70,55,55,55,50,50,28,87,87,87,86,86,86,66,66,66,66,87,87,87,87,64,50,36,92,92,83,83,92,89,89,89,77,54,81,81,88,61,61,67,10],"gold":251,"neow_bonus":"TEN_PERCENT_HP_BONUS","is_daily":false,"chose_seed":false,"campfire_upgraded":5,"win_rate":0.0,"timestamp":1608160730,"path_taken":["R","M","?","M","M","R","T","R","E","R","?","?","?","M","M","BOSS","R","$","M","M","$","?","T","?","?","R","?","M","M","M","M","BOSS","R","M","$","R","M","?","T","M","?","R","$","M","M","$","M","BOSS"],"items_purchased_type":["Card","Relic","Relic","Relic","Relic","Card"],"build_version":"2020-12-13","purchased_purges":0,"victory":true,"max_hp_per_floor":[77,77,77,77,77,77,77,87,87,87,87,87,87,87,87,87,87,87,87,87,87,87,87,87,87,87,87,87,87,87,87,87,87,92,92,92,92,92,92,92,92,92,92,92,92,92,92,92,92,92],"card_choices":[{"not_picked":["hexamod:HauntingEcho","hexamod:InspiringFlames"],"picked":"hexamod:ShieldOfDarkness","floor":2},{"not_picked":["hexamod:FourthSeal","hexamod:Again"],"picked":"hexamod:Firestarter","floor":4},{"not_picked":["hexamod:Firestarter","hexamod:RetreatToShadows"],"picked":"hexamod:GhostflameBarrier","floor":5},{"not_picked":["hexamod:Hexaguard","hexamod:UnleashSpirits"],"picked":"hexamod:EmpoweredFlame","floor":9},{"not_picked":["hexamod:ThermalTransfer","hexamod:HauntingEcho"],"picked":"hexamod:StepThrough","floor":11},{"not_picked":["hexamod:SpectersWail","hexamod:GhostShield","hexamod:UnleashSpirits"],"picked":"SKIP","floor":13},{"not_picked":["hexamod:ShieldOfDarkness","hexamod:HeatCrush"],"picked":"hexamod:FastForward","floor":14},{"not_picked":["hexamod:DynamicBlow","hexamod:NightmareGuise"],"picked":"hexamod:GhostLash","floor":15},{"not_picked":["hexamod:TurnItUp","hexamod:CrushingStance"],"picked":"hexamod:WildfireWeapon","floor":16},{"not_picked":["hexamod:NightmareStrike","hexamod:ExtraCrispy+1"],"picked":"hexamod:GhostLash","floor":19},{"not_picked":["hexamod:InspiringFlames","hexamod:PhantomFireball"],"picked":"hexamod:StepThrough","floor":20},{"not_picked":["hexamod:EmpoweredFlame","hexamod:SecondSeal"],"picked":"hexamod:HeatMetal+1","floor":21},{"not_picked":["hexamod:SecondSeal","hexamod:SwordOfDarkness"],"picked":"hexamod:SoulSteal","floor":22},{"not_picked":["hexamod:InspiringFlames","hexamod:FastForward"],"picked":"hexamod:RadiantFlame+1","floor":23},{"not_picked":["hexamod:Rewind","hexamod:SpectralAdrenaline"],"picked":"hexamod:AdvancingGuard+1","floor":28},{"not_picked":["hexamod:Incineration+1","hexamod:NightmareStrike","hexamod:SpectersWail"],"picked":"SKIP","floor":29},{"not_picked":["hexamod:InspiringFlames+1","hexamod:NightmareStrike"],"picked":"hexamod:CrushingStance","floor":30},{"not_picked":["hexamod:Hexaguard+1","hexamod:ShieldOfDarkness+1"],"picked":"hexamod:ThermalTransfer+1","floor":31},{"not_picked":["hexamod:NightmareStrike","hexamod:ShieldOfDarkness","hexamod:GhostOfSpirePast+1"],"picked":"SKIP","floor":32},{"not_picked":["hexamod:ParanormalForm","hexamod:FifthSeal"],"picked":"hexamod:VolcanoVisage","floor":33},{"not_picked":["hexamod:GhostLash","hexamod:FastForward"],"picked":"hexamod:ThermalTransfer+1","floor":34},{"not_picked":["hexamod:NecessarySacrifice+1","hexamod:GhostShield+1"],"picked":"hexamod:GhostLash+1","floor":36},{"not_picked":["hexamod:GhostflameBarrier","hexamod:NightmareGuise+1"],"picked":"hexamod:BurningTouch","floor":37},{"not_picked":["hexamod:NightmareStrike","hexamod:NecessarySacrifice"],"picked":"hexamod:FastForward+1","floor":39},{"not_picked":["hexamod:CatchUp","hexamod:GhostLash"],"picked":"hexamod:GhostflameInferno","floor":42},{"not_picked":["hexamod:StepThrough","hexamod:GhostOfSpireFuture"],"picked":"hexamod:FirstSeal","floor":43},{"not_picked":["hexamod:SpectersWail+1","hexamod:InspiringFlames+1"],"picked":"hexamod:AdvancingGuard+1","floor":43},{"not_picked":["hexamod:ShieldOfDarkness+1","hexamod:Haunt"],"picked":"hexamod:ThermalTransfer+1","floor":44},{"not_picked":["hexamod:Again","hexamod:PhantomCloak"],"picked":"hexamod:StepThrough+1","floor":46},{"not_picked":["hexamod:NightmareGuise+1","hexamod:AdvancingGuard"],"picked":"hexamod:GhostLash","floor":47},{"not_picked":["hexamod:RecurringNightmare","hexamod:RainOfEmbers"],"picked":"hexamod:SkipABeat+1","floor":49}],"player_experience":117438,"relics_obtained":[{"floor":9,"key":"Bronze Scales"},{"floor":24,"key":"Letter Opener"},{"floor":41,"key":"Dream Catcher"},{"floor":43,"key":"Omamori"}],"event_choices":[{"cards_removed":["hexamod:Defend"],"damage_healed":0,"gold_gain":0,"player_choice":"Purged","damage_taken":0,"max_hp_gain":0,"max_hp_loss":0,"event_name":"Purifier","floor":3,"gold_loss":0},{"damage_healed":0,"gold_gain":0,"player_choice":"Ignored","damage_taken":0,"max_hp_gain":0,"max_hp_loss":0,"event_name":"Duplicator","floor":26,"gold_loss":0}],"is_beta":false,"boss_relics":[{"not_picked":["Snecko Eye","hubris:BlackHole"],"picked":"ChewingGum"},{"not_picked":["Velvet Choker","hubris:CrackedHourglass"],"picked":"Tiny House"}],"items_purged_floors":[],"is_endless":false,"potions_floor_spawned":[9,11,14,15,16,20,21,28,30,32,39,42,47],"ascension_level":0}}