{"host":"ci7ivtocgfxh0ueo","time":1608127002,"event":{"mods":["BaseMod","GifTheSpireLib","Minty Spire (QoL Compilation)","StSLib"],"gold_per_floor":[160,260,110,120,41,41,52,52,52,9,39,58,71,87,87,87,87],"floor_reached":16,"playtime":310,"items_purged":[],"score":170,"play_id":"b566f58c-018f-42b0-9146-2a3fefe5b3dc","local_time":"20201216215642","is_ascension_mode":true,"campfire_choices":[{"data":"Infernal Blade","floor":6,"key":"SMITH"},{"data":"Immolate","floor":8,"key":"SMITH"},{"floor":15,"key":"REST"}],"circlet_count":0,"master_deck":["AscendersBane","Strike_R","Strike_R","Strike_R","Strike_R","Strike_R","Defend_R","Defend_R","Defend_R+1","Defend_R","Bash","Infernal Blade+1","Searing Blow","Immolate+1","Blood for Blood","Inflame","Double Tap","Dropkick+1","Intimidate"],"relics":["Tiny House","Molten Egg 2"],"acts_visited":["Exordium"],"potions_floor_usage":[16],"damage_taken":[{"damage":4,"enemies":"2 Louse","floor":1,"turns":3},{"damage":0,"enemies":"Cultist","floor":4,"turns":3},{"damage":15,"enemies":"Small Slimes","floor":7,"turns":3},{"damage":0,"enemies":"Looter","floor":12,"turns":2},{"damage":14,"enemies":"Exordium Wildlife","floor":13,"turns":2},{"damage":26,"enemies":"Exordium Thugs","floor":14,"turns":4},{"damage":38,"enemies":"Slime Boss","floor":16,"turns":5}],"seed_played":"-3674632167090376453","potions_obtained":[{"floor":0,"key":"EssenceOfSteel"},{"floor":1,"key":"Dexterity Potion"},{"floor":12,"key":"DuplicationPotion"}],"is_trial":false,"path_per_floor":["M","?","$","M","$","R","M","R","T","$","?","M","M","M","R","B"],"character_chosen":"IRONCLAD","items_purchased":["Immolate","Ancient Potion","Inflame"],"campfire_rested":1,"item_purchase_floors":[3,5,10],"current_hp_per_floor":[69,69,69,69,69,69,54,54,54,54,54,54,40,14,38,0,0],"gold":87,"neow_bonus":"BOSS_RELIC","is_daily":false,"chose_seed":false,"campfire_upgraded":2,"win_rate":0.0,"timestamp":1608127002,"path_taken":["M","?","$","?","$","R","M","R","T","$","?","M","M","M","R","BOSS"],"items_purchased_type":["Card","Potion","Card"],"build_version":"2020-12-13","purchased_purges":0,"victory":false,"max_hp_per_floor":[80,80,80,80,80,80,80,80,80,80,80,80,80,80,80,80,80],"card_choices":[{"not_picked":["Flex","Havoc"],"picked":"Infernal Blade","floor":0},{"not_picked":["Perfected Strike","Iron Wave"],"picked":"Searing Blow","floor":1},{"not_picked":["Heavy Blade","Cleave"],"picked":"Blood for Blood","floor":4},{"not_picked":["Sever Soul","Havoc","Whirlwind"],"picked":"SKIP","floor":7},{"not_picked":["Havoc","Pommel Strike+1"],"picked":"Double Tap","floor":12},{"not_picked":["Flame Barrier","Sword Boomerang+1"],"picked":"Dropkick+1","floor":13},{"not_picked":["Havoc","Searing Blow+1"],"picked":"Intimidate","floor":14}],"player_experience":1253297,"relics_obtained":[{"floor":9,"key":"Molten Egg 2"}],"event_choices":[{"damage_healed":0,"gold_gain":100,"player_choice":"Gold","damage_taken":0,"max_hp_gain":0,"max_hp_loss":0,"event_name":"Wheel of Change","floor":2,"gold_loss":0},{"damage_healed":0,"gold_gain":30,"player_choice":"Searched \u00271\u0027 times","damage_taken":0,"max_hp_gain":0,"max_hp_loss":0,"event_name":"Dead Adventurer","floor":11,"gold_loss":0}],"is_beta":false,"boss_relics":[],"items_purged_floors":[],"is_endless":false,"potions_floor_spawned":[1,4,12],"killed_by":"Slime Boss","ascension_level":17}}