{"host":"d8hh7rr4yzitjeuj","time":1608093425,"event":{"mods":["2.2 Compatiblity","AchievementEnabler","BaseMod","CapriCore","Colored Map","Colored Powertips","Highlight Path","Keyboard Shortcuts","Minty Spire (QoL Compilation)","Permanent Neow","Quick Restart","StSLib","SuperFastMode"],"gold_per_floor":[116,130,130,143,157,157,171,171,198,32,32,32,47,67,67,160,160,174,174,174],"floor_reached":19,"playtime":582,"items_purged":["Strike_B"],"score":322,"play_id":"27a00735-4dfa-4ae6-92c3-de8c206a0a2f","local_time":"20201216133705","is_ascension_mode":true,"campfire_choices":[{"floor":6,"key":"REST"},{"floor":8,"key":"REST"},{"data":"Hologram","floor":15,"key":"SMITH"}],"circlet_count":0,"master_deck":["AscendersBane","Strike_B","Strike_B","Strike_B","Defend_B","Defend_B","Defend_B","Defend_B","Zap","Dualcast","Doom and Gloom","Consume","Cold Snap","Hologram+1","Compile Driver","Meteor Strike","Coolheaded","Self Repair","Redo","Seek"],"relics":["Philosopher\u0027s Stone","Omamori","Golden Idol","Fusion Hammer"],"acts_visited":["Exordium","TheCity"],"potions_floor_usage":[7,16,16],"damage_taken":[{"damage":19,"enemies":"Small Slimes","floor":1,"turns":4},{"damage":0,"enemies":"Cultist","floor":2,"turns":3},{"damage":8,"enemies":"Jaw Worm","floor":4,"turns":3},{"damage":29,"enemies":"Exordium Thugs","floor":5,"turns":5},{"damage":14,"enemies":"Exordium Wildlife","floor":7,"turns":6},{"damage":7,"enemies":"2 Fungi Beasts","floor":13,"turns":3},{"damage":6,"enemies":"Large Slime","floor":14,"turns":6},{"damage":35,"enemies":"The Guardian","floor":16,"turns":12},{"damage":24,"enemies":"2 Thieves","floor":18,"turns":4},{"damage":27,"enemies":"Chosen","floor":19,"turns":4}],"seed_played":"7150593300560951355","potions_obtained":[{"floor":1,"key":"Block Potion"},{"floor":5,"key":"SpeedPotion"},{"floor":14,"key":"Energy Potion"},{"floor":16,"key":"Ancient Potion"}],"is_trial":false,"path_per_floor":["M","M","?","M","M","R","M","R","T","$","?","$","M","M","R","B",null,"M","M"],"character_chosen":"DEFECT","items_purchased":["Coolheaded","Self Repair"],"campfire_rested":2,"item_purchase_floors":[10,10],"current_hp_per_floor":[45,45,45,37,8,29,15,36,36,36,36,36,36,37,37,9,50,26,0,0],"gold":174,"neow_bonus":"BOSS_RELIC","is_daily":false,"chose_seed":false,"campfire_upgraded":1,"win_rate":0.0,"timestamp":1608093425,"path_taken":["M","M","?","M","?","R","M","R","T","$","?","?","M","M","R","BOSS","M","M"],"items_purchased_type":["Card","Card"],"build_version":"2020-12-13","purchased_purges":1,"victory":false,"max_hp_per_floor":[71,71,71,71,71,71,71,71,71,71,64,64,64,64,64,64,64,64,64,64],"card_choices":[{"not_picked":["Go for the Eyes","Barrage"],"picked":"Doom and Gloom","floor":1},{"not_picked":["Ball Lightning","Genetic Algorithm"],"picked":"Consume","floor":2},{"not_picked":["Leap","Go for the Eyes"],"picked":"Hologram","floor":4},{"not_picked":["Scrape","Gash"],"picked":"Compile Driver","floor":5},{"not_picked":["Conserve Battery","Darkness"],"picked":"Meteor Strike","floor":7},{"not_picked":["Leap","Stack"],"picked":"Redo","floor":13},{"not_picked":["Redo","Gash","Static Discharge"],"picked":"SKIP","floor":14},{"not_picked":["All For One","Machine Learning"],"picked":"Seek","floor":16},{"not_picked":["Rebound","Turbo","Redo"],"picked":"SKIP","floor":18}],"player_experience":1346070,"relics_obtained":[{"floor":9,"key":"Omamori"}],"event_choices":[{"damage_healed":0,"gold_gain":0,"player_choice":"1 cards matched","damage_taken":0,"max_hp_gain":0,"max_hp_loss":0,"event_name":"Match and Keep!","floor":3,"gold_loss":0,"cards_obtained":["Cold Snap"]},{"damage_healed":0,"gold_gain":0,"player_choice":"Lose Max HP","damage_taken":0,"relics_obtained":["Golden Idol"],"max_hp_gain":0,"max_hp_loss":7,"event_name":"Golden Idol","floor":11,"gold_loss":0}],"is_beta":false,"boss_relics":[{"not_picked":["Runic Pyramid","Empty Cage"],"picked":"Fusion Hammer"}],"items_purged_floors":[10],"is_endless":false,"potions_floor_spawned":[1,5,14,16],"killed_by":"Chosen","ascension_level":20}}