{"host":"bpszg8uald72z2zd","time":1608132993,"event":{"mods":["AchievementEnabler","BaseMod","Colored Map","DeckTracker","Keyboard Shortcuts","Minty Spire (QoL Compilation)","Relic Stats","SuperFastMode"],"gold_per_floor":[110,185,197,197,68,94,94,94,165,182,147,147,147,182,182,286,286,297,297,297,297,297],"floor_reached":21,"playtime":402,"items_purged":["Strike_P"],"score":300,"play_id":"013307af-3f13-4358-9136-922f04f489c0","local_time":"20201217003633","is_ascension_mode":true,"campfire_choices":[{"floor":7,"key":"REST"},{"data":"CrushJoints","floor":12,"key":"SMITH"},{"data":"1","floor":15,"key":"LIFT"}],"circlet_count":0,"master_deck":["AscendersBane","Strike_P","Strike_P","Defend_P","Defend_P","Defend_P+1","Eruption+1","Vigilance+1","EmptyFist","CrushJoints+1","WheelKick","TalkToTheHand","Ragnarok"],"relics":["PureWater","Pear","Girya","Empty Cage","White Beast Statue"],"acts_visited":["Exordium","TheCity"],"potions_floor_usage":[14,21],"damage_taken":[{"damage":11,"enemies":"Small Slimes","floor":1,"turns":3},{"damage":0,"enemies":"2 Louse","floor":3,"turns":2},{"damage":26,"enemies":"3 Sentries","floor":6,"turns":10},{"damage":7,"enemies":"Jaw Worm","floor":10,"turns":2},{"damage":20,"enemies":"Lagavulin","floor":14,"turns":3},{"damage":14,"enemies":"The Guardian","floor":16,"turns":9},{"damage":1,"enemies":"Shell Parasite","floor":18,"turns":4},{"damage":50,"enemies":"3 Byrds","floor":21,"turns":2}],"seed_played":"-4967639090179579098","potions_obtained":[{"floor":6,"key":"Ancient Potion"},{"floor":10,"key":"SkillPotion"},{"floor":14,"key":"SmokeBomb"},{"floor":18,"key":"DuplicationPotion"}],"is_trial":false,"path_per_floor":["M","?","M","?","$","E","R","$","T","M","?","R","?","E","R","B",null,"M","?","T","M"],"character_chosen":"WATCHER","items_purchased":["CrushJoints"],"campfire_rested":1,"item_purchase_floors":[5],"current_hp_per_floor":[54,43,43,43,43,27,51,51,51,44,64,64,48,28,28,14,65,64,48,48,0,0],"gold":297,"neow_bonus":"THREE_CARDS","is_daily":false,"chose_seed":false,"campfire_upgraded":1,"win_rate":0.0,"timestamp":1608132993,"path_taken":["M","?","M","?","$","E","R","$","T","M","?","R","?","E","R","BOSS","M","?","?","M"],"items_purchased_type":["Card"],"build_version":"2020-12-13","purchased_purges":1,"victory":false,"max_hp_per_floor":[72,72,72,72,72,82,82,82,82,82,82,82,82,82,82,82,82,82,87,87,87,87],"relic_stats":{"counters":[8,35],"obtain_stats":[{"Girya":14,"Pear":6,"PureWater":0,"Empty Cage":17,"White Beast Statue":20},{"Girya":5,"Pear":3,"PureWater":0,"Empty Cage":6,"White Beast Statue":7},{"Girya":20,"Pear":15,"PureWater":0,"Empty Cage":29,"White Beast Statue":33}]},"card_choices":[{"not_picked":["Sanctity","Crescendo"],"picked":"EmptyFist","floor":0},{"not_picked":["Evaluate","Protect","ClearTheMind"],"picked":"SKIP","floor":1},{"not_picked":["EmptyFist","Nirvana","JustLucky"],"picked":"SKIP","floor":3},{"not_picked":["JustLucky","Study"],"picked":"WheelKick","floor":6},{"not_picked":["Evaluate","EmptyBody"],"picked":"TalkToTheHand","floor":10},{"not_picked":["CutThroughFate","Perseverance","Pray"],"picked":"SKIP","floor":14},{"not_picked":["Devotion","DevaForm"],"picked":"Ragnarok","floor":16},{"not_picked":["FollowUp","CrushJoints+1","LikeWater"],"picked":"SKIP","floor":18}],"player_experience":429187,"relics_obtained":[{"floor":6,"key":"Pear"},{"floor":14,"key":"Girya"},{"floor":20,"key":"White Beast Statue"}],"event_choices":[{"damage_healed":0,"gold_gain":75,"player_choice":"Gather Gold","damage_taken":11,"max_hp_gain":0,"max_hp_loss":0,"event_name":"World of Goop","floor":2,"gold_loss":0},{"damage_healed":0,"gold_gain":0,"player_choice":"Grow","damage_taken":0,"max_hp_gain":0,"max_hp_loss":0,"event_name":"Living Wall","floor":4,"gold_loss":0,"cards_upgraded":["Eruption"]},{"damage_healed":20,"gold_gain":0,"player_choice":"Healed","damage_taken":0,"max_hp_gain":0,"max_hp_loss":0,"event_name":"The Cleric","floor":11,"gold_loss":35},{"damage_healed":0,"gold_gain":0,"player_choice":"Entered Light","damage_taken":16,"max_hp_gain":0,"max_hp_loss":0,"event_name":"Shining Light","floor":13,"gold_loss":0,"cards_upgraded":["Defend_P","Vigilance"]},{"damage_healed":0,"gold_gain":0,"player_choice":"Shed Blood","damage_taken":21,"max_hp_gain":5,"max_hp_loss":0,"event_name":"Forgotten Altar","floor":19,"gold_loss":0}],"is_beta":false,"boss_relics":[{"not_picked":["Ectoplasm","Busted Crown"],"picked":"Empty Cage"}],"items_purged_floors":[5],"is_endless":false,"potions_floor_spawned":[6,10,14,18],"killed_by":"3 Byrds","ascension_level":10}}