{"host":"cyh4fejqtcjbfr7k","time":1608105962,"event":{"mods":["2.2 Compatiblity","AchievementEnabler","BaseMod","Colored Map","Colored Powertips","DeckTracker","Downfall","Googly Eyes","Hubris","Infinite Spire","Minty Spire (QoL Compilation)","Replay The Spire","Shop Mod","StSLib","SuperFastMode","The Cursed","Unceasing Turn Reminder"],"gold_per_floor":[114,114,114,132,156,194,194,207,207,207,207,221,221,296,296,421,421,440,454,454,369,383,383,383,422,493,493,511,511,511,511],"floor_reached":30,"playtime":1043,"items_purged":[],"score":248,"play_id":"96fef86e-d7cb-446b-94ab-3e9cb4b0a950","local_time":"20201216010602","is_ascension_mode":false,"campfire_choices":[{"floor":7,"key":"REST"},{"floor":11,"key":"REST"},{"data":"ClearTheMind","floor":13,"key":"SMITH"},{"floor":15,"key":"REST"},{"floor":23,"key":"REST"},{"floor":27,"key":"REST"}],"circlet_count":0,"master_deck":["Strike_P","Strike_P","Strike_P","Defend_P","Defend_P","Defend_P","Defend_P","Eruption","Vigilance","expansioncontent:Flail","ReachHeaven","Perseverance+1","PathToVictory","Protect","ClearTheMind+1","ForeignInfluence","Judgement","PathToVictory","Evaluate+1","Crescendo+1","Wallop+1"],"relics":["PureWater","Golden Idol","Mirror","Iron Hammer","Replay:Wax Seal","MutagenicStrength","Potion Belt","hubris:MobiusCoin","Black Star"],"acts_visited":["Exordium","TheCity"],"potions_floor_usage":[6],"damage_taken":[{"damage":0,"enemies":"2 Louse","floor":1,"turns":1},{"damage":1,"enemies":"Jaw Worm","floor":4,"turns":3},{"damage":1,"enemies":"Cultist","floor":5,"turns":3},{"damage":24,"enemies":"Lagavulin","floor":6,"turns":4},{"damage":3,"enemies":"Blue Slaver","floor":8,"turns":3},{"damage":0,"enemies":"Large Slime","floor":12,"turns":3},{"damage":7,"enemies":"Slime Boss","floor":16,"turns":8},{"damage":13,"enemies":"2 Thieves","floor":18,"turns":3},{"damage":5,"enemies":"Chosen","floor":19,"turns":4},{"damage":6,"enemies":"Snake Plant","floor":22,"turns":4},{"damage":17,"enemies":"Book of Stabbing","floor":25,"turns":5},{"damage":15,"enemies":"Snecko","floor":28,"turns":3},{"damage":69,"enemies":"Gremlin Leader","floor":30,"turns":8}],"seed_played":"-3532663717364125811","potions_obtained":[{"floor":4,"key":"SkillPotion"},{"floor":8,"key":"Venom Potion"},{"floor":16,"key":"Guardian:BlockOnCardUsePotion"},{"floor":18,"key":"BlessingOfTheForge"}],"is_trial":false,"path_per_floor":["M","?","?","M","M","E","R","M","T","?","R","M","R","?","R","B",null,"M","M","?","?","M","R","?","E","T","R","M","AVR","E"],"character_chosen":"WATCHER","items_purchased":[],"campfire_rested":5,"item_purchase_floors":[],"current_hp_per_floor":[72,54,54,53,52,28,49,46,46,46,67,67,67,56,72,65,72,59,54,54,54,48,69,69,52,52,72,57,57,0,0],"gold":511,"neow_bonus":"RANDOM_COLORLESS","is_daily":false,"chose_seed":false,"campfire_upgraded":1,"win_rate":0.0,"timestamp":1608105962,"path_taken":["M","?","?","?","M","E","R","M","T","?","R","M","R","?","R","BOSS","M","M","?","?","M","R","?","E","T","R","M","AVR","E"],"items_purchased_type":[],"build_version":"2020-12-13","purchased_purges":0,"victory":false,"max_hp_per_floor":[72,72,72,72,72,72,72,72,72,72,72,72,72,72,72,72,72,72,72,72,72,72,72,72,72,72,72,72,72,72,72],"card_choices":[{"not_picked":["expansioncontent:DefensiveMode","hubris:Insight"],"picked":"expansioncontent:Flail","floor":0},{"not_picked":["EmptyBody","WheelKick"],"picked":"ReachHeaven","floor":1},{"not_picked":["Crescendo","Protect"],"picked":"Perseverance","floor":4},{"not_picked":["SashWhip","Evaluate"],"picked":"PathToVictory","floor":5},{"not_picked":["Weave","Omniscience"],"picked":"Protect","floor":6},{"not_picked":["Pray","ForeignInfluence"],"picked":"ClearTheMind","floor":8},{"not_picked":["Prostrate","ThirdEye"],"picked":"ForeignInfluence","floor":12},{"not_picked":["Scrawl","Ragnarok"],"picked":"Judgement","floor":16},{"not_picked":["WreathOfFlame","FollowUp"],"picked":"PathToVictory","floor":18},{"not_picked":["SashWhip","ClearTheMind"],"picked":"Evaluate+1","floor":19},{"not_picked":["Study","Replay:AtTheReady"],"picked":"Crescendo+1","floor":22},{"not_picked":["JustLucky","Replay:BluntJabs+1","FlyingSleeves+1"],"picked":"SKIP","floor":25},{"not_picked":["Evaluate+1","EmptyFist"],"picked":"Wallop+1","floor":28}],"player_experience":583907,"relics_obtained":[{"floor":6,"key":"Mirror"},{"floor":9,"key":"Iron Hammer"},{"floor":25,"key":"Potion Belt"},{"floor":26,"key":"hubris:MobiusCoin"}],"event_choices":[{"damage_healed":0,"gold_gain":0,"player_choice":"Take Damage","damage_taken":18,"relics_obtained":["Golden Idol"],"max_hp_gain":0,"max_hp_loss":0,"event_name":"Golden Idol","floor":2,"gold_loss":0},{"cards_removed":["Strike_P"],"damage_healed":0,"gold_gain":0,"player_choice":"Card Removal","damage_taken":0,"max_hp_gain":0,"max_hp_loss":0,"event_name":"Wheel of Change","floor":3,"gold_loss":0},{"damage_healed":0,"gold_gain":75,"player_choice":"Gather Gold","damage_taken":11,"max_hp_gain":0,"max_hp_loss":0,"event_name":"World of Goop","floor":14,"gold_loss":0},{"damage_healed":0,"gold_gain":0,"player_choice":"Ignored","damage_taken":0,"max_hp_gain":0,"max_hp_loss":0,"event_name":"Cursed Tome","floor":20,"gold_loss":0},{"damage_healed":0,"gold_gain":0,"player_choice":"Obtained Relic","damage_taken":0,"relics_obtained":["Replay:Wax Seal"],"max_hp_gain":0,"max_hp_loss":0,"event_name":"Addict","floor":21,"gold_loss":85},{"damage_healed":0,"gold_gain":0,"player_choice":"Inject Mutagens","damage_taken":0,"relics_obtained":["MutagenicStrength"],"max_hp_gain":0,"max_hp_loss":0,"event_name":"Drug Dealer","floor":24,"gold_loss":0}],"is_beta":false,"boss_relics":[{"not_picked":["ChewingGum","hubris:BlackHole","Fusion Hammer"]}],"items_purged_floors":[],"is_endless":false,"potions_floor_spawned":[4,8,16,18,22],"killed_by":"Gremlin Leader","ascension_level":0}}