{"host":"zxezw9t7myeayiva","time":1608156940,"event":{"mods":["2.2 Compatiblity","Act Like it!","BaseMod","Colored Map","Downfall","Hallownest","Hermit","Infinite Spire","Lobotomy","Marisa????????","Minty Spire (QoL Compilation)","Replay The Spire","Somnambulant","StSLib","The Animator","The Cursed","The Disciple","The Hierophant","The Jungle","The Servant 0.9.4"],"gold_per_floor":[112,112,387,397,453,485,485,485,485,498,498,498],"floor_reached":11,"playtime":775,"items_purged":[],"score":71,"play_id":"a87df363-34c2-42f6-9d76-663105610d2d","local_time":"20201216161540","is_ascension_mode":false,"campfire_choices":[{"floor":8,"key":"REST"}],"circlet_count":0,"master_deck":["Strike_P","Strike_P","Strike_P","Strike_P","Defend_P","Defend_P","Defend_P","Defend_P","Eruption","Vigilance","Replay:SS_hec_1","CutThroughFate","Consecrate","DevaForm","ForeignInfluence","SandsOfTime"],"relics":["animator:TheMissingPiece","infinitespire:Cubic Diamond","Centennial Puzzle","infinitespire:Satchel","Replay:Arrowhead"],"acts_visited":["Exordium"],"potions_floor_usage":[6,6,11],"damage_taken":[{"damage":5,"enemies":"Jaw Worm","floor":1,"turns":6},{"damage":3,"enemies":"Small Slimes","floor":4,"turns":3},{"damage":29,"enemies":"Gremlin Nob","floor":6,"turns":3},{"damage":12,"enemies":"Cultist","floor":10,"turns":3},{"damage":19,"enemies":"3 Sentries","floor":11,"turns":2}],"seed_played":"3002746504690928988","potions_obtained":[{"floor":5,"key":"Adrenaline Potion"},{"floor":5,"key":"infinitespire:BlackPotion"},{"floor":10,"key":"BlessingOfTheForge"}],"is_trial":false,"path_per_floor":["M","?","?","M","?","E","?","R","T","M","E"],"character_chosen":"WATCHER","items_purchased":[],"campfire_rested":1,"item_purchase_floors":[],"current_hp_per_floor":[67,67,67,64,46,17,10,31,31,19,0,0],"gold":498,"neow_bonus":"RANDOM_COLORLESS","is_daily":false,"chose_seed":false,"campfire_upgraded":0,"win_rate":0.0,"timestamp":1608156940,"path_taken":["M","?","?","?","?","E","?","R","T","M","E"],"items_purchased_type":[],"build_version":"2020-12-13","purchased_purges":0,"victory":false,"max_hp_per_floor":[72,72,72,72,72,72,72,72,72,72,72,72],"card_choices":[{"not_picked":["Mind Blast","expansioncontent:PolyBeam"],"picked":"Replay:SS_hec_1","floor":0},{"not_picked":["Replay:BluntJabs","EmptyBody"],"picked":"CutThroughFate","floor":1},{"not_picked":["Halt","SashWhip"],"picked":"Consecrate","floor":4},{"not_picked":["PathToVictory","CutThroughFate"],"picked":"DevaForm","floor":5},{"not_picked":["ThirdEye","DevaForm"],"picked":"ForeignInfluence","floor":6},{"not_picked":["FlurryOfBlows","WreathOfFlame"],"picked":"SandsOfTime","floor":10}],"player_experience":307679,"relics_obtained":[{"floor":5,"key":"Centennial Puzzle"},{"floor":6,"key":"infinitespire:Satchel"},{"floor":9,"key":"Replay:Arrowhead"}],"event_choices":[{"damage_healed":0,"gold_gain":275,"player_choice":"Desecrate","damage_taken":0,"max_hp_gain":0,"max_hp_loss":0,"event_name":"Golden Shrine","floor":3,"gold_loss":0,"cards_obtained":["Regret"]},{"cards_removed":["Regret"],"damage_healed":0,"gold_gain":0,"player_choice":"Card Removal","damage_taken":7,"max_hp_gain":0,"max_hp_loss":0,"event_name":"Golden Wing","floor":7,"gold_loss":0}],"is_beta":false,"boss_relics":[],"items_purged_floors":[],"is_endless":false,"potions_floor_spawned":[10],"killed_by":"3 Sentries","ascension_level":0}}