{"host":"87lxh7t77p9km8u4","time":1608139428,"event":{"mods":["BaseMod","Bestiary","Block Reminder","Downfall","Lobotomy","Minty Spire (QoL Compilation)","Permanent Neow","Robot Space Explorer","StSLib"],"gold_per_floor":[99,114,146,165,180,191,217,217,235,269,269,126,301,321,338,434,434,284,284,284,284,297,297,321,354,454,379,117,137,154,261,281,377,427,427,443,443,476,486,147,147,147,182,192,192,192,241,241,258,258,258,289,122,122,122],"floor_reached":56,"playtime":5692,"items_purged":["Regret","Doubt","Writhe","champ:Defend"],"score":1310,"play_id":"cdfeaf8f-443d-4dc8-a557-316e9de268f6","local_time":"20201216182348","is_ascension_mode":false,"campfire_choices":[{"data":"champ:VampiricStrike","floor":1.0,"key":"SMITH"},{"floor":18.0,"key":"RECALL"},{"floor":27,"key":"REST"},{"data":"champ:StrikeOfGenius","floor":35,"key":"SMITH"},{"data":"Apotheosis","floor":42,"key":"SMITH"},{"floor":54,"key":"REST"}],"circlet_count":0,"master_deck":["champ:Defend","champ:Defend+1","champ:Defend+1","champ:Execute","champ:Taunt","champ:VampiricStrike+1","champ:IronFortress","champ:RapidStrikes","champ:BerserkersShout","champ:FanOfKnives","champ:PreciseThrust","champ:CrookedStrike","champ:Devastate+1","champ:AdrenalArmor","champ:ArenaPreparation","champ:GladiatorsShout","champ:StrikeOfGenius+1","RitualDagger+1","Bite","Bite","Bite+1","Bite","champ:FanOfKnives","champ:BringItOn+1","champ:Encircle+1","champ:AdrenalArmor+1","champ:HeartStrike+1","champ:IronFortress+1","champ:FanOfKnives","champ:CheapShot","champ:FaceSlap+1","champ:StanceDance+1","Apotheosis+1","champ:EndlessRage+1","champ:EndlessRage+1","expansioncontent:CaCaw+1"],"relics":["champ:ChampionCrown","Akabeko","Guardian:PocketSentry","Philosopher\u0027s Stone","downfall:HeartBlessingBlue","downfall:HeartBlessingGreen","downfall:RedIOU","Du-Vu Doll","Oddly Smooth Stone","Gambling Chip","champ:BlackKnightHelmet","Frozen Egg 2","downfall:HeartBlessingRed","Whetstone","Tiny House","Pen Nib","Bottled Lightning","Lizard Tail","Prayer Wheel","Sundial","Bottled Flame"],"acts_visited":["Exordium","TheCity","TheBeyond","TheEnding"],"potions_floor_usage":[32,52,55,55],"damage_taken":[{"damage":11.0,"enemies":"Jaw Worm","floor":2.0,"turns":3.0},{"damage":41.0,"enemies":"Lagavulin","floor":3.0,"turns":9.0},{"damage":0.0,"enemies":"Small Slimes","floor":4.0,"turns":1.0},{"damage":3.0,"enemies":"2 Louse","floor":5.0,"turns":2.0},{"damage":24.0,"enemies":"Exordium Wildlife","floor":6.0,"turns":3.0},{"damage":22.0,"enemies":"Large Slime","floor":9.0,"turns":5.0},{"damage":33.0,"enemies":"3 Sentries","floor":10.0,"turns":8.0},{"damage":8.0,"enemies":"downfall:FleeingMerchant","floor":12.0,"turns":4.0},{"damage":5.0,"enemies":"2 Fungi Beasts","floor":14.0,"turns":3.0},{"damage":9.0,"enemies":"Exordium Wildlife","floor":15.0,"turns":2.0},{"damage":100.0,"enemies":"downfall:Silent","floor":16.0,"turns":10.0},{"damage":11.0,"enemies":"Shell Parasite","floor":22.0,"turns":4.0},{"damage":29.0,"enemies":"Book of Stabbing","floor":25.0,"turns":4.0},{"damage":54,"enemies":"Book of Stabbing","floor":26,"turns":5},{"damage":26,"enemies":"downfall:FleeingMerchant","floor":28,"turns":4},{"damage":25,"enemies":"Sentry and Sphere","floor":29,"turns":3},{"damage":30,"enemies":"Chosen and Byrds","floor":30,"turns":3},{"damage":32,"enemies":"downfall:FleeingMerchant","floor":31,"turns":2},{"damage":16,"enemies":"3 Cultists","floor":32,"turns":3},{"damage":29,"enemies":"downfall:Defect","floor":33,"turns":4},{"damage":38,"enemies":"3 Darklings","floor":36,"turns":3},{"damage":47,"enemies":"Reptomancer","floor":38,"turns":4},{"damage":10,"enemies":"Orb Walker","floor":39,"turns":2},{"damage":50,"enemies":"Giant Head","floor":43,"turns":5},{"damage":33,"enemies":"Jaw Worm Horde","floor":44,"turns":3},{"damage":66,"enemies":"2 Orb Walkers","floor":47,"turns":4},{"damage":38,"enemies":"Sphere and 2 Shapes","floor":49,"turns":5},{"damage":59,"enemies":"downfall:Watcher","floor":50,"turns":3},{"damage":96,"enemies":"downfall:CharBossMerchant","floor":52,"turns":5},{"damage":70,"enemies":"downfall:NeowBoss","floor":55,"turns":17}],"seed_played":"-5671340358947293260","potions_obtained":[{"floor":2.0,"key":"CultistPotion"},{"floor":3.0,"key":"Regen Potion"},{"floor":5.0,"key":"ColorlessPotion"},{"floor":14.0,"key":"champ:OpenerPotion"},{"floor":30,"key":"Block Potion"},{"floor":32,"key":"Slimebound:ThreeZeroPotion"},{"floor":34,"key":"FairyPotion"}],"is_trial":false,"path_per_floor":["R","M","E","M","M","M","T","?","M","E","?","$","?","M","M","B",null,"R","?","?","?","M","?","T","E","?","R","$","M","M","$","M","B",null,"R","M","?","E","M","$","T","R","E","M","?","?","?","T","M","B",null,"E","$","R","B",null],"character_chosen":"THE_CHAMP","items_purchased":["champ:AdrenalArmor","Whetstone","champ:IronFortress+1","champ:FanOfKnives","Apotheosis","EssenceOfSteel","expansioncontent:CaCaw+1"],"campfire_rested":2,"item_purchase_floors":[12,28,31,31,40,53,53],"current_hp_per_floor":[81,75,55,81,81,78,78,75,81,69,69,79,79,78,81,27,81,91,91,85,63,63,63,63,52,33,51,63,63,63,63,63,63,68,68,48,59,59,59,59,59,59,59,59,59,59,33,33,47,59,59,14,14,31,59],"gold":122,"neow_bonus":"THREE_RARE_CARDS","is_daily":false,"chose_seed":false,"campfire_upgraded":3,"win_rate":0.0,"timestamp":1608139428,"path_taken":["R","M","E","M","M","M","T","?","M","E","?","?","?","M","M","BOSS","R","?","?","?","M","?","T","E","?","R","$","?","M","$","M","BOSS","R","M","?","E","M","$","T","R","E","M","?","?","?","?","M","BOSS","E","$","R","BOSS"],"items_purchased_type":["Card","Relic","Card","Card","Card","Potion","Card"],"build_version":"2020-12-13","purchased_purges":4,"victory":true,"max_hp_per_floor":[81,81,81,81,81,81,81,81,81,81,81,81,81,81,81,81,81,91,91,91,63,63,63,63,63,63,63,63,63,63,63,63,63,68,68,68,59,59,59,59,59,59,59,59,59,59,59,59,59,59,59,59,59,59,59],"card_choices":[{"not_picked":["champ:SwordThrow","champ:DancingMaster"],"picked":"champ:VampiricStrike","floor":0.0},{"not_picked":["champ:Backstep","champ:TornadoPunch"],"picked":"champ:IronFortress","floor":2.0},{"not_picked":["champ:FocusedBerserking","champ:BladeFlurry"],"picked":"champ:RapidStrikes","floor":3.0},{"not_picked":["champ:BladeFlurry","champ:BringItOn"],"picked":"champ:BerserkersShout","floor":4.0},{"not_picked":["champ:FocusedGladiator","champ:DefensiveStyle","champ:CalledShot"],"picked":"SKIP","floor":5.0},{"not_picked":["champ:FocusedGladiator","champ:GladiatorStyle"],"picked":"champ:FanOfKnives","floor":6.0},{"not_picked":["champ:Circumvent","champ:ShieldWall"],"picked":"champ:PreciseThrust","floor":9.0},{"not_picked":["champ:Backstep","champ:BladeFlurry"],"picked":"champ:CrookedStrike","floor":10.0},{"not_picked":["champ:PerfectedStrike","champ:EndlessRage"],"picked":"champ:Devastate","floor":12.0},{"not_picked":["champ:RisingSlash","champ:DeathBlow"],"picked":"champ:ArenaPreparation","floor":14.0},{"not_picked":["champ:Riposte","champ:TornadoPunch"],"picked":"champ:GladiatorsShout","floor":15.0},{"not_picked":["champ:VampiricStrike","champ:Devastate"],"picked":"champ:StrikeOfGenius","floor":16.0},{"not_picked":["champ:FocusedBerserking","champ:EnragedBash+1"],"picked":"champ:FanOfKnives","floor":22.0},{"not_picked":["champ:Riposte","champ:PerfectedStrike"],"picked":"champ:BringItOn+1","floor":25.0},{"not_picked":["champ:CrookedStrike","champ:Circumvent+1"],"picked":"champ:Encircle+1","floor":26},{"not_picked":["champ:FightOn","champ:FlashCut","champ:CheapShot"],"picked":"SKIP","floor":28},{"not_picked":["champ:FocusedDefense","champ:PerfectedStrike"],"picked":"champ:AdrenalArmor+1","floor":29},{"not_picked":["champ:SkillfulDodge+1","champ:EnragedBash","champ:BringItOn"],"picked":"SKIP","floor":30},{"not_picked":["champ:GladiatorsShout+1","champ:BringItOn"],"picked":"champ:HeartStrike+1","floor":31},{"not_picked":["champ:GladiatorStyle+1","champ:Circumvent","champ:RapidStrikes+1"],"picked":"SKIP","floor":32},{"not_picked":["champ:MurderStrike","champ:DancingMaster+1"],"picked":"champ:CheapShot","floor":33},{"not_picked":["champ:Shatter","champ:PreciseThrust+1"],"picked":"champ:FaceSlap+1","floor":34},{"not_picked":["champ:GladiatorsShout+1","champ:DefensiveShout+1","champ:Backstep+1"],"picked":"SKIP","floor":36},{"not_picked":["champ:FanOfKnives","champ:BerserkersShout+1","champ:BladeFlurry+1"],"picked":"SKIP","floor":38},{"not_picked":["champ:Riposte+1","champ:FaceSlap+1"],"picked":"champ:StanceDance+1","floor":39},{"not_picked":["champ:FlashCut+1","champ:CrookedStrike"],"picked":"champ:EndlessRage+1","floor":43},{"not_picked":["champ:ShieldWall+1","champ:PerfectedStrike","champ:FlashCut+1"],"picked":"SKIP","floor":44},{"not_picked":["champ:FanOfKnives+1","champ:CrookedStrike+1","champ:FlashCut"],"picked":"SKIP","floor":49},{"not_picked":["champ:DeathBlow","champ:RecklessLeap+1","champ:SkillfulDodge"],"picked":"SKIP","floor":49},{"not_picked":["champ:PerfectedStrike+1","champ:FightOn"],"picked":"champ:EndlessRage+1","floor":52}],"player_experience":318646,"relics_obtained":[{"floor":3.0,"key":"Akabeko"},{"floor":10.0,"key":"Guardian:PocketSentry"},{"floor":24.0,"key":"Oddly Smooth Stone"},{"floor":25.0,"key":"Gambling Chip"},{"floor":26,"key":"champ:BlackKnightHelmet"},{"floor":26,"key":"Frozen Egg 2"},{"floor":38,"key":"Pen Nib"},{"floor":41,"key":"Bottled Lightning"},{"floor":43,"key":"Lizard Tail"},{"floor":47,"key":"Prayer Wheel"},{"floor":48,"key":"Sundial"},{"floor":52,"key":"Bottled Flame"}],"event_choices":[{"damage_healed":0.0,"max_hp_gain":0.0,"max_hp_loss":0.0,"gold_gain":0.0,"event_name":"Scrap Ooze","player_choice":"Success","floor":8.0,"gold_loss":0.0,"damage_taken":3.0,"relics_obtained":["Regal Pillow"]},{"damage_healed":0.0,"max_hp_gain":0.0,"max_hp_loss":28.0,"gold_gain":0.0,"event_name":"Vampires","player_choice":"Became a vampire","floor":21.0,"gold_loss":0.0,"damage_taken":0.0,"cards_obtained":["Bite","Bite","Bite","Bite","Bite"]},{"cards_removed":["Bite"],"damage_healed":0,"gold_gain":0,"player_choice":"Removed Attack","damage_taken":0,"max_hp_gain":0,"max_hp_loss":0,"event_name":"Falling","floor":46,"gold_loss":0},{"damage_healed":0,"gold_gain":0,"player_choice":"Fight","damage_taken":0,"max_hp_gain":0,"max_hp_loss":0,"event_name":"Mysterious Sphere","floor":47,"gold_loss":0}],"is_beta":false,"boss_relics":[{"not_picked":["champ:ChampionCrownUpgraded","Velvet Choker"],"picked":"Philosopher\u0027s Stone"},{"not_picked":["Fusion Hammer","Sozu"],"picked":"Tiny House"}],"items_purged_floors":[12,28,31,40],"is_endless":false,"potions_floor_spawned":[2,3,5,14,22,26,30,32,36,39,47],"ascension_level":0}}