{"host":"7pe9xwx78c6nlay8","time":1608139737,"event":{"mods":["BaseMod","Minty Spire (QoL Compilation)"],"gold_per_floor":[116,132,152,327,352,381,381,381,381,407,421,421,453,474,474,474,474],"floor_reached":16,"playtime":382,"items_purged":[],"score":174,"play_id":"e565adc5-a115-4a2b-8f46-bc68e00033a8","local_time":"20201217012857","is_ascension_mode":true,"campfire_choices":[{"data":"Eruption","floor":7,"key":"SMITH"},{"data":"Wallop","floor":12,"key":"SMITH"},{"data":"Prostrate","floor":15,"key":"SMITH"}],"circlet_count":0,"master_deck":["AscendersBane","Strike_P","Strike_P","Strike_P+1","Strike_P","Defend_P","Defend_P","Defend_P+1","Defend_P","Eruption+1","Vigilance","JustLucky","Wallop+1","Doubt","Prostrate+1","ThirdEye"],"relics":["PureWater","NeowsBlessing","CeramicFish","Meat on the Bone","Frozen Egg 2","Bronze Scales"],"acts_visited":["Exordium"],"potions_floor_usage":[6,13,13],"damage_taken":[{"damage":0,"enemies":"Cultist","floor":1,"turns":1},{"damage":0,"enemies":"Jaw Worm","floor":2,"turns":1},{"damage":0,"enemies":"2 Louse","floor":3,"turns":1},{"damage":36,"enemies":"Gremlin Nob","floor":6,"turns":5},{"damage":0,"enemies":"2 Fungi Beasts","floor":10,"turns":2},{"damage":0,"enemies":"Blue Slaver","floor":11,"turns":4},{"damage":16,"enemies":"3 Sentries","floor":13,"turns":10},{"damage":14,"enemies":"Large Slime","floor":14,"turns":5},{"damage":60,"enemies":"Slime Boss","floor":16,"turns":3}],"seed_played":"-7674840247979400309","potions_obtained":[{"floor":1,"key":"Weak Potion"},{"floor":2,"key":"Dexterity Potion"},{"floor":10,"key":"BlessingOfTheForge"},{"floor":13,"key":"SmokeBomb"}],"is_trial":false,"path_per_floor":["M","M","M","?","T","E","R","?","T","M","M","R","E","M","R","B"],"character_chosen":"WATCHER","items_purchased":[],"campfire_rested":0,"item_purchase_floors":[],"current_hp_per_floor":[65,65,65,65,65,29,29,15,15,27,39,39,35,33,33,0,0],"gold":474,"neow_bonus":"THREE_ENEMY_KILL","is_daily":false,"chose_seed":false,"campfire_upgraded":3,"win_rate":0.0,"timestamp":1608139737,"path_taken":["M","?","M","?","?","E","R","?","T","M","M","R","E","M","R","BOSS"],"items_purchased_type":[],"build_version":"2020-12-13","purchased_purges":0,"victory":false,"max_hp_per_floor":[72,72,72,72,72,72,72,72,72,72,72,72,72,72,72,72,72],"card_choices":[{"not_picked":["Study","EmptyBody"],"picked":"JustLucky","floor":1},{"not_picked":["Study","Collect"],"picked":"Wallop","floor":2},{"not_picked":["FlurryOfBlows","CrushJoints","FollowUp"],"picked":"SKIP","floor":3},{"not_picked":["MentalFortress","MasterReality","EmptyFist"],"picked":"SKIP","floor":6},{"not_picked":["InnerPeace","EmptyFist"],"picked":"Prostrate","floor":10},{"not_picked":["Perseverance","Protect","Collect"],"picked":"SKIP","floor":11},{"not_picked":["DeceiveReality","Halt","EmptyBody"],"picked":"SKIP","floor":13},{"not_picked":["Evaluate","SashWhip"],"picked":"ThirdEye","floor":14}],"player_experience":1531117,"relics_obtained":[{"floor":5,"key":"CeramicFish"},{"floor":6,"key":"Meat on the Bone"},{"floor":9,"key":"Frozen Egg 2"},{"floor":13,"key":"Bronze Scales"}],"event_choices":[{"damage_healed":0,"gold_gain":175,"player_choice":"AGREE","damage_taken":0,"max_hp_gain":0,"max_hp_loss":0,"event_name":"Liars Game","floor":4,"gold_loss":0,"cards_obtained":["Doubt"]},{"damage_healed":0,"gold_gain":0,"player_choice":"Entered Light","damage_taken":14,"max_hp_gain":0,"max_hp_loss":0,"event_name":"Shining Light","floor":8,"gold_loss":0,"cards_upgraded":["Defend_P","Strike_P"]}],"is_beta":false,"boss_relics":[],"items_purged_floors":[],"is_endless":false,"potions_floor_spawned":[1,2,10,13],"killed_by":"Slime Boss","ascension_level":11}}