{"host":"a5y02gvi04tqovpl","time":1608085521,"event":{"mods":["Act Like it!","BaseMod","Better Third Choice","Colored Map","Downfall","Minty Spire (QoL Compilation)","StSLib"],"gold_per_floor":[99,274,305,321,336,336,361,361,371,371,24,36,50,50,62,163,163,163,248,348,360,33,33,33],"floor_reached":23,"playtime":1426,"items_purged":["Doubt"],"score":189,"play_id":"d1684fff-fdf0-4ba1-960c-11edf31b2833","local_time":"20201216125521","is_ascension_mode":false,"campfire_choices":[{"data":"Slimebound:CorrosiveSpit","floor":1,"key":"SMITH"},{"data":"Slimebound:SlimeSlap","floor":8,"key":"SMITH"},{"floor":10,"key":"REST"},{"data":"Slimebound:LevelUp","floor":18,"key":"SMITH"}],"circlet_count":0,"master_deck":["Slimebound:Strike_Slimebound","Slimebound:Tackle","Slimebound:Defend_Slimebound","Slimebound:Defend_Slimebound","Slimebound:Defend_Slimebound","Slimebound:Defend_Slimebound","Slimebound:Split","Slimebound:CorrosiveSpit+1","Slimebound:SlimeSlap+1","Slimebound:LivingWall","Slimebound:GoopSpray","Slimebound:LevelUp+1","Slimebound:SplitMire","Slimebound:RainOfGoop","Slimebound:SplitMire","Slimebound:ViciousTackle","Slimebound:OozeBath","Slimebound:OneTwoCombo","J.A.X.","Slimebound:LeadByExample+1","Slimebound:Equalize","Slimebound:SamplingLick"],"relics":["Slimebound:AbsorbEndCombat","Vajra","Gremlin Horn","Bag of Preparation","Slimebound:SelfDamagePreventRelic","Velvet Choker","MutagenicStrength","Girya"],"acts_visited":["Exordium","TheCity"],"potions_floor_usage":[16,16],"damage_taken":[{"damage":36,"enemies":"3 Sentries","floor":3,"turns":9},{"damage":10,"enemies":"Jaw Worm","floor":4,"turns":3},{"damage":8,"enemies":"2 Louse","floor":5,"turns":3},{"damage":7,"enemies":"Small Slimes","floor":9,"turns":2},{"damage":7,"enemies":"downfall:FleeingMerchant","floor":11,"turns":4},{"damage":11,"enemies":"Blue Slaver","floor":12,"turns":2},{"damage":8,"enemies":"Gremlin Gang","floor":13,"turns":4},{"damage":25,"enemies":"Exordium Wildlife","floor":15,"turns":3},{"damage":42,"enemies":"downfall:Ironclad","floor":16,"turns":4},{"damage":54,"enemies":"downfall:Augmenter","floor":20,"turns":4},{"damage":9,"enemies":"Spheric Guardian","floor":21,"turns":3},{"damage":30,"enemies":"downfall:FleeingMerchant","floor":22,"turns":4},{"damage":41,"enemies":"Slavers","floor":23,"turns":2}],"seed_played":"-1327570166440003605","potions_obtained":[{"floor":3,"key":"Regen Potion"},{"floor":4,"key":"FearPotion"},{"floor":9,"key":"Regen Potion"},{"floor":21,"key":"Slimebound:ThreeZeroPotion"}],"is_trial":false,"path_per_floor":["R","?","E","M","M","T","T","R","M","R","$","M","M","?","M","B",null,"R","?","?","M","$","E"],"character_chosen":"SLIMEBOUND","items_purchased":["Slimebound:SplitMire","Slimebound:RainOfGoop","Slimebound:SelfDamagePreventRelic","Girya"],"campfire_rested":1,"item_purchase_floors":[11,11,11,22],"current_hp_per_floor":[60,60,28,26,26,26,26,26,27,45,52,49,57,62,53,41,65,65,53,21,24,32,0,0],"gold":33,"neow_bonus":"","is_daily":false,"chose_seed":false,"campfire_upgraded":3,"win_rate":0.0,"timestamp":1608085521,"path_taken":["R","?","E","M","M","?","T","R","M","R","$","M","M","?","M","BOSS","R","?","?","?","$","E"],"items_purchased_type":["Card","Card","Relic","Relic"],"build_version":"2020-12-13","purchased_purges":1,"victory":false,"max_hp_per_floor":[60,60,60,60,60,60,60,60,60,60,60,60,60,65,65,65,65,65,65,65,65,65,65,65],"card_choices":[{"not_picked":["Slimebound:DisruptingSlam","Slimebound:GrowthPunch"],"picked":"Slimebound:SlimeSlap","floor":3},{"not_picked":["Slimebound:Grow","Slimebound:HauntingLick"],"picked":"Slimebound:LivingWall","floor":4},{"not_picked":["Slimebound:SplitBruiser","Slimebound:LeechingTouch"],"picked":"Slimebound:GoopSpray","floor":5},{"not_picked":["Slimebound:SlimeSpikes","Slimebound:GoopSpray","Slimebound:LivingWall"],"picked":"SKIP","floor":9},{"not_picked":["Slimebound:SplitBruiser","Slimebound:MassRepurpose"],"picked":"Slimebound:LevelUp","floor":11},{"not_picked":["Slimebound:SplitAcid","Slimebound:SlimeBrawl"],"picked":"Slimebound:SplitMire","floor":12},{"not_picked":["Slimebound:RollThrough","Slimebound:SamplingLick"],"picked":"Slimebound:ViciousTackle","floor":13},{"not_picked":["Slimebound:RollThrough","Slimebound:Nibble"],"picked":"Slimebound:OozeBath","floor":15},{"not_picked":["Slimebound:RallyTheTroops","Slimebound:DuplicatedForm"],"picked":"Slimebound:OneTwoCombo","floor":16},{"not_picked":[],"picked":"J.A.X.","floor":20},{"not_picked":["Slimebound:GrowthPunch","Slimebound:FinishingTackle"],"picked":"Slimebound:LeadByExample+1","floor":20},{"not_picked":["Slimebound:Replication","Slimebound:Repurpose","Slimebound:GoopTackle"],"picked":"SKIP","floor":21},{"not_picked":["Slimebound:FlameTackle","Slimebound:LeechLife","Slimebound:SplitLeeching"],"picked":"SKIP","floor":22}],"player_experience":290,"relics_obtained":[{"floor":3,"key":"Vajra"},{"floor":6,"key":"Gremlin Horn"},{"floor":7,"key":"Bag of Preparation"},{"floor":20,"key":"MutagenicStrength"}],"event_choices":[{"damage_healed":0,"gold_gain":0,"player_choice":"Donut","damage_taken":0,"max_hp_gain":5,"max_hp_loss":0,"event_name":"Big Fish","floor":14,"gold_loss":0}],"is_beta":false,"boss_relics":[{"not_picked":["Snecko Eye","Philosopher\u0027s Stone"],"picked":"Velvet Choker"}],"items_purged_floors":[11],"is_endless":false,"potions_floor_spawned":[3,4,9,12,21],"killed_by":"Slavers","ascension_level":0}}