{"host":"p7j7o00jacnw7qzt","time":1608103656,"event":{"mods":["BaseMod","Colored Map","Colored Powertips","DeckTracker","Highlight Path","Minty Spire (QoL Compilation)","Relic Stats"],"gold_per_floor":[115,115,115,1,1,40,61,61,61,86,107,107,127,127,127,218,218,241,441,454,472,491,530,580,233,257,280,315,230,230,265,265,358,358,381,381,381,256,276,317,317,348,348,348,388,406,437,437,437,437,437,437,437,247,288,288],"floor_reached":57,"playtime":3328,"items_purged":["Strike_G","Strike_G","Defend_G","Defend_G"],"score":3292,"play_id":"97444136-d1a4-4e34-95f9-0f07bd7e1492","local_time":"20201216022736","is_ascension_mode":true,"campfire_choices":[{"data":"Acrobatics","floor":8.0,"key":"SMITH"},{"data":"Tactician","floor":12.0,"key":"SMITH"},{"data":"Deadly Poison","floor":15.0,"key":"SMITH"},{"data":"Expertise","floor":32.0,"key":"SMITH"},{"data":"Acrobatics","floor":41.0,"key":"SMITH"},{"data":"Defend_G","floor":44.0,"key":"PURGE"},{"floor":49.0,"key":"RECALL"},{"data":"Deadly Poison+1","floor":53,"key":"PURGE"}],"circlet_count":0,"master_deck":["AscendersBane","Defend_G+1","Survivor","Neutralize","Infinite Blades","Expertise+1","Acrobatics+1","Tactician+1","Adrenaline","Blur+1","Terror+1","Malaise+1","Prepared+1","Acrobatics+1","Grand Finale","Concentrate","Prepared+1","Backflip+1","Escape Plan"],"relics":["Ring of the Snake","NeowsBlessing","Golden Idol","Darkstone Periapt","Mercury Hourglass","Ice Cream","Astrolabe","Prayer Wheel","Medical Kit","Boot","Pocketwatch","Molten Egg 2","Nunchaku","SlaversCollar","Question Card","Peace Pipe","Incense Burner","Anchor","StoneCalendar","War Paint"],"acts_visited":["Exordium","TheCity","TheBeyond","TheEnding"],"potions_floor_usage":[],"damage_taken":[{"damage":0.0,"enemies":"Small Slimes","floor":1.0,"turns":1.0},{"damage":0.0,"enemies":"3 Sentries","floor":6.0,"turns":1.0},{"damage":0.0,"enemies":"2 Louse","floor":7.0,"turns":1.0},{"damage":0.0,"enemies":"Cultist","floor":10.0,"turns":4.0},{"damage":8.0,"enemies":"Exordium Thugs","floor":11.0,"turns":6.0},{"damage":1.0,"enemies":"Looter","floor":13.0,"turns":4.0},{"damage":22.0,"enemies":"The Guardian","floor":16.0,"turns":10.0},{"damage":0.0,"enemies":"3 Byrds","floor":18.0,"turns":4.0},{"damage":0.0,"enemies":"Chosen","floor":20.0,"turns":5.0},{"damage":6.0,"enemies":"Snecko","floor":21.0,"turns":9.0},{"damage":0.0,"enemies":"3 Cultists","floor":22.0,"turns":2.0},{"damage":2.0,"enemies":"Book of Stabbing","floor":23.0,"turns":3.0},{"damage":0.0,"enemies":"Centurion and Healer","floor":27.0,"turns":4.0},{"damage":2.0,"enemies":"Gremlin Leader","floor":28.0,"turns":4.0},{"damage":0.0,"enemies":"Slavers","floor":31.0,"turns":1.0},{"damage":7.0,"enemies":"Collector","floor":33.0,"turns":3.0},{"damage":6.0,"enemies":"Orb Walker","floor":35.0,"turns":2.0},{"damage":8.0,"enemies":"3 Shapes","floor":39.0,"turns":3.0},{"damage":0.0,"enemies":"Reptomancer","floor":40.0,"turns":1.0},{"damage":0.0,"enemies":"Mind Bloom Boss Battle","floor":42.0,"turns":1.0},{"damage":0.0,"enemies":"Nemesis","floor":45.0,"turns":1.0},{"damage":0.0,"enemies":"Spire Growth","floor":46.0,"turns":1.0},{"damage":0.0,"enemies":"Reptomancer","floor":47.0,"turns":1.0},{"damage":0,"enemies":"Donu and Deca","floor":50,"turns":1},{"damage":0,"enemies":"Awakened One","floor":51,"turns":3},{"damage":0,"enemies":"Shield and Spear","floor":55,"turns":1},{"damage":85,"enemies":"The Heart","floor":56,"turns":4}],"seed_played":"-527829403447754254","potions_obtained":[{"floor":1.0,"key":"Energy Potion"},{"floor":5.0,"key":"FairyPotion"},{"floor":5.0,"key":"Block Potion"},{"floor":13.0,"key":"Swift Potion"},{"floor":31.0,"key":"LiquidMemories"}],"is_trial":false,"path_per_floor":["M","?","?","$","?","E","M","R","T","M","M","R","M","T","R","B",null,"M","?","M","M","M","E","?","$","T","M","E","?","?","E","R","B",null,"M","?","?","$","M","E","R","?","T","R","E","M","E","?","R","B","B",null,"R","$","E","B",null],"character_chosen":"THE_SILENT","items_purchased":["Infinite Blades","Medical Kit","Concentrate","Escape Plan"],"campfire_rested":0,"item_purchase_floors":[4,25,25,54],"current_hp_per_floor":[59,59,54,54,54,54,54,54,54,54,46,46,45,45,45,23,51,51,51,51,45,45,43,43,43,43,43,41,41,41,41,41,34,54,48,48,48,48,40,40,40,40,40,40,40,40,40,30,30,30,30,50,50,50,50,5],"gold":288,"neow_bonus":"THREE_ENEMY_KILL","is_daily":false,"chose_seed":false,"campfire_upgraded":5,"win_rate":0.0,"timestamp":1608103656,"path_taken":["M","?","?","$","?","E","M","R","T","M","?","R","M","?","R","BOSS","M","?","?","M","M","E","?","$","T","M","E","?","?","E","R","BOSS","M","?","?","$","M","E","R","?","T","R","E","M","E","?","R","BOSS","BOSS","R","$","E","BOSS"],"items_purchased_type":["Card","Relic","Card","Card"],"build_version":"2020-12-13","purchased_purges":4,"victory":true,"max_hp_per_floor":[66,60,60,60,60,60,60,60,60,60,60,60,60,60,60,60,60,60,60,60,60,60,60,60,60,60,60,60,60,60,60,60,60,60,60,57,57,57,57,57,57,57,57,57,57,57,57,57,57,57,57,57,57,57,57,57],"relic_stats":{"Darkstone Periapt":0,"counters":[27,79],"Golden Idol":217,"Astrolabe":["Blur","Terror","Malaise"],"StoneCalendar":[0],"War Paint":["Defend_G","Backflip"],"Medical Kit":[6],"Boot":[52],"Question Card":9,"Mercury Hourglass":[343],"Peace Pipe":2,"Nunchaku":[8],"Prayer Wheel":4,"obtain_stats":[{"Darkstone Periapt":3,"Ice Cream":9,"NeowsBlessing":0,"Golden Idol":2,"Astrolabe":17,"StoneCalendar":47,"Incense Burner":43,"War Paint":55,"Medical Kit":25,"Boot":26,"Question Card":40,"Mercury Hourglass":6,"Peace Pipe":42,"SlaversCollar":34,"Nunchaku":31,"Anchor":45,"Prayer Wheel":23,"Molten Egg 2":29,"Ring of the Snake":0,"Pocketwatch":28},{"Darkstone Periapt":1,"Ice Cream":3,"NeowsBlessing":0,"Golden Idol":1,"Astrolabe":7,"StoneCalendar":23,"Incense Burner":20,"War Paint":26,"Medical Kit":12,"Boot":12,"Question Card":19,"Mercury Hourglass":2,"Peace Pipe":20,"SlaversCollar":16,"Nunchaku":15,"Anchor":21,"Prayer Wheel":12,"Molten Egg 2":14,"Ring of the Snake":0,"Pocketwatch":14},{"Darkstone Periapt":1,"Ice Cream":3,"NeowsBlessing":0,"Golden Idol":1,"Astrolabe":27,"StoneCalendar":70,"Incense Burner":67,"War Paint":75,"Medical Kit":48,"Boot":48,"Question Card":66,"Mercury Hourglass":2,"Peace Pipe":67,"SlaversCollar":60,"Nunchaku":57,"Anchor":68,"Prayer Wheel":48,"Molten Egg 2":56,"Ring of the Snake":0,"Pocketwatch":56}],"Ring of the Snake":[54],"Pocketwatch":[0]},"card_choices":[{"not_picked":["Heel Hook","Sucker Punch","Dagger Spray"],"picked":"SKIP","floor":1.0},{"not_picked":["Heel Hook","Flying Knee"],"picked":"Expertise","floor":6.0},{"not_picked":["Dodge and Roll","Bane"],"picked":"Acrobatics","floor":7.0},{"not_picked":["Dagger Spray","Prepared","Dagger Throw"],"picked":"SKIP","floor":10.0},{"not_picked":["Expertise","Masterful Stab"],"picked":"Tactician","floor":11.0},{"not_picked":["PiercingWail","Outmaneuver"],"picked":"Deadly Poison","floor":13.0},{"not_picked":["Envenom","Wraith Form v2"],"picked":"Adrenaline","floor":16.0},{"not_picked":["Acrobatics","Slice"],"picked":"Prepared+1","floor":18.0},{"not_picked":["Blur","Bouncing Flask"],"picked":"Acrobatics","floor":20.0},{"not_picked":["Bane","Outmaneuver"],"picked":"Grand Finale","floor":21.0},{"not_picked":["Dash+1","Masterful Stab","Predator"],"picked":"SKIP","floor":22.0},{"not_picked":["Dash+1","Masterful Stab","Predator"],"picked":"SKIP","floor":22.0},{"not_picked":["Quick Slash","Outmaneuver","Dagger Spray"],"picked":"SKIP","floor":23.0},{"not_picked":["Poisoned Stab","PiercingWail+1"],"picked":"Prepared+1","floor":27.0},{"not_picked":["Quick Slash+1","Concentrate","Choke+1"],"picked":"SKIP","floor":27.0},{"not_picked":["Cloak And Dagger","Poisoned Stab","Deadly Poison"],"picked":"SKIP","floor":28.0},{"not_picked":["Outmaneuver","Flying Knee+1","Setup"],"picked":"SKIP","floor":31.0},{"not_picked":["Slice+1","Flying Knee+1","Bouncing Flask+1"],"picked":"SKIP","floor":35.0},{"not_picked":["Dash+1","Distraction","Slice+1"],"picked":"SKIP","floor":35.0},{"not_picked":["Leg Sweep+1","Endless Agony+1"],"picked":"Backflip","floor":39.0},{"not_picked":["Slice+1","Outmaneuver+1","Bane+1"],"picked":"SKIP","floor":39.0},{"not_picked":["Corpse Explosion","Bane+1","Acrobatics"],"picked":"SKIP","floor":40.0},{"not_picked":["Deadly Poison+1","Prepared","Sucker Punch+1","Dagger Spray+1"],"picked":"SKIP","floor":45.0},{"not_picked":["Acrobatics","Quick Slash+1","Predator+1","Underhanded Strike+1"],"picked":"SKIP","floor":46.0},{"not_picked":["Deadly Poison","Prepared+1","Tactician+1","Backflip+1"],"picked":"SKIP","floor":46.0},{"not_picked":["Sucker Punch+1","Flying Knee+1","Quick Slash+1","Deadly Poison+1"],"picked":"SKIP","floor":47.0},{"not_picked":["Blade Dance","Reflex","Skewer+1","Predator+1"],"picked":"SKIP","floor":55}],"player_experience":882292,"relics_obtained":[{"floor":6.0,"key":"Mercury Hourglass"},{"floor":9.0,"key":"Ice Cream"},{"floor":23.0,"key":"Prayer Wheel"},{"floor":26.0,"key":"Boot"},{"floor":28.0,"key":"Pocketwatch"},{"floor":31.0,"key":"Nunchaku"},{"floor":40.0,"key":"Question Card"},{"floor":42.0,"key":"Peace Pipe"},{"floor":43.0,"key":"Incense Burner"},{"floor":45.0,"key":"Anchor"},{"floor":47.0,"key":"StoneCalendar"},{"floor":55,"key":"War Paint"}],"event_choices":[{"damage_healed":0.0,"max_hp_gain":0.0,"max_hp_loss":6.0,"gold_gain":0.0,"event_name":"Golden Idol","player_choice":"Lose Max HP","floor":2.0,"gold_loss":0.0,"damage_taken":0.0,"relics_obtained":["Golden Idol"]},{"damage_healed":0.0,"max_hp_gain":0.0,"max_hp_loss":0.0,"gold_gain":0.0,"event_name":"Scrap Ooze","player_choice":"Success","floor":3.0,"gold_loss":0.0,"damage_taken":5.0,"relics_obtained":["Darkstone Periapt"]},{"damage_healed":0.0,"max_hp_gain":0.0,"max_hp_loss":0.0,"gold_gain":0.0,"event_name":"Lab","player_choice":"Got Potions","floor":5.0,"gold_loss":0.0,"damage_taken":0.0},{"damage_healed":0.0,"max_hp_gain":0.0,"max_hp_loss":0.0,"gold_gain":250.0,"event_name":"The Joust","player_choice":"Bet on Owner","floor":19.0,"gold_loss":50.0,"damage_taken":0.0},{"damage_healed":0.0,"max_hp_gain":0.0,"max_hp_loss":0.0,"gold_gain":50.0,"event_name":"Nest","player_choice":"Stole From Cult","floor":24.0,"gold_loss":0.0,"damage_taken":0.0},{"damage_healed":0.0,"max_hp_gain":0.0,"max_hp_loss":0.0,"gold_gain":0.0,"event_name":"Addict","player_choice":"Obtained Relic","floor":29.0,"gold_loss":85.0,"damage_taken":0.0,"relics_obtained":["Molten Egg 2"]},{"cards_removed":["Defend_G"],"damage_healed":0.0,"max_hp_gain":0.0,"max_hp_loss":0.0,"gold_gain":0.0,"event_name":"Back to Basics","player_choice":"Elegance","floor":30.0,"gold_loss":0.0,"damage_taken":0.0},{"damage_healed":0.0,"max_hp_gain":0.0,"max_hp_loss":3.0,"gold_gain":0.0,"event_name":"Winding Halls","player_choice":"Max HP","floor":36.0,"gold_loss":0.0,"damage_taken":0.0},{"damage_healed":0.0,"max_hp_gain":0.0,"max_hp_loss":0.0,"gold_gain":0.0,"event_name":"Tomb of Lord Red Mask","player_choice":"Ignored","floor":37.0,"gold_loss":0.0,"damage_taken":0.0},{"damage_healed":0.0,"max_hp_gain":0.0,"max_hp_loss":0.0,"gold_gain":0.0,"event_name":"MindBloom","player_choice":"Fight","floor":42.0,"gold_loss":0.0,"damage_taken":0.0},{"damage_healed":0.0,"max_hp_gain":0.0,"max_hp_loss":0.0,"gold_gain":0.0,"event_name":"SensoryStone","player_choice":"Memory 3","floor":48.0,"gold_loss":0.0,"damage_taken":10.0}],"is_beta":false,"boss_relics":[{"not_picked":["Calling Bell","Sozu"],"picked":"Astrolabe"},{"not_picked":["Velvet Choker","Cursed Key"],"picked":"SlaversCollar"}],"items_purged_floors":[4,25,38,54],"is_endless":false,"potions_floor_spawned":[1,7,13,20,23,31,35,39,40],"ascension_level":20}}