{"host":"coame8l8goqx0svj","time":1608147754,"event":{"mods":["BaseMod","Downfall","Minty Spire (QoL Compilation)","StSLib"],"gold_per_floor":[99,115,131,56,88,88,88,102,112,37,54,154,454,474,494,589,589,589,600,600,616,221,234,234,265,265,290,303,298,383,140,155,254,254,179,179,227,227,241,269,294,43,43,74,88,99,111,122,133,133,133,158,158,158,158],"floor_reached":56,"playtime":4655,"items_purged":["Slimebound:Icky","Slimebound:Icky"],"score":2339,"play_id":"25c1ff08-84cd-4d5d-987b-acabc1a7b383","local_time":"20201216204234","daily_mods":["Draft","Vintage","Heirloom"],"is_ascension_mode":true,"campfire_choices":[{"floor":1,"key":"RECALL"},{"data":"hexamod:GhostOfSpirePast","floor":4,"key":"SMITH"},{"data":"hexamod:Incineration","floor":10,"key":"SMITH"},{"data":"hexamod:GiftsFromTheDead","floor":18,"key":"SMITH"},{"data":"hexamod:Rewind","floor":20,"key":"SMITH"},{"data":"hexamod:SearingWound","floor":35,"key":"SMITH"},{"data":"hexamod:Rewind","floor":38,"key":"SMITH"},{"data":"hexamod:EmpoweredFlame","floor":43,"key":"SMITH"},{"data":"1","floor":54,"key":"LIFT"}],"circlet_count":0,"master_deck":["hexamod:Incineration","hexamod:GhostOfSpirePast","hexamod:Incineration+1","hexamod:Hexaguard","hexamod:GhostflameBarrier","hexamod:RainOfEmbers","hexamod:Hexaguard","hexamod:GhostOfSpirePast+1","hexamod:ThermalTransfer","hexamod:ThirdSeal","hexamod:Hexaguard+1","hexamod:RainOfEmbers","hexamod:ThermalTransfer","hexamod:InspiringFlames","hexamod:Rewind+1","hexamod:ExtraCrispy","hexamod:SoulSteal+1","hexamod:SuperheatedStrike","hexamod:GiftsFromTheDead+1","hexamod:GhostOfSpirePast","hexamod:Rewind+1","hexamod:FlamesFromBeyond","hexamod:ParanormalForm","hexamod:PhantomFireball","hexamod:SearingWound+1","hexamod:EmpoweredFlame+1","hexamod:TimeOfNeed+1","hexamod:VolcanoVisage","Apotheosis+1","hexamod:Rewind+1","hexamod:Rewind+1","hexamod:GiftsFromTheDead"],"relics":["hexamod:SpiritBrand","Prayer Wheel","CaptainsWheel","Pen Nib","downfall:HeartBlessingRed","Bottled Flame","War Paint","Pocketwatch","downfall:HeartBlessingBlue","Bronze Scales","Omamori","Bag of Preparation","Cursed Key","hexamod:MatchstickCase","FossilizedHelix","champ:DuelingGlove","HornCleat","Shuriken","hexamod:CandleOfCauterizing","Enchiridion","StrikeDummy","Matryoshka","hexamod:BolsterEngine","Singing Bowl","Toxic Egg 2","sneckomod:SneckoTalon","downfall:HeartBlessingGreen","Incense Burner","Mercury Hourglass","Orichalcum","Boot","Potion Belt","Strawberry","Girya","hexamod:SoulConsumer","Darkstone Periapt","TungstenRod","PreservedInsect","Blood Vial"],"acts_visited":["Exordium","TheCity","TheBeyond","TheEnding"],"potions_floor_usage":[16,25],"damage_taken":[{"damage":0,"enemies":"Jaw Worm","floor":2,"turns":3},{"damage":0,"enemies":"Cultist","floor":3,"turns":3},{"damage":0,"enemies":"Lagavulin","floor":5,"turns":4},{"damage":0,"enemies":"Small Slimes","floor":8,"turns":3},{"damage":0,"enemies":"Exordium Wildlife","floor":9,"turns":4},{"damage":0,"enemies":"Red Slaver","floor":11,"turns":2},{"damage":9,"enemies":"2 Fungi Beasts","floor":14,"turns":2},{"damage":0,"enemies":"Exordium Wildlife","floor":15,"turns":2},{"damage":0,"enemies":"downfall:Watcher","floor":16,"turns":4},{"damage":0,"enemies":"Spheric Guardian","floor":19,"turns":3},{"damage":0,"enemies":"Chosen","floor":21,"turns":4},{"damage":0,"enemies":"downfall:FleeingMerchant","floor":22,"turns":4},{"damage":0,"enemies":"Snake Plant","floor":23,"turns":2},{"damage":0,"enemies":"Slavers","floor":25,"turns":3},{"damage":0,"enemies":"Book of Stabbing","floor":27,"turns":3},{"damage":0,"enemies":"3 Cultists","floor":28,"turns":3},{"damage":0,"enemies":"downfall:FleeingMerchant","floor":29,"turns":3},{"damage":0,"enemies":"Snecko","floor":32,"turns":3},{"damage":0,"enemies":"downfall:Silent","floor":33,"turns":4},{"damage":0,"enemies":"2 Orb Walkers","floor":37,"turns":3},{"damage":0,"enemies":"Orb Walker","floor":39,"turns":3},{"damage":0,"enemies":"Giant Head","floor":40,"turns":5},{"damage":0,"enemies":"Reptomancer","floor":44,"turns":4},{"damage":13,"enemies":"3 Darklings","floor":45,"turns":3},{"damage":0,"enemies":"Maw","floor":46,"turns":3},{"damage":0,"enemies":"Sphere and 2 Shapes","floor":47,"turns":3},{"damage":0,"enemies":"Transient","floor":48,"turns":5},{"damage":0,"enemies":"Maw","floor":49,"turns":3},{"damage":0,"enemies":"downfall:Defect","floor":50,"turns":4},{"damage":0,"enemies":"downfall:CharBossMerchant","floor":52,"turns":4},{"damage":0,"enemies":"downfall:NeowBoss","floor":55,"turns":10}],"seed_played":"-299706796071191583","potions_obtained":[{"floor":3,"key":"Weak Potion"},{"floor":8,"key":"FearPotion"},{"floor":11,"key":"Explosive Potion"},{"floor":14,"key":"CultistPotion"},{"floor":23,"key":"Energy Potion"},{"floor":27,"key":"AttackPotion"},{"floor":33,"key":"Block Potion"},{"floor":45,"key":"champ:CounterPotion"},{"floor":47,"key":"LiquidMemories"}],"is_trial":true,"path_per_floor":["R","M","M","R","E","?","T","M","M","R","M","?","?","M","M","B",null,"R","M","R","M","$","M","T","E","?","E","M","$","?","$","M","B",null,"R","?","?","R","M","E","T","$","R","E","M","M","M","M","M","B",null,"E","$","R","B",null],"character_chosen":"THE_SPIRIT","items_purchased":["champ:DuelingGlove","hexamod:BolsterEngine","hexamod:EmpoweredFlame","Singing Bowl","Apotheosis+1","hexamod:Rewind+1"],"campfire_rested":0,"item_purchase_floors":[22,29,29,31,42,42],"current_hp_per_floor":[70,70,70,70,70,70,70,70,70,80,80,80,80,71,71,71,78,78,78,78,78,78,78,78,78,62,62,62,62,48,48,50,50,74,74,74,76,76,76,80,80,80,80,89,78,78,80,80,82,82,98,102,102,102,104],"gold":158,"neow_bonus":"","is_daily":false,"chose_seed":false,"campfire_upgraded":7,"win_rate":0.0,"timestamp":1608147754,"path_taken":["R","M","M","R","E","?","T","M","?","R","M","?","?","?","M","BOSS","R","M","R","M","$","M","T","E","?","E","M","$","?","?","M","BOSS","R","?","?","R","M","E","T","?","R","E","?","M","M","M","M","BOSS","E","$","R","BOSS"],"items_purchased_type":["Relic","Relic","Card","Relic","Card","Card"],"build_version":"2020-12-13","purchased_purges":2,"victory":true,"max_hp_per_floor":[70,70,70,70,70,70,70,70,70,80,80,80,80,80,80,80,80,80,80,80,80,80,80,80,80,80,80,80,80,80,80,82,82,82,82,82,84,84,84,88,88,88,88,97,99,99,101,101,103,103,103,107,107,107,107],"card_choices":[{"not_picked":["hexamod:GhostShield","hexamod:BurningTouch"],"picked":"hexamod:Incineration","floor":0},{"not_picked":["hexamod:HauntingEcho","hexamod:Firestarter"],"picked":"hexamod:GhostOfSpirePast","floor":0},{"not_picked":["hexamod:SpectralAdrenaline","hexamod:Hexaguard"],"picked":"hexamod:Incineration","floor":0},{"not_picked":["hexamod:FourthSeal","hexamod:ThirdSeal"],"picked":"hexamod:Hexaguard","floor":0},{"not_picked":["hexamod:RadiantFlame","hexamod:BurningTouch"],"picked":"hexamod:GhostflameBarrier","floor":0},{"not_picked":["hexamod:BacktrackSmack","hexamod:SwordOfDarkness"],"picked":"hexamod:RainOfEmbers","floor":0},{"not_picked":["hexamod:SwordOfDarkness","hexamod:FastForward"],"picked":"hexamod:Hexaguard","floor":0},{"not_picked":["hexamod:PowerFromBeyond","hexamod:Firestarter"],"picked":"hexamod:GhostOfSpirePast","floor":0},{"not_picked":["hexamod:RainOfEmbers","hexamod:GhostLash"],"picked":"hexamod:ThermalTransfer","floor":0},{"not_picked":["hexamod:ShieldOfDarkness","hexamod:Firestarter"],"picked":"hexamod:ThirdSeal","floor":0},{"not_picked":["hexamod:PowerFromBeyond","hexamod:GhostShield"],"picked":"hexamod:Hexaguard","floor":0},{"not_picked":["hexamod:ShieldOfDarkness","hexamod:NightmareStrike"],"picked":"hexamod:RainOfEmbers","floor":0},{"not_picked":["hexamod:ShieldOfDarkness","hexamod:HauntingEcho"],"picked":"hexamod:GhostOfSpireFuture","floor":0},{"not_picked":["hexamod:BurningTouch","hexamod:NightmareStrike"],"picked":"hexamod:ThermalTransfer","floor":0},{"not_picked":["hexamod:SwordOfDarkness","hexamod:ShieldOfDarkness"],"picked":"hexamod:InspiringFlames","floor":0},{"not_picked":["hexamod:BurningTouch","hexamod:NightmareStrike"],"picked":"hexamod:Rewind","floor":2},{"not_picked":["hexamod:GhostShield","hexamod:SwordOfDarkness"],"picked":"hexamod:ExtraCrispy","floor":3},{"not_picked":["hexamod:RainOfEmbers","hexamod:BurningTouch"],"picked":"hexamod:SoulSteal","floor":5},{"not_picked":["hexamod:SwordOfDarkness","hexamod:GhostOfSpireFuture","hexamod:GhostShield"],"picked":"SKIP","floor":5},{"not_picked":["hexamod:SecondSeal","hexamod:GhostOfSpirePresent","hexamod:RainOfEmbers"],"picked":"SKIP","floor":8},{"not_picked":["hexamod:BurningTouch","hexamod:RainOfEmbers"],"picked":"hexamod:SuperheatedStrike","floor":9},{"not_picked":["hexamod:SearingWound","hexamod:NecessarySacrifice","hexamod:RainOfEmbers"],"picked":"SKIP","floor":14},{"not_picked":["hexamod:TimeWarp","hexamod:SixthSeal"],"picked":"hexamod:GiftsFromTheDead","floor":16},{"not_picked":["hexamod:ShieldOfDarkness","hexamod:NightmareGuise","hexamod:Again"],"picked":"SKIP","floor":19},{"not_picked":["hexamod:GhostLash","hexamod:NightmareStrike"],"picked":"hexamod:GhostOfSpirePast","floor":21},{"not_picked":["hexamod:Firestarter+1","hexamod:AdvancingGuard","hexamod:HeatCrush"],"picked":"SKIP","floor":22},{"not_picked":["hexamod:NightmareGuise+1","hexamod:InspiringFlames"],"picked":"hexamod:Rewind","floor":23},{"not_picked":["hexamod:AdvancingGuard","hexamod:NightmareStrike"],"picked":"hexamod:FlamesFromBeyond","floor":25},{"not_picked":["hexamod:NecessarySacrifice","hexamod:Firestarter"],"picked":"hexamod:ParanormalForm","floor":25},{"not_picked":["hexamod:SwordOfDarkness+1","hexamod:HauntingEcho"],"picked":"hexamod:PhantomFireball","floor":27},{"not_picked":["hexamod:ShieldOfDarkness","hexamod:PhantomCloak","hexamod:ExtraCrispy"],"picked":"SKIP","floor":27},{"not_picked":["hexamod:HeatMetal","hexamod:SwordOfDarkness","hexamod:NightmareStrike"],"picked":"SKIP","floor":28},{"not_picked":["hexamod:FourthSeal","hexamod:Firestarter+1"],"picked":"hexamod:SearingWound","floor":29},{"not_picked":["hexamod:SecondSeal","hexamod:GhostLash","hexamod:SwordOfDarkness"],"picked":"SKIP","floor":29},{"not_picked":["hexamod:ChargedBarrage+1","hexamod:GhostLash","hexamod:FastForward+1"],"picked":"Singing Bowl","floor":32},{"not_picked":["hexamod:SixthSeal","hexamod:EmpoweringStance"],"picked":"hexamod:TimeOfNeed+1","floor":33},{"not_picked":["hexamod:ParanormalForm","hexamod:CrushingStance"],"picked":"hexamod:VolcanoVisage","floor":33},{"not_picked":["hexamod:NightmareGuise+1","hexamod:BurningTouch+1","hexamod:AdvancingGuard+1"],"picked":"Singing Bowl","floor":37},{"not_picked":["hexamod:ParanormalForm","hexamod:SoulSteal+1","hexamod:FastForward+1"],"picked":"Singing Bowl","floor":40},{"not_picked":["hexamod:GhostShield+1","hexamod:SpectersWail","hexamod:Firestarter"],"picked":"Singing Bowl","floor":40},{"not_picked":["hexamod:GhostLash","hexamod:NightmareStrike"],"picked":"hexamod:Rewind+1","floor":44},{"not_picked":["hexamod:ShieldOfDarkness+1","hexamod:GhostShield+1","hexamod:PhantomFireball"],"picked":"Singing Bowl","floor":44},{"not_picked":["hexamod:RecurringNightmare+1","hexamod:FastForward+1","hexamod:AdvancingGuard+1"],"picked":"Singing Bowl","floor":45},{"not_picked":["hexamod:SpectralSpark+1","hexamod:HauntingEcho","hexamod:GhostLash+1"],"picked":"Singing Bowl","floor":47},{"not_picked":["hexamod:HeatMetal","hexamod:AdvancingGuard+1"],"picked":"hexamod:GiftsFromTheDead","floor":48},{"not_picked":["hexamod:HauntingEcho","hexamod:NightmareStrike","hexamod:RainOfEmbers"],"picked":"Singing Bowl","floor":49},{"not_picked":["hexamod:GhostLash+1","hexamod:SpectralSpark+1","hexamod:InspiringFlames+1"],"picked":"Singing Bowl","floor":52},{"not_picked":["hexamod:SpectersWail+1","hexamod:SoulSteal+1","hexamod:Hexaguard+1"],"picked":"Singing Bowl","floor":52}],"player_experience":1644569,"relics_obtained":[{"floor":2,"key":"CaptainsWheel"},{"floor":3,"key":"Pen Nib"},{"floor":5,"key":"Bottled Flame"},{"floor":8,"key":"War Paint"},{"floor":9,"key":"Pocketwatch"},{"floor":11,"key":"Bronze Scales"},{"floor":14,"key":"Omamori"},{"floor":15,"key":"Bag of Preparation"},{"floor":19,"key":"hexamod:MatchstickCase"},{"floor":21,"key":"FossilizedHelix"},{"floor":23,"key":"HornCleat"},{"floor":24,"key":"Shuriken"},{"floor":25,"key":"hexamod:CandleOfCauterizing"},{"floor":26,"key":"Enchiridion"},{"floor":27,"key":"StrikeDummy"},{"floor":28,"key":"Matryoshka"},{"floor":32,"key":"Toxic Egg 2"},{"floor":37,"key":"Incense Burner"},{"floor":39,"key":"Mercury Hourglass"},{"floor":40,"key":"Orichalcum"},{"floor":41,"key":"Boot"},{"floor":41,"key":"Potion Belt"},{"floor":44,"key":"Strawberry"},{"floor":45,"key":"Girya"},{"floor":46,"key":"hexamod:SoulConsumer"},{"floor":47,"key":"Darkstone Periapt"},{"floor":48,"key":"TungstenRod"},{"floor":49,"key":"PreservedInsect"},{"floor":52,"key":"Blood Vial"}],"event_choices":[{"cards_removed":["hexamod:GhostOfSpireFuture"],"damage_healed":0,"gold_gain":0,"player_choice":"Purged","damage_taken":0,"max_hp_gain":0,"max_hp_loss":0,"event_name":"Purifier","floor":6,"gold_loss":0},{"damage_healed":0,"gold_gain":0,"player_choice":"Fight","damage_taken":0,"max_hp_gain":0,"max_hp_loss":0,"event_name":"Mysterious Sphere","floor":37,"gold_loss":0}],"is_beta":false,"boss_relics":[{"not_picked":["Astrolabe","Ectoplasm"],"picked":"Cursed Key"},{"not_picked":["hexamod:IceCube","Black Star"],"picked":"sneckomod:SneckoTalon"}],"items_purged_floors":[22,29],"is_endless":false,"potions_floor_spawned":[3,8,11,14,23,27,32,33,39,45,47,52],"ascension_level":5}}