{"host":"6bsan6hkua32tfq7","time":1608114503,"event":{"mods":["BaseMod","Better Third Choice","Colored Map","Highlight Path","Minty Spire (QoL Compilation)","StSLib"],"gold_per_floor":[112,112,0,0,12,37,37,71,71,71,104,104,124,49,49,120,120,131,32,32,32,43,78,98,98,173,209,209,252,252,64,64,143,143,182,235,248,248,248],"floor_reached":38,"playtime":1273,"items_purged":["Strike_P","Writhe"],"score":920,"play_id":"9dc90484-5fc3-4ae6-b50e-64dfd5979013","local_time":"20201216112823","is_ascension_mode":true,"campfire_choices":[{"data":"Perseverance","floor":7,"key":"SMITH"},{"data":"Enlightenment","floor":12,"key":"SMITH"},{"data":"Conclude","floor":15,"key":"SMITH"},{"floor":25,"key":"REST"},{"floor":28,"key":"REST"},{"floor":32,"key":"REST"}],"circlet_count":0,"master_deck":["AscendersBane","Strike_P","Strike_P+1","Strike_P","Defend_P+1","Defend_P","Defend_P","Eruption","Vigilance","SignatureMove","Enlightenment+1","Perseverance+1","EmptyFist","Conclude+1","Wallop","Wireheading","Wish","Crescendo","Blind","WaveOfTheHand","SandsOfTime+1","Adaptation","Protect","Fasting2+1","Alpha"],"relics":["HolyWater","NeowsBlessing","CultistMask","GoldenEye","Akabeko","Pear","PreservedInsect","Philosopher\u0027s Stone","CloakClasp","Shuriken","Mummified Hand","Frozen Egg 2","Turnip"],"acts_visited":["Exordium","TheCity","TheBeyond"],"potions_floor_usage":[8,18,23,23,23,24,27,36],"damage_taken":[{"damage":0,"enemies":"Cultist","floor":1,"turns":1},{"damage":0,"enemies":"2 Louse","floor":5,"turns":1},{"damage":0,"enemies":"Gremlin Nob","floor":6,"turns":1},{"damage":0,"enemies":"Lagavulin","floor":8,"turns":4},{"damage":12,"enemies":"3 Sentries","floor":11,"turns":4},{"damage":0,"enemies":"Jaw Worm","floor":13,"turns":2},{"damage":26,"enemies":"Hexaghost","floor":16,"turns":9},{"damage":15,"enemies":"3 Byrds","floor":18,"turns":2},{"damage":0,"enemies":"Spheric Guardian","floor":22,"turns":3},{"damage":20,"enemies":"Gremlin Leader","floor":23,"turns":4},{"damage":0,"enemies":"Snake Plant","floor":24,"turns":1},{"damage":18,"enemies":"Centurion and Healer","floor":27,"turns":6},{"damage":39,"enemies":"Cultist and Chosen","floor":29,"turns":8},{"damage":15,"enemies":"Champ","floor":33,"turns":10},{"damage":0,"enemies":"3 Shapes","floor":35,"turns":7},{"damage":51,"enemies":"2 Orb Walkers","floor":36,"turns":5},{"damage":0,"enemies":"Orb Walker","floor":37,"turns":4},{"damage":25,"enemies":"Sphere and 2 Shapes","floor":38,"turns":3}],"seed_played":"4341752934541551917","potions_obtained":[{"floor":1,"key":"FearPotion"},{"floor":6,"key":"EntropicBrew"},{"floor":13,"key":"BottledMiracle"},{"floor":18,"key":"Weak Potion"},{"floor":23,"key":"GamblersBrew"},{"floor":24,"key":"Energy Potion"},{"floor":36,"key":"SteroidPotion"}],"is_trial":false,"path_per_floor":["M","?","?","?","M","E","R","E","T","?","E","R","M","$","R","B",null,"M","$","?","?","M","E","M","R","T","M","R","M","T","$","R","B",null,"M","?","M","M"],"character_chosen":"WATCHER","items_purchased":["Blind","Fasting2+1"],"campfire_rested":3,"item_purchase_floors":[19,31],"current_hp_per_floor":[61,41,47,47,47,47,47,47,57,50,38,38,38,38,38,12,66,51,51,51,51,51,31,31,56,56,38,63,24,24,24,49,34,72,72,21,21,0,0],"gold":248,"neow_bonus":"THREE_ENEMY_KILL","is_daily":false,"chose_seed":false,"campfire_upgraded":3,"win_rate":0.0,"timestamp":1608114503,"path_taken":["M","?","?","?","?","E","R","E","T","?","E","R","M","$","R","BOSS","M","$","?","?","M","E","M","R","T","M","R","M","?","$","R","BOSS","M","?","M","M"],"items_purchased_type":["Card","Card"],"build_version":"2020-12-13","purchased_purges":2,"victory":false,"max_hp_per_floor":[68,68,74,74,74,74,74,74,84,84,84,84,84,84,84,84,84,84,84,84,84,84,84,84,84,84,84,84,84,84,84,84,84,84,84,84,84,84,84],"card_choices":[{"not_picked":["EmptyBody","Fasting2"],"picked":"SignatureMove","floor":1},{"not_picked":["Evaluate","Halt"],"picked":"Perseverance","floor":5},{"not_picked":["Halt","Evaluate"],"picked":"EmptyFist","floor":6},{"not_picked":["ThirdEye","FearNoEvil"],"picked":"Conclude","floor":8},{"not_picked":["Halt","Crescendo"],"picked":"Wallop","floor":11},{"not_picked":["WreathOfFlame","Consecrate"],"picked":"Wireheading","floor":13},{"not_picked":["Brilliance","Scrawl"],"picked":"Wish","floor":16},{"not_picked":["Worship","InnerPeace"],"picked":"Crescendo","floor":18},{"not_picked":["FlyingSleeves+1","WheelKick","EmptyBody"],"picked":"SKIP","floor":22},{"not_picked":["Indignation","CutThroughFate"],"picked":"WaveOfTheHand","floor":23},{"not_picked":["ClearTheMind","FollowUp"],"picked":"SandsOfTime+1","floor":24},{"not_picked":["Scrawl","CrushJoints"],"picked":"Adaptation","floor":27},{"not_picked":["FlyingSleeves","BowlingBash"],"picked":"Protect","floor":29},{"not_picked":["Establishment+1","MasterReality+1"],"picked":"Alpha","floor":33},{"not_picked":["PathToVictory+1","Crescendo+1","Weave"],"picked":"SKIP","floor":35},{"not_picked":["BowlingBash","FollowUp","Worship"],"picked":"SKIP","floor":37}],"player_experience":5182007,"relics_obtained":[{"floor":6,"key":"GoldenEye"},{"floor":8,"key":"Akabeko"},{"floor":9,"key":"Pear"},{"floor":11,"key":"PreservedInsect"},{"floor":23,"key":"Shuriken"},{"floor":26,"key":"Mummified Hand"},{"floor":30,"key":"Frozen Egg 2"},{"floor":36,"key":"Turnip"}],"event_choices":[{"damage_healed":61,"gold_gain":0,"player_choice":"Upgrade","damage_taken":20,"max_hp_gain":0,"max_hp_loss":68,"event_name":"betterThird:BetterShining","floor":2,"gold_loss":0,"cards_upgraded":["Defend_P","Strike_P"]},{"damage_healed":0,"gold_gain":0,"player_choice":"RENOUNCE","damage_taken":112,"max_hp_gain":0,"max_hp_loss":0,"event_name":"betterThird:BetterSerpent","floor":3,"gold_loss":112,"cards_obtained":["Enlightenment"]},{"damage_healed":0,"gold_gain":0,"player_choice":"Trade","damage_taken":0,"relics_obtained":["CultistMask"],"max_hp_gain":0,"max_hp_loss":0,"event_name":"FaceTrader","floor":4,"gold_loss":0},{"cards_removed":["Defend_P"],"damage_healed":0,"gold_gain":0,"player_choice":"Card Removal","damage_taken":7,"max_hp_gain":0,"max_hp_loss":0,"event_name":"Golden Wing","floor":10,"gold_loss":0},{"damage_healed":0,"gold_gain":0,"player_choice":"Ignored","damage_taken":0,"max_hp_gain":0,"max_hp_loss":0,"event_name":"Vampires","floor":20,"gold_loss":0},{"damage_healed":0,"gold_gain":0,"player_choice":"Opened","damage_taken":0,"relics_obtained":["CloakClasp"],"max_hp_gain":0,"max_hp_loss":0,"event_name":"The Mausoleum","floor":21,"gold_loss":0,"cards_obtained":["Writhe"]},{"damage_healed":0,"gold_gain":0,"player_choice":"Fight","damage_taken":0,"max_hp_gain":0,"max_hp_loss":0,"event_name":"Mysterious Sphere","floor":36,"gold_loss":0}],"is_beta":false,"boss_relics":[{"not_picked":["Ectoplasm","Busted Crown"],"picked":"Philosopher\u0027s Stone"},{"not_picked":["Runic Pyramid","Cursed Key"],"picked":"HolyWater"}],"items_purged_floors":[14,31],"is_endless":false,"potions_floor_spawned":[1,6,13,18,23,24,36],"killed_by":"Sphere and 2 Shapes","ascension_level":20}}