{"host":"zjpedncu52gty2eg","time":1608098720,"event":{"mods":["AchievementEnabler","BaseMod","Colored Powertips","Minty Spire (QoL Compilation)","Quick Restart","StSLib"],"gold_per_floor":[360,377,377,390,390,390,407,407,407,407,421,432,121,141,141,240,240,254,154,154,171,189,189,200,200,200,115,115,115,135,146,146,250,250,264,282,84,44,44,44,61,61,61,85,102,102,121,136,136,136,136],"floor_reached":50,"playtime":2205,"items_purged":["Defend_R","Evolve"],"score":482,"play_id":"df05c27f-8ce3-4f1a-91c0-712cfb07cf14","local_time":"20201215230520","is_ascension_mode":true,"campfire_choices":[{"data":"Clothesline","floor":6,"key":"SMITH"},{"data":"Cleave","floor":8,"key":"SMITH"},{"data":"Bash","floor":10,"key":"SMITH"},{"data":"Berserk","floor":15,"key":"SMITH"},{"floor":23,"key":"REST"},{"floor":25,"key":"REST"},{"floor":29,"key":"REST"},{"data":"Seeing Red","floor":32,"key":"SMITH"},{"floor":40,"key":"REST"},{"floor":42,"key":"REST"},{"floor":46,"key":"DIG"},{"floor":49,"key":"REST"}],"circlet_count":0,"master_deck":["Strike_R","Strike_R","Strike_R","Strike_R+1","Bash+1","Cleave+1","Clothesline+1","Warcry","Demon Form","Swift Strike","Berserk+1","Reaper","Seeing Red+1","Flex+1","Cleave+1","Inflame","Immolate","Body Slam+1","Havoc+1","Bludgeon+1","Flex+1","Dramatic Entrance","Rage+1","Bloodletting","Demon Form"],"relics":["Burning Blood","Mercury Hourglass","Runic Pyramid","Self Forming Clay","Toy Ornithopter","Astrolabe","Shovel","Red Skull","InkBottle"],"acts_visited":["Exordium","TheCity","TheBeyond"],"potions_floor_usage":[14,16,16,33,45,50,50],"damage_taken":[{"damage":12,"enemies":"Small Slimes","floor":1,"turns":3},{"damage":1,"enemies":"Cultist","floor":2,"turns":3},{"damage":7,"enemies":"2 Louse","floor":4,"turns":3},{"damage":12,"enemies":"Gremlin Gang","floor":7,"turns":3},{"damage":13,"enemies":"Exordium Thugs","floor":11,"turns":3},{"damage":0,"enemies":"3 Louse","floor":12,"turns":1},{"damage":6,"enemies":"Exordium Wildlife","floor":14,"turns":3},{"damage":35,"enemies":"Hexaghost","floor":16,"turns":6},{"damage":45,"enemies":"3 Byrds","floor":18,"turns":5},{"damage":30,"enemies":"Spheric Guardian","floor":21,"turns":4},{"damage":30,"enemies":"Cultist and Chosen","floor":22,"turns":4},{"damage":24,"enemies":"Snake Plant","floor":24,"turns":4},{"damage":18,"enemies":"3 Cultists","floor":30,"turns":3},{"damage":39,"enemies":"Snecko","floor":31,"turns":6},{"damage":79,"enemies":"Collector","floor":33,"turns":8},{"damage":27,"enemies":"3 Darklings","floor":35,"turns":4},{"damage":28,"enemies":"3 Shapes","floor":36,"turns":2},{"damage":44,"enemies":"Maw","floor":41,"turns":6},{"damage":20,"enemies":"Spire Growth","floor":45,"turns":3},{"damage":19,"enemies":"Sphere and 2 Shapes","floor":47,"turns":3},{"damage":60,"enemies":"4 Shapes","floor":48,"turns":3},{"damage":70,"enemies":"Time Eater","floor":50,"turns":5}],"seed_played":"8981501966460311742","potions_obtained":[{"floor":1,"key":"Block Potion"},{"floor":7,"key":"LiquidBronze"},{"floor":12,"key":"BloodPotion"},{"floor":14,"key":"ElixirPotion"},{"floor":18,"key":"ElixirPotion"},{"floor":22,"key":"DuplicationPotion"},{"floor":31,"key":"BloodPotion"},{"floor":33,"key":"SpeedPotion"},{"floor":36,"key":"SkillPotion"},{"floor":47,"key":"SteroidPotion"}],"is_trial":false,"path_per_floor":["M","M","?","M","?","R","M","R","T","R","M","M","$","M","R","B",null,"M","$","?","M","M","R","M","R","T","?","$","R","M","M","R","B",null,"M","M","$","?","$","R","M","R","T","T","M","R","M","M","R","B"],"character_chosen":"IRONCLAD","items_purchased":["Demon Form","Swift Strike","Dramatic Entrance","Rage","Bloodletting"],"campfire_rested":6,"item_purchase_floors":[13,13,37,37,37],"current_hp_per_floor":[50,55,55,54,54,54,48,48,48,48,41,47,47,63,63,34,80,47,47,47,23,15,39,27,51,51,51,51,75,68,53,53,22,80,65,43,43,43,43,67,29,53,53,53,44,44,31,13,37,0,0],"gold":136,"neow_bonus":"TWO_FIFTY_GOLD","is_daily":false,"chose_seed":false,"campfire_upgraded":5,"win_rate":0.0,"timestamp":1608098720,"path_taken":["M","M","?","?","?","R","M","R","T","R","M","?","?","M","R","BOSS","M","$","?","M","M","R","M","R","T","?","?","R","M","M","R","BOSS","M","?","$","?","?","R","M","R","T","?","?","R","M","M","R","BOSS"],"items_purchased_type":["Card","Card","Card","Card","Card"],"build_version":"2020-12-13","purchased_purges":2,"victory":false,"max_hp_per_floor":[80,80,80,80,80,80,80,80,80,80,80,80,80,80,80,80,80,80,80,80,80,80,80,80,80,80,80,80,80,80,80,80,80,80,80,80,80,80,80,80,80,80,80,80,80,80,80,80,80,80,80],"card_choices":[{"not_picked":["Shrug It Off","True Grit"],"picked":"Cleave","floor":1},{"not_picked":["Havoc","Fire Breathing"],"picked":"Clothesline","floor":2},{"not_picked":["Dark Embrace","Armaments","Intimidate"],"picked":"SKIP","floor":4},{"not_picked":["Havoc","Armaments","Headbutt"],"picked":"SKIP","floor":7},{"not_picked":["Warcry","Cleave"],"picked":"Evolve","floor":11},{"not_picked":["Shrug It Off","Dark Embrace"],"picked":"Warcry","floor":12},{"not_picked":["Clothesline","Hemokinesis"],"picked":"Berserk","floor":14},{"not_picked":["Double Tap","Berserk"],"picked":"Reaper","floor":16},{"not_picked":["Entrench","Perfected Strike+1","Dual Wield"],"picked":"SKIP","floor":18},{"not_picked":["Body Slam","Sever Soul"],"picked":"Seeing Red","floor":21},{"not_picked":["Clash","Sword Boomerang","Dark Embrace"],"picked":"SKIP","floor":22},{"not_picked":["Burning Pact","Clothesline"],"picked":"Flex+1","floor":24},{"not_picked":["Searing Blow","Hemokinesis"],"picked":"Cleave+1","floor":30},{"not_picked":["Barricade","Shrug It Off"],"picked":"Inflame","floor":31},{"not_picked":["Berserk","Feed"],"picked":"Immolate","floor":33},{"not_picked":["Clothesline","Pommel Strike"],"picked":"Flex+1","floor":35},{"not_picked":["Searing Blow+1","Warcry","Entrench+1"],"picked":"SKIP","floor":36},{"not_picked":["Sword Boomerang+1","Carnage","Anger"],"picked":"SKIP","floor":41},{"not_picked":["Second Wind","Cleave+1"],"picked":"Demon Form","floor":45},{"not_picked":["Armaments","Evolve","Rampage"],"picked":"SKIP","floor":47},{"not_picked":["Shrug It Off+1","Perfected Strike","Fire Breathing"],"picked":"SKIP","floor":48}],"player_experience":155530,"relics_obtained":[{"floor":9,"key":"Mercury Hourglass"},{"floor":26,"key":"Self Forming Clay"},{"floor":43,"key":"Shovel"},{"floor":44,"key":"Red Skull"},{"floor":46,"key":"InkBottle"}],"event_choices":[{"cards_removed":["Defend_R"],"damage_healed":0,"gold_gain":0,"player_choice":"Purged","damage_taken":0,"max_hp_gain":0,"max_hp_loss":0,"event_name":"Purifier","floor":3,"gold_loss":0},{"damage_healed":0,"gold_gain":0,"cards_transformed":["Defend_R"],"player_choice":"Transformed","damage_taken":0,"max_hp_gain":0,"max_hp_loss":0,"event_name":"Transmorgrifier","floor":5,"gold_loss":0,"cards_obtained":["Fire Breathing"]},{"damage_healed":0,"gold_gain":0,"player_choice":"Ignored","damage_taken":0,"max_hp_gain":0,"max_hp_loss":0,"event_name":"Ghosts","floor":20,"gold_loss":0},{"damage_healed":0,"gold_gain":0,"player_choice":"Obtained Relic","damage_taken":0,"relics_obtained":["Toy Ornithopter"],"max_hp_gain":0,"max_hp_loss":0,"event_name":"Addict","floor":27,"gold_loss":85},{"damage_healed":0,"gold_gain":0,"player_choice":"Upgraded Two","damage_taken":0,"max_hp_gain":0,"max_hp_loss":0,"event_name":"Designer","floor":38,"gold_loss":40,"cards_upgraded":["Strike_R","Rage"]}],"is_beta":false,"boss_relics":[{"not_picked":["Empty Cage","Black Star"],"picked":"Runic Pyramid"},{"not_picked":["Pandora\u0027s Box","Tiny House"],"picked":"Astrolabe"}],"items_purged_floors":[13,19],"is_endless":false,"potions_floor_spawned":[1,7,12,14,18,22,31,33,36,47],"killed_by":"Time Eater","ascension_level":2}}