{"host":"4fh9yvpwiit32sut","time":1608155464,"event":{"mods":["BaseMod","Better Note","Better Sensory Stone","Better Vampires","Block Reminder","Colored Map","Colored Powertips","Highlight Path","Minty Spire (QoL Compilation)","Quick Restart","Relic Sorter","StSLib"],"gold_per_floor":[11,30,30,44,56,56,67,67,119,119,138,164,181,29,29,124,124,138,63,47,47,57,57,76,76,76],"floor_reached":25,"playtime":2072,"items_purged":["Strike_G"],"score":336,"play_id":"2aaf14ed-5a89-41b1-a278-a6c1834be628","local_time":"20201216165104","is_ascension_mode":true,"campfire_choices":[{"data":"Neutralize","floor":6.0,"key":"SMITH"},{"data":"Poisoned Stab","floor":8.0,"key":"SMITH"},{"data":"Leg Sweep","floor":10.0,"key":"SMITH"},{"floor":15,"key":"REST"},{"data":"Footwork","floor":23,"key":"SMITH"}],"circlet_count":0,"master_deck":["AscendersBane","Defend_G","Defend_G","Defend_G","Defend_G","Defend_G","Survivor","Neutralize+1","Sadistic Nature+1","Poisoned Stab+1","Leg Sweep+1","Backflip","Slice","Deflect","Escape Plan","Crippling Poison","Footwork+1","Die Die Die","CurseOfTheBell","Backstab","Bite","Bite","Bite","Bite"],"relics":["Ring of the Snake","Art of War","InkBottle","Calling Bell","Ancient Tea Set","Gremlin Horn","FossilizedHelix"],"acts_visited":["Exordium","TheCity"],"potions_floor_usage":[12,16,16],"damage_taken":[{"damage":0.0,"enemies":"Small Slimes","floor":1.0,"turns":4.0},{"damage":6.0,"enemies":"Cultist","floor":2.0,"turns":3.0},{"damage":2.0,"enemies":"Jaw Worm","floor":4.0,"turns":4.0},{"damage":5.0,"enemies":"2 Fungi Beasts","floor":5.0,"turns":5.0},{"damage":7.0,"enemies":"Gremlin Gang","floor":7.0,"turns":6.0},{"damage":9.0,"enemies":"3 Louse","floor":11.0,"turns":4.0},{"damage":20,"enemies":"Gremlin Nob","floor":12,"turns":4},{"damage":0,"enemies":"Large Slime","floor":13,"turns":5},{"damage":21,"enemies":"The Guardian","floor":16,"turns":16},{"damage":5,"enemies":"Shell Parasite","floor":18,"turns":6},{"damage":18,"enemies":"2 Thieves","floor":20,"turns":5},{"damage":14,"enemies":"Snecko","floor":22,"turns":6},{"damage":8,"enemies":"Snake Plant","floor":24,"turns":5},{"damage":31,"enemies":"Slavers","floor":25,"turns":4}],"seed_played":"-1377165394235931335","potions_obtained":[{"floor":4.0,"key":"Dexterity Potion"},{"floor":5.0,"key":"CunningPotion"},{"floor":11.0,"key":"Swift Potion"},{"floor":13,"key":"Regen Potion"},{"floor":22,"key":"CultistPotion"}],"is_trial":false,"path_per_floor":["M","M","?","M","M","R","M","R","T","R","M","E","M","$","R","B",null,"M","$","M","?","M","R","M","E"],"character_chosen":"THE_SILENT","items_purchased":["Crippling Poison","Footwork"],"campfire_rested":1,"item_purchase_floors":[14,14],"current_hp_per_floor":[63,57,57,55,50,50,43,43,43,43,34,14,14,14,35,29,60,55,55,37,37,31,31,27,0,0],"gold":76,"neow_bonus":"RANDOM_COLORLESS_2","is_daily":false,"chose_seed":false,"campfire_upgraded":4,"win_rate":0.0,"timestamp":1608155464,"path_taken":["M","M","?","?","M","R","M","R","T","R","M","E","M","$","R","BOSS","M","$","M","?","M","R","M","E"],"items_purchased_type":["Card","Card"],"build_version":"2020-12-13","purchased_purges":1,"victory":false,"max_hp_per_floor":[70,70,70,70,70,70,70,70,70,70,70,70,70,70,70,70,70,70,70,70,53,53,53,53,53,53],"card_choices":[{"not_picked":["Thinking Ahead","Magnetism"],"picked":"Sadistic Nature","floor":0.0},{"not_picked":["Bane","Dagger Throw"],"picked":"Poisoned Stab","floor":1.0},{"not_picked":["Dash","Choke"],"picked":"Leg Sweep","floor":2.0},{"not_picked":["Underhanded Strike","Endless Agony","Quick Slash"],"picked":"SKIP","floor":4.0},{"not_picked":["Underhanded Strike","Endless Agony"],"picked":"Backflip","floor":5.0},{"not_picked":["Deadly Poison","Dash"],"picked":"Slice","floor":7.0},{"not_picked":["Backflip","Blade Dance"],"picked":"Deflect","floor":11.0},{"not_picked":["Acrobatics","Quick Slash","All Out Attack"],"picked":"SKIP","floor":12},{"not_picked":["Slice","Bane"],"picked":"Escape Plan","floor":13},{"not_picked":["Malaise","Adrenaline"],"picked":"Die Die Die","floor":16},{"not_picked":["Blade Dance","Cloak And Dagger","Sucker Punch+1"],"picked":"SKIP","floor":18},{"not_picked":["Reflex","Blade Dance+1"],"picked":"Backstab","floor":20},{"not_picked":["Cloak And Dagger","Outmaneuver+1","Catalyst+1"],"picked":"SKIP","floor":22},{"not_picked":["Dagger Spray+1","Dash","Sucker Punch"],"picked":"SKIP","floor":24}],"player_experience":1156901,"relics_obtained":[{"floor":9.0,"key":"Art of War"},{"floor":12,"key":"InkBottle"},{"floor":17,"key":"Ancient Tea Set"},{"floor":17,"key":"Gremlin Horn"},{"floor":17,"key":"FossilizedHelix"}],"event_choices":[{"damage_healed":0.0,"max_hp_gain":0.0,"max_hp_loss":0.0,"gold_gain":0.0,"event_name":"Upgrade Shrine","player_choice":"Upgraded","floor":3.0,"gold_loss":0.0,"damage_taken":0.0,"cards_upgraded":["Sadistic Nature"]},{"damage_healed":0,"gold_gain":0,"player_choice":"Became a vampire","damage_taken":0,"max_hp_gain":0,"max_hp_loss":17,"event_name":"Vampires","floor":21,"gold_loss":0,"cards_obtained":["Bite","Bite","Bite","Bite"]}],"is_beta":false,"boss_relics":[{"not_picked":["Tiny House","Fusion Hammer"],"picked":"Calling Bell"}],"items_purged_floors":[19],"is_endless":false,"potions_floor_spawned":[4,5,11,13,22],"killed_by":"Slavers","ascension_level":10}}