{"host":"kh6fvhxn285ncg0o","time":1608088947,"event":{"mods":["Act Like it!","BaseMod","Colored Map","Friendly Minions","Keyboard Shortcuts","Minty Spire (QoL Compilation)","Quick Restart","Relic Stats","StSLib","SuperFastMode"],"gold_per_floor":[110,163,163,177,190,215,215,215,215,229,229,229,265,279,279,279,279],"floor_reached":16,"playtime":226,"items_purged":[],"score":220,"play_id":"86a0ab8a-7b2b-4255-803b-81348dd1a561","local_time":"20201216122227","is_ascension_mode":true,"campfire_choices":[{"data":"Bash","floor":8.0,"key":"SMITH"},{"floor":11.0,"key":"REST"},{"floor":15,"key":"REST"}],"circlet_count":0,"master_deck":["AscendersBane","Strike_R","Strike_R","Strike_R","Strike_R","Strike_R","Defend_R","Defend_R","Defend_R","Defend_R","Bash+1","Battle Trance","Shrug It Off","Demon Form"],"relics":["Burning Blood","NeowsBlessing","Anchor","Tiny Chest","Lantern","Golden Idol","Mummified Hand","Self Forming Clay"],"acts_visited":["Exordium"],"potions_floor_usage":[],"damage_taken":[{"damage":0.0,"enemies":"Cultist","floor":1.0,"turns":1.0},{"damage":0.0,"enemies":"Small Slimes","floor":4.0,"turns":1.0},{"damage":0.0,"enemies":"Jaw Worm","floor":5.0,"turns":1.0},{"damage":67.0,"enemies":"3 Sentries","floor":6.0,"turns":16.0},{"damage":2.0,"enemies":"Looter","floor":10.0,"turns":3.0},{"damage":52.0,"enemies":"Lagavulin","floor":13.0,"turns":7.0},{"damage":11,"enemies":"Exordium Wildlife","floor":14,"turns":4},{"damage":36,"enemies":"The Guardian","floor":16,"turns":2}],"seed_played":"-7583190244292009079","potions_obtained":[{"floor":1.0,"key":"Block Potion"},{"floor":4.0,"key":"Regen Potion"},{"floor":5.0,"key":"ElixirPotion"}],"is_trial":false,"path_per_floor":["M","T","?","M","M","E","?","R","T","M","R","?","E","M","R","B"],"character_chosen":"IRONCLAD","items_purchased":[],"campfire_rested":2,"item_purchase_floors":[],"current_hp_per_floor":[74,74,74,75,75,29,29,29,29,33,53,58,12,7,28,0,0],"gold":279,"neow_bonus":"THREE_ENEMY_KILL","is_daily":false,"chose_seed":false,"campfire_upgraded":1,"win_rate":0.0,"timestamp":1608088947,"path_taken":["M","?","?","M","?","E","?","R","T","M","R","?","E","M","R","BOSS"],"items_purchased_type":[],"build_version":"2020-12-13","purchased_purges":0,"victory":false,"max_hp_per_floor":[75,75,75,75,75,75,68,68,68,68,68,73,73,73,73,73,73],"relic_stats":{"counters":[8,35],"Golden Idol":13,"Mummified Hand":[2],"Self Forming Clay":[3],"Tiny Chest":0,"obtain_stats":[{"Anchor":2,"Lantern":6,"NeowsBlessing":0,"Golden Idol":7,"Mummified Hand":9,"Self Forming Clay":13,"Tiny Chest":3,"Burning Blood":0},{"Anchor":1,"Lantern":4,"NeowsBlessing":0,"Golden Idol":4,"Mummified Hand":4,"Self Forming Clay":6,"Tiny Chest":1,"Burning Blood":0},{"Anchor":1,"Lantern":19,"NeowsBlessing":0,"Golden Idol":19,"Mummified Hand":19,"Self Forming Clay":29,"Tiny Chest":1,"Burning Blood":0}],"Burning Blood":31},"card_choices":[{"not_picked":["Shockwave","Warcry"],"picked":"Battle Trance","floor":4.0},{"not_picked":["Pommel Strike","Intimidate"],"picked":"Shrug It Off","floor":5.0},{"not_picked":["Clash","Anger"],"picked":"Demon Form","floor":13.0},{"not_picked":["Flex","Wild Strike","Clash"],"picked":"SKIP","floor":14}],"player_experience":3190704,"relics_obtained":[{"floor":2.0,"key":"Anchor"},{"floor":6.0,"key":"Lantern"},{"floor":9.0,"key":"Mummified Hand"},{"floor":13.0,"key":"Self Forming Clay"}],"event_choices":[{"damage_healed":0.0,"max_hp_gain":0.0,"max_hp_loss":0.0,"gold_gain":0.0,"event_name":"WeMeetAgain","player_choice":"Gave Potion","floor":3.0,"gold_loss":0.0,"damage_taken":0.0,"relics_obtained":["Tiny Chest"]},{"damage_healed":0.0,"max_hp_gain":0.0,"max_hp_loss":7.0,"gold_gain":0.0,"event_name":"Golden Idol","player_choice":"Lose Max HP","floor":7.0,"gold_loss":0.0,"damage_taken":0.0,"relics_obtained":["Golden Idol"]},{"damage_healed":0.0,"max_hp_gain":5.0,"max_hp_loss":0.0,"gold_gain":0.0,"event_name":"Big Fish","player_choice":"Donut","floor":12.0,"gold_loss":0.0,"damage_taken":0.0}],"is_beta":false,"boss_relics":[],"items_purged_floors":[],"is_endless":false,"potions_floor_spawned":[1,4,5],"killed_by":"The Guardian","ascension_level":20}}