{"host":"owp3md0algd3028i","time":1608154840,"event":{"mods":["AchievementEnabler","Aspiration","BaseMod","BetterRewards","Colored Map","Colored Powertips","Conspire","Custom Start","DeckTracker","Defuse TimeMaze Blight","Downfall","Energized Spire","GifTheSpireLib","Halation","Hermit","Highlight Path","Hubris","Infinite Spire","Marisa????????","Minty Spire (QoL Compilation)","Permanent Neow","Quick Restart","Railgun Mod","Replay The Spire","Reworked Bosses","Shop Mod","Spicy Shops","StSLib","Stuff the Spire","SuperFastMode","vexMod"],"gold_per_floor":[211,211,211,225,225,225,244,25,25,58,74,2,2,2,2,100,100,132,132,132,132,95,95,95,95],"floor_reached":24,"playtime":935,"items_purged":["StuffTheSpire:CuriosityCurse"],"score":215,"play_id":"a5efc9a5-a96d-4180-b6fc-9f1d1ca0220d","local_time":"20201216154040","is_ascension_mode":false,"campfire_choices":[{"data":"hermit:Snapshot","floor":6,"key":"SMITH"},{"data":"hermit:BlackWind","floor":13,"key":"SMITH"},{"floor":15,"key":"REST"},{"data":"hermit:BodyArmor","floor":23,"key":"SMITH"}],"circlet_count":0,"master_deck":["hermit:Snapshot+1","hermit:Covet","hermit:CursedWeapon","Replay:Fractal Strike","hermit:EyeOfTheStorm","hermit:Quickdraw","hermit:TrackingShot","hermit:PistolWhip","hermit:BlackWind+1","hermit:DeadOrAlive+1","hermit:FatalDesire","hermit:LoneWolf","hermit:Quickdraw+1","hermit:PistolWhip+1","hermit:LoneWolf","hermit:Snipe","hermit:TakeAim","hermit:GhostlyPresence","hermit:BodyArmor+1","hermit:BodyArmor"],"relics":["hermit:Momento","halation:AfternoonTea","hubris:OldNail","Anchor","aspiration:StickyExplosives_weak","conspire:GiftBox","Molten Egg 2","Pandora\u0027s Box"],"acts_visited":["Exordium","TheCity"],"potions_floor_usage":[7,10],"damage_taken":[{"damage":0.0,"enemies":"Small Slimes","floor":1.0,"turns":2.0},{"damage":3.0,"enemies":"2 Louse","floor":4.0,"turns":2.0},{"damage":2,"enemies":"Cultist","floor":7,"turns":3},{"damage":2,"enemies":"Gremlin Nob","floor":10,"turns":3},{"damage":2,"enemies":"Looter","floor":11,"turns":2},{"damage":43,"enemies":"Slime Boss","floor":16,"turns":10},{"damage":27,"enemies":"Shell Parasite","floor":18,"turns":5},{"damage":51,"enemies":"Slavers","floor":24,"turns":5}],"seed_played":"-898378849570987498","potions_obtained":[{"floor":1.0,"key":"SkillPotion"},{"floor":7,"key":"DistilledChaos"},{"floor":10,"key":"BlessingOfTheForge"}],"is_trial":false,"path_per_floor":["M","?","?","M","?","R","M","$","T","E","M","$","R","?","R","B",null,"M","?","$","?","$","R","E"],"character_chosen":"HERMIT","items_purchased":["hubris:OldNail","conspire:GiftBox","hermit:BodyArmor"],"campfire_rested":1,"item_purchase_floors":[8,12,22],"current_hp_per_floor":[75,57,57,54,54,54,52,52,52,50,48,48,48,48,70,35,75,48,48,48,48,48,48,0,0],"gold":95,"neow_bonus":"HUNDRED_GOLD","is_daily":false,"chose_seed":false,"campfire_upgraded":3,"win_rate":0.0,"timestamp":1608154840,"path_taken":["M","?","?","?","?","R","M","$","T","E","M","$","R","?","R","BOSS","M","?","$","?","$","R","E"],"items_purchased_type":["Relic","Relic","Card"],"build_version":"2020-12-13","purchased_purges":1,"victory":false,"max_hp_per_floor":[75,75,75,75,75,75,75,75,75,75,75,75,75,75,75,75,75,75,75,75,75,75,75,75,75],"card_choices":[{"not_picked":["hermit:Glare","hermit:PistolWhip"],"picked":"hermit:CursedWeapon","floor":1.0},{"not_picked":["ReplayTheSpireMod:Book of Names","infinitespire:Menacing"],"picked":"Replay:Fractal Strike","floor":2.0},{"not_picked":["hermit:Malice","hermit:WideOpen"],"picked":"hermit:EyeOfTheStorm","floor":4.0},{"not_picked":["hermit:TakeCover","hermit:Spite"],"picked":"hermit:Quickdraw","floor":7},{"not_picked":["hermit:Coalescence","hermit:Vantage"],"picked":"hermit:TrackingShot","floor":10},{"not_picked":["hermit:TrackingShot","hermit:Misfire"],"picked":"hermit:PistolWhip","floor":11},{"not_picked":["hermit:Purgatory","hermit:FinalCanter"],"picked":"hermit:BlackWind","floor":12},{"not_picked":["hermit:Dissolve","hermit:Magnum+1"],"picked":"hermit:DeadOrAlive+1","floor":16},{"not_picked":["hermit:HoleUp","hermit:EyeOfTheStorm"],"picked":"hermit:GhostlyPresence","floor":18}],"player_experience":44347,"relics_obtained":[{"floor":9,"key":"Anchor"},{"floor":10,"key":"aspiration:StickyExplosives_weak"}],"event_choices":[{"cards_removed":["hermit:Strike_Hermit"],"damage_healed":0.0,"max_hp_gain":0.0,"max_hp_loss":0.0,"gold_gain":0.0,"event_name":"Wheel of Change","player_choice":"Card Removal","floor":3.0,"gold_loss":0.0,"damage_taken":0.0},{"cards_removed":["Injury"],"damage_healed":0,"gold_gain":0,"player_choice":"Elegance","damage_taken":0,"max_hp_gain":0,"max_hp_loss":0,"event_name":"Back to Basics","floor":19,"gold_loss":0}],"is_beta":false,"boss_relics":[{"not_picked":["halation:ForbiddenBikini","ChewingGum"],"picked":"Pandora\u0027s Box"}],"items_purged_floors":[8],"is_endless":false,"potions_floor_spawned":[1,7,10],"killed_by":"Slavers","ascension_level":0}}