{"host":"cccop0r9ue4xv1s4","time":1608156560,"event":{"mods":["AchievementEnabler","BaseMod","Downfall","HololiveMod","Minty Spire (QoL Compilation)","Quick Restart","Shop Mod","StSLib","SuperFastMode","The Servant 0.9.4"],"gold_per_floor":[66,66,128,128,128,128,128,154,79,110,126,138,149,164,181,285,285,285,314,314,326,59,59,59,74,74,104,104,124,144,95,105,200,200,50,60,86,100,119,119,119,19,46,46,46,63,63,113,127,127,127,161,45,45,45],"floor_reached":56,"playtime":3803,"items_purged":["Hololive_Strike","Hololive_Strike"],"score":1555,"play_id":"2293385f-fc1e-472c-8f8f-b4aee277296c","local_time":"20201217060920","is_ascension_mode":false,"campfire_choices":[{"data":"Hololive_Trident","floor":1.0,"key":"SMITH"},{"floor":5.0,"key":"RECALL"},{"data":"Hololive_Breathe","floor":9.0,"key":"SMITH"},{"data":"Hololive_Breathe","floor":18.0,"key":"SMITH"},{"data":"Hololive_BeCareful","floor":26.0,"key":"SMITH"},{"data":"Hololive_FlyingPonyTail","floor":35.0,"key":"SMITH"},{"data":"Hololive_Rebound","floor":40.0,"key":"SMITH"},{"data":"Hololive_StrengthChampion+1","floor":44.0,"key":"SMITH"},{"data":"Hololive_StrengthChampion","floor":54.0,"key":"SMITH"}],"circlet_count":0,"master_deck":["Hololive_Strike","Hololive_Defend","Hololive_Defend","Hololive_Defend","Hololive_Defend","Hololive_LuckPotion","Hololive_Trident+1","Hololive_Rebound+1","Hololive_LuckPotion","Hololive_Breathe+1","Hololive_BeCareful+1","Hololive_StrengthChampion+1","Hololive_Breathe+1","Hololive_FlyingPonyTail+1","Hololive_MaximGun","Hololive_Trident+1","Hololive_Breathe+1","Hololive_StrengthChampion","Hololive_Rebound+1","Hololive_FlyingPonyTail+1","Hololive_Thief+1","Hololive_Breathe+1","Hololive_FlyingPonyTail+1","Hololive_Breathe+1","Hololive_Breathe+1","Hololive_StrengthChampion+2","Hololive_ILoveYou+1"],"relics":["Hololive_TheStar","Hololive_Peko","downfall:HeartsMalice","Pen Nib","MealTicket","downfall:HeartBlessingRed","Omamori","Calling Bell","Art of War","Toxic Egg 2","Gambling Chip","Mercury Hourglass","Sundial","Shuriken","Matryoshka","Nilry\u0027s Codex","Philosopher\u0027s Stone","downfall:HeartBlessingGreen","downfall:HeartBlessingBlue","Happy Flower","Oddly Smooth Stone","Meat on the Bone","White Beast Statue","Centennial Puzzle","Molten Egg 2","Mango","StrikeDummy"],"acts_visited":["Exordium","TheCity","TheBeyond","TheEnding"],"potions_floor_usage":[55],"damage_taken":[{"damage":0.0,"enemies":"Cultist","floor":2.0,"turns":1.0},{"damage":0.0,"enemies":"Gremlin Nob","floor":3.0,"turns":1.0},{"damage":0.0,"enemies":"Small Slimes","floor":6.0,"turns":1.0},{"damage":0.0,"enemies":"3 Sentries","floor":8.0,"turns":5.0},{"damage":0.0,"enemies":"Lagavulin","floor":10.0,"turns":4.0},{"damage":0.0,"enemies":"2 Louse","floor":11.0,"turns":2.0},{"damage":0.0,"enemies":"Blue Slaver","floor":12.0,"turns":2.0},{"damage":0.0,"enemies":"2 Fungi Beasts","floor":13.0,"turns":2.0},{"damage":0.0,"enemies":"3 Louse","floor":14.0,"turns":2.0},{"damage":0.0,"enemies":"Blue Slaver","floor":15.0,"turns":2.0},{"damage":4.0,"enemies":"downfall:Ironclad","floor":16.0,"turns":3.0},{"damage":0.0,"enemies":"Gremlin Leader","floor":19.0,"turns":5.0},{"damage":0.0,"enemies":"Shell Parasite","floor":21.0,"turns":2.0},{"damage":0.0,"enemies":"downfall:FleeingMerchant","floor":22.0,"turns":4.0},{"damage":0.0,"enemies":"Chosen","floor":25.0,"turns":2.0},{"damage":22.0,"enemies":"Slavers","floor":27.0,"turns":3.0},{"damage":0.0,"enemies":"3 Cultists","floor":29.0,"turns":3.0},{"damage":0.0,"enemies":"Shelled Parasite and Fungi","floor":30.0,"turns":3.0},{"damage":0.0,"enemies":"Snake Plant","floor":32.0,"turns":3.0},{"damage":0.0,"enemies":"downfall:Watcher","floor":33.0,"turns":4.0},{"damage":0.0,"enemies":"3 Darklings","floor":36.0,"turns":3.0},{"damage":5.0,"enemies":"Giant Head","floor":37.0,"turns":6.0},{"damage":0.0,"enemies":"3 Shapes","floor":38.0,"turns":2.0},{"damage":0.0,"enemies":"Writhing Mass","floor":39.0,"turns":3.0},{"damage":0.0,"enemies":"Nemesis","floor":43.0,"turns":4.0},{"damage":34.0,"enemies":"Spire Growth","floor":46.0,"turns":3.0},{"damage":0.0,"enemies":"2 Orb Walkers","floor":48.0,"turns":3.0},{"damage":0.0,"enemies":"Maw","floor":49.0,"turns":4.0},{"damage":23.0,"enemies":"downfall:Silent","floor":50.0,"turns":4.0},{"damage":0.0,"enemies":"downfall:CharBossMerchant","floor":52.0,"turns":4.0},{"damage":16,"enemies":"downfall:NeowBoss","floor":55,"turns":29}],"seed_played":"4501154389938248523","potions_obtained":[{"floor":4.0,"key":"BlessingOfTheForge"},{"floor":4.0,"key":"Strength Potion"},{"floor":4.0,"key":"AttackPotion"},{"floor":8.0,"key":"SkillPotion"},{"floor":10.0,"key":"Energy Potion"},{"floor":11.0,"key":"Explosive Potion"},{"floor":13.0,"key":"SkillPotion"},{"floor":21.0,"key":"EssenceOfSteel"},{"floor":25.0,"key":"Explosive Potion"},{"floor":32.0,"key":"FearPotion"},{"floor":38.0,"key":"Swift Potion"},{"floor":39.0,"key":"Swift Potion"},{"floor":46.0,"key":"Strength Potion"},{"floor":48.0,"key":"Strength Potion"},{"floor":52.0,"key":"ColorlessPotion"}],"is_trial":false,"path_per_floor":["R","M","?","?","R","M","T","E","R","E","M","M","M","M","M","B",null,"R","E","?","M","$","?","T","M","R","E","?","M","M","$","M","B",null,"R","M","E","M","M","R","T","$","E","R","?","M","?","?","M","B",null,"E","$","R","B",null],"character_chosen":"Hololive_HololiveCharacter","items_purchased":["Sundial","Shuriken","Hololive_FlyingPonyTail+1","Hololive_ILoveYou+1","Energy Potion"],"campfire_rested":0,"item_purchase_floors":[22,22,31,53,53],"current_hp_per_floor":[35,35,45,45,45,45,45,45,45,45,45,45,45,45,45,41,45,45,45,45,45,45,45,45,45,45,23,7,7,7,22,22,22,45,55,55,50,50,50,50,50,55,55,55,55,33,33,47,47,36,69,69,69,69,53],"gold":45,"neow_bonus":"THREE_ENEMY_KILL","is_daily":false,"chose_seed":false,"campfire_upgraded":8,"win_rate":0.0,"timestamp":1608156560,"path_taken":["R","?","?","?","R","?","T","E","R","E","M","M","M","M","M","BOSS","R","E","?","M","$","?","T","M","R","E","?","M","M","?","M","BOSS","R","M","E","M","M","R","T","$","E","R","?","M","?","?","M","BOSS","E","$","R","BOSS"],"items_purchased_type":["Relic","Relic","Card","Card","Potion"],"build_version":"2020-12-13","purchased_purges":2,"victory":true,"max_hp_per_floor":[35,35,45,45,45,45,45,45,45,45,45,45,45,45,45,45,45,45,45,45,45,45,45,45,45,45,45,45,45,45,45,45,45,45,55,55,55,55,55,55,55,55,55,55,55,55,55,69,69,69,69,69,69,69,69],"card_choices":[{"not_picked":["Hololive_Sequa","Hololive_Watashimo","Hololive_Psychosis","Hololive_CallTokinoSora"],"picked":"SKIP","floor":2.0},{"not_picked":["Hololive_Psychosis","Hololive_CallKiryuuCoco","Hololive_Trident"],"picked":"Hololive_Rebound","floor":3.0},{"not_picked":["Hololive_HuntDinosaur","Hololive_CallTsunomakiWatame","Hololive_Sequa"],"picked":"Hololive_LuckPotion","floor":6.0},{"not_picked":["Hololive_CallMomosuzuNene","Hololive_Psychosis","Hololive_OvertimeWork"],"picked":"Hololive_Breathe","floor":8.0},{"not_picked":["Hololive_LuckPotion","Hololive_CallYuzukiChoco","Hololive_Watashimo"],"picked":"Hololive_BeCareful","floor":10.0},{"not_picked":["Hololive_Drill","Hololive_Spy","Hololive_LuckPotion"],"picked":"Hololive_StrengthChampion","floor":11.0},{"not_picked":["Hololive_CallRoboco","Hololive_ManjiGathering","Hololive_CallAiraniIofifteen"],"picked":"Hololive_Breathe","floor":12.0},{"not_picked":["Hololive_CallYogiri","Hololive_Sequa","Hololive_Psychosis"],"picked":"Hololive_FlyingPonyTail","floor":13.0},{"not_picked":["Hololive_CocoNews","Hololive_Sequa","Hololive_SummonFox","Hololive_DurableLive"],"picked":"SKIP","floor":14.0},{"not_picked":["Hololive_BringToTrial","Hololive_CocoNews","Hololive_Rebound","Hololive_RevenueBasedLive"],"picked":"SKIP","floor":15.0},{"not_picked":["Hololive_Recruit","Hololive_FlareMind","Hololive_Rebirth"],"picked":"Hololive_MaximGun","floor":16.0},{"not_picked":["Hololive_CallShirakamiFubuki","Hololive_CallAmaneKanata","Hololive_HuntDinosaur+1","Hololive_SummonFox+1"],"picked":"SKIP","floor":19.0},{"not_picked":["Hololive_Teleport+1","Hololive_CallTokinoSora","Hololive_CallShishiroBotan"],"picked":"Hololive_Trident+1","floor":21.0},{"not_picked":["Hololive_Trident+1","Hololive_Sequa","Hololive_CocoNews","Hololive_DevilCharm+1"],"picked":"SKIP","floor":22.0},{"not_picked":["Hololive_Rebound+1","Hololive_CallYuzukiChoco","Hololive_CallSakuraMiko"],"picked":"Hololive_Breathe+1","floor":25.0},{"not_picked":["Hololive_CallMoonaHoshinova+1","Hololive_CandyCastle+1","Hololive_CallSpadeEcho"],"picked":"Hololive_StrengthChampion","floor":27.0},{"not_picked":["Hololive_CallDoris","Hololive_OvertimeWork","Hololive_CallTokoyamiTowa"],"picked":"Hololive_Rebound+1","floor":29.0},{"not_picked":["Hololive_Drill","Hololive_OpenUp","Hololive_Psychosis","Hololive_LuckPotion+1"],"picked":"SKIP","floor":30.0},{"not_picked":["Hololive_RevenueBasedLive+1","Hololive_CallAkaiHaato+1","Hololive_Drill","Hololive_CallKiryuuCoco+1"],"picked":"SKIP","floor":32.0},{"not_picked":["Hololive_Recruit+1","Hololive_MaximGun","Hololive_DiamondStrike"],"picked":"Hololive_Thief+1","floor":33.0},{"not_picked":["Hololive_CallUruhaRushia+1","Hololive_CallOkamiMio+1","Hololive_Drill+1"],"picked":"Hololive_Breathe+1","floor":36.0},{"not_picked":["Hololive_CallYukihanaLamy+1","Hololive_RevenueBasedLive+1","Hololive_CallYozoraMel+1"],"picked":"Hololive_FlyingPonyTail+1","floor":37.0},{"not_picked":["Hololive_CallCivia+1","Hololive_LuckPotion+1","Hololive_Rebound+1"],"picked":"Hololive_Breathe+1","floor":38.0},{"not_picked":["Hololive_CallSpadeEcho+1","Hololive_CocoNews+1","Hololive_Trident"],"picked":"Hololive_Breathe+1","floor":39.0},{"not_picked":["Hololive_CallRosalyn","Hololive_CallHimemoriLuna","Hololive_Trident"],"picked":"Hololive_StrengthChampion+1","floor":43.0},{"not_picked":["Hololive_Recruit+1","Hololive_OvertimeWork+1","Hololive_Rebound+1","Hololive_Sequa+1"],"picked":"SKIP","floor":46.0},{"not_picked":["Hololive_LuckPotion+1","Hololive_CallShirakamiFubuki+1","Hololive_CallOkamiMio+1","Hololive_CallYuzukiChoco"],"picked":"SKIP","floor":49.0},{"not_picked":["Hololive_IdolExercise+1","Hololive_RevenueBasedLive+1","Hololive_FlareMind+1","Hololive_CallArtia"],"picked":"SKIP","floor":52.0}],"player_experience":281391,"relics_obtained":[{"floor":3.0,"key":"Pear"},{"floor":7.0,"key":"Pen Nib"},{"floor":8.0,"key":"MealTicket"},{"floor":10.0,"key":"Omamori"},{"floor":17.0,"key":"Art of War"},{"floor":17.0,"key":"Toxic Egg 2"},{"floor":17.0,"key":"Gambling Chip"},{"floor":19.0,"key":"Mercury Hourglass"},{"floor":27.0,"key":"Matryoshka"},{"floor":28.0,"key":"Nilry\u0027s Codex"},{"floor":37.0,"key":"Happy Flower"},{"floor":41.0,"key":"Oddly Smooth Stone"},{"floor":41.0,"key":"Meat on the Bone"},{"floor":43.0,"key":"White Beast Statue"},{"floor":45.0,"key":"Centennial Puzzle"},{"floor":45.0,"key":"Molten Egg 2"},{"floor":48.0,"key":"Mango"},{"floor":52.0,"key":"StrikeDummy"}],"event_choices":[{"damage_healed":0.0,"max_hp_gain":0.0,"max_hp_loss":0.0,"gold_gain":0.0,"event_name":"Vampires","player_choice":"Ignored","floor":23.0,"gold_loss":0.0,"damage_taken":0.0},{"cards_removed":["Hololive_Strike"],"damage_healed":0.0,"max_hp_gain":0.0,"max_hp_loss":0.0,"gold_gain":0.0,"event_name":"Falling","player_choice":"Removed Attack","floor":47.0,"gold_loss":0.0,"damage_taken":0.0},{"damage_healed":0.0,"max_hp_gain":0.0,"max_hp_loss":0.0,"gold_gain":0.0,"event_name":"Mysterious Sphere","player_choice":"Fight","floor":48.0,"gold_loss":0.0,"damage_taken":0.0}],"is_beta":false,"boss_relics":[{"not_picked":["Sozu","SlaversCollar"],"picked":"Calling Bell"},{"not_picked":["Runic Pyramid","Tiny House"],"picked":"Philosopher\u0027s Stone"}],"items_purged_floors":[22,42],"is_endless":false,"potions_floor_spawned":[8,10,11,13,21,25,27,32,38,39,46,48,49,52],"ascension_level":0}}