{"host":"y89x8uui45kcjy42","time":1608121995,"event":{"mods":["2.2 Compatiblity","BaseMod","CapriCore","Colored Map","Colored Powertips","Custom Start","Friendly Minions","Highlight Path","Keyboard Shortcuts","Minty Spire (QoL Compilation)","Relic Stats","Slay the Relics Exporter","StSLib","SuperFastMode","The Gatherer","Waifu the Spire"],"gold_per_floor":[12,26,43,55,73,73,107,107,107,138,47,48,48,48,48,48,48,48],"floor_reached":16,"playtime":577,"items_purged":["Normality"],"score":116,"play_id":"d2fb9d32-9cd2-4041-8f2a-37bcbc697295","local_time":"20201216213315","is_ascension_mode":true,"metric_token":1053,"campfire_choices":[{"data":"Gatherer:Centralize","floor":6,"key":"SMITH"},{"data":"Gatherer:CursedBlade","floor":8,"key":"SMITH"},{"data":"Gatherer:EnergyBasket","floor":13,"key":"SMITH"},{"data":"Gatherer:AlchemyTrial","floor":15,"key":"SMITH"}],"circlet_count":0,"master_deck":["Gatherer:Strike_Gatherer","Gatherer:Strike_Gatherer","Gatherer:Strike_Gatherer","Gatherer:Strike_Gatherer","Gatherer:Defend_Gatherer","Gatherer:Defend_Gatherer","Gatherer:Defend_Gatherer","Gatherer:Defend_Gatherer","Gatherer:Centralize+1","Gatherer:FlowerWhip","Gatherer:WitheringStrike","Gatherer:AlchemyTrial+1","Gatherer:CursedBlade+1","Gatherer:EnergyBasket+1","Gatherer:AlchemyTrial"],"relics":["Gatherer:AlchemyBag","Pantograph","Meat on the Bone","StrikeDummy","Question Card","Vajra","HandDrill","Molten Egg 2"],"acts_visited":["Exordium"],"potions_floor_usage":[7,7,10],"damage_taken":[{"damage":0,"enemies":"Cultist","floor":1,"turns":3},{"damage":4,"enemies":"2 Louse","floor":2,"turns":3},{"damage":0,"enemies":"Jaw Worm","floor":3,"turns":3},{"damage":22,"enemies":"Red Slaver","floor":4,"turns":5},{"damage":2,"enemies":"Large Slime","floor":5,"turns":8},{"damage":14,"enemies":"3 Sentries","floor":7,"turns":10},{"damage":18,"enemies":"Lagavulin","floor":10,"turns":7},{"damage":51,"enemies":"Slime Boss","floor":16,"turns":6}],"seed_played":"-1976853425134828599","potions_obtained":[{"floor":1,"key":"DuplicationPotion"},{"floor":5,"key":"EssenceOfSteel"},{"floor":7,"key":"ColorlessPotion"}],"is_trial":false,"path_per_floor":["M","M","M","M","M","R","E","R","T","E","?","$","R","T","R","B"],"character_chosen":"THE_GATHERER","items_purchased":["Gatherer:AlchemyTrial","Vajra","HandDrill"],"campfire_rested":0,"item_purchase_floors":[12,12,12],"current_hp_per_floor":[72,68,68,46,44,44,30,30,30,24,24,24,24,24,24,0,0,0],"gold":48,"neow_bonus":"REMOVE_TWO","is_daily":false,"chose_seed":false,"campfire_upgraded":4,"win_rate":0.0,"timestamp":1608121995,"path_taken":["M","?","M","M","M","R","E","R","T","E","?","?","R","?","R","BOSS"],"items_purchased_type":["Card","Relic","Relic"],"build_version":"2020-12-13","purchased_purges":1,"victory":false,"max_hp_per_floor":[72,72,72,72,72,72,72,72,72,72,72,72,72,72,72,72,72,72],"relic_stats":{"counters":[8,45],"Pantograph":25,"HandDrill":[0],"Question Card":0,"obtain_stats":[{"Pantograph":7,"Vajra":12,"Molten Egg 2":14,"HandDrill":12,"StrikeDummy":10,"Question Card":11,"Gatherer:AlchemyBag":0,"Meat on the Bone":9},{"Pantograph":6,"Vajra":7,"Molten Egg 2":7,"HandDrill":7,"StrikeDummy":7,"Question Card":7,"Gatherer:AlchemyBag":0,"Meat on the Bone":6},{"Pantograph":32,"Vajra":39,"Molten Egg 2":39,"HandDrill":39,"StrikeDummy":39,"Question Card":39,"Gatherer:AlchemyBag":0,"Meat on the Bone":32}],"Meat on the Bone":12},"card_choices":[{"not_picked":["Gatherer:Convert","Gatherer:MiningStrike"],"picked":"Gatherer:WitheringStrike","floor":1},{"not_picked":["Gatherer:FlowerShield","Gatherer:Solidify","Gatherer:FragileHammer"],"picked":"SKIP","floor":2},{"not_picked":["Gatherer:FlowerFalling","Gatherer:AromaProtection"],"picked":"Gatherer:AlchemyTrial","floor":3},{"not_picked":["Gatherer:PotentialSlash","Gatherer:FlowerShield","Gatherer:GrowBook"],"picked":"SKIP","floor":4},{"not_picked":["Gatherer:FragileHammer","Gatherer:GatherMaterial","Gatherer:Misfortune"],"picked":"SKIP","floor":5},{"not_picked":["Gatherer:Snatch","Gatherer:Herbalism"],"picked":"Gatherer:CursedBlade","floor":7},{"not_picked":["Gatherer:CarefulStrike","Gatherer:TreeGrowth"],"picked":"Gatherer:EnergyBasket","floor":10}],"player_experience":504571,"relics_obtained":[{"floor":7,"key":"Pantograph"},{"floor":9,"key":"Meat on the Bone"},{"floor":10,"key":"StrikeDummy"},{"floor":14,"key":"Molten Egg 2"}],"event_choices":[{"damage_healed":0,"gold_gain":0,"player_choice":"Paid Gold","damage_taken":0,"relics_obtained":["Question Card"],"max_hp_gain":0,"max_hp_loss":0,"event_name":"WeMeetAgain","floor":11,"gold_loss":91}],"is_beta":false,"boss_relics":[],"items_purged_floors":[12],"is_endless":false,"potions_floor_spawned":[1,5,7],"killed_by":"Slime Boss","ascension_level":1}}