{"host":"q9718omregw4er46","time":1608155528,"event":{"mods":["BaseMod","Bestiary","Colored Powertips","Custom Start","Highlight Path","Minty Spire (QoL Compilation)","Practice Mode","Quick Restart","Relic Stats"],"gold_per_floor":[115,115,115,136,136,167,188,201,224,257,276,276,73,96,96,191,191,212,231,231,252,277,277,277,277],"floor_reached":24,"playtime":822,"items_purged":["Strike_P"],"score":483,"play_id":"a53b0818-c30d-4e1c-80ec-78c730efe012","local_time":"20201217025208","is_ascension_mode":true,"campfire_choices":[{"floor":15.0,"key":"REST"},{"floor":23,"key":"REST"}],"circlet_count":0,"master_deck":["AscendersBane","Strike_P","Strike_P","Defend_P","Defend_P","Defend_P","Defend_P","Eruption","Vigilance","PathToVictory","Protect","EmptyMind","Wireheading","TalkToTheHand","WheelKick","PathToVictory","PathToVictory","PathToVictory"],"relics":["PureWater","NeowsBlessing","Golden Idol","FaceOfCleric","Boot","Damaru","Membership Card","Cursed Key"],"acts_visited":["Exordium","TheCity"],"potions_floor_usage":[],"damage_taken":[{"damage":0.0,"enemies":"2 Louse","floor":1.0,"turns":2.0},{"damage":0.0,"enemies":"Small Slimes","floor":4.0,"turns":1.0},{"damage":0.0,"enemies":"Gremlin Nob","floor":6.0,"turns":1.0},{"damage":1.0,"enemies":"Cultist","floor":7.0,"turns":4.0},{"damage":2.0,"enemies":"3 Louse","floor":8.0,"turns":7.0},{"damage":30.0,"enemies":"Lagavulin","floor":10.0,"turns":7.0},{"damage":1.0,"enemies":"Red Slaver","floor":11.0,"turns":3.0},{"damage":7.0,"enemies":"Looter","floor":14.0,"turns":4.0},{"damage":13.0,"enemies":"Hexaghost","floor":16.0,"turns":8.0},{"damage":13.0,"enemies":"3 Byrds","floor":18.0,"turns":4.0},{"damage":18.0,"enemies":"Shell Parasite","floor":19.0,"turns":3.0},{"damage":4,"enemies":"Chosen and Byrds","floor":21,"turns":5},{"damage":17,"enemies":"Centurion and Healer","floor":22,"turns":5},{"damage":38,"enemies":"Gremlin Leader","floor":24,"turns":3}],"seed_played":"5443463462753139994","potions_obtained":[{"floor":6.0,"key":"SneckoOil"},{"floor":10.0,"key":"SneckoOil"},{"floor":11.0,"key":"StancePotion"}],"is_trial":false,"path_per_floor":["M","?","?","M","?","E","M","M","T","E","M","?","$","M","R","B",null,"M","M","?","M","M","R","E"],"character_chosen":"WATCHER","items_purchased":["Membership Card"],"campfire_rested":2,"item_purchase_floors":[13],"current_hp_per_floor":[61,61,38,38,38,39,39,38,38,9,9,9,9,3,25,13,60,48,31,31,28,12,35,0,0],"gold":277,"neow_bonus":"THREE_ENEMY_KILL","is_daily":false,"chose_seed":false,"campfire_upgraded":0,"win_rate":0.0,"timestamp":1608155528,"path_taken":["M","?","?","M","?","E","M","?","T","E","M","?","$","?","R","BOSS","M","M","?","M","M","R","E"],"items_purchased_type":["Relic"],"build_version":"2020-12-13","purchased_purges":1,"victory":false,"max_hp_per_floor":[68,68,68,68,68,69,70,71,71,72,73,73,73,74,74,75,75,76,77,77,78,79,79,79,79],"relic_stats":{"FaceOfCleric":11,"counters":[14,57],"Golden Idol":69,"Boot":[10],"Cursed Key":0,"obtain_stats":[{"NeowsBlessing":0,"FaceOfCleric":5,"Golden Idol":3,"Damaru":10,"Membership Card":13,"PureWater":0,"Boot":6,"Cursed Key":17},{"NeowsBlessing":0,"FaceOfCleric":2,"Golden Idol":1,"Damaru":6,"Membership Card":7,"PureWater":0,"Boot":3,"Cursed Key":9},{"NeowsBlessing":0,"FaceOfCleric":3,"Golden Idol":2,"Damaru":22,"Membership Card":25,"PureWater":0,"Boot":4,"Cursed Key":37}]},"card_choices":[{"not_picked":["Crescendo","Swivel"],"picked":"PathToVictory","floor":1.0},{"not_picked":["CrushJoints","Indignation"],"picked":"Protect","floor":4.0},{"not_picked":["MasterReality","CrushJoints"],"picked":"EmptyMind","floor":6.0},{"not_picked":["WreathOfFlame","CutThroughFate"],"picked":"Wireheading","floor":7.0},{"not_picked":["Evaluate","DeceiveReality"],"picked":"TalkToTheHand","floor":8.0},{"not_picked":["Prostrate","EmptyFist"],"picked":"WheelKick","floor":10.0},{"not_picked":["SashWhip","WindmillStrike"],"picked":"PathToVictory","floor":11.0},{"not_picked":["FlyingSleeves","Alpha"],"picked":"PathToVictory","floor":14.0},{"not_picked":["Conclude","SashWhip","EmptyBody"],"picked":"SKIP","floor":18.0},{"not_picked":["FlurryOfBlows+1","FlyingSleeves","Protect"],"picked":"SKIP","floor":19.0},{"not_picked":["Fasting2","Tantrum","Crescendo"],"picked":"SKIP","floor":21},{"not_picked":["ReachHeaven","ForeignInfluence"],"picked":"PathToVictory","floor":22}],"player_experience":1029384,"relics_obtained":[{"floor":6.0,"key":"Boot"},{"floor":10.0,"key":"Damaru"}],"event_choices":[{"damage_healed":0.0,"max_hp_gain":0.0,"max_hp_loss":0.0,"gold_gain":0.0,"event_name":"Liars Game","player_choice":"Ignored","floor":2.0,"gold_loss":0.0,"damage_taken":0.0},{"damage_healed":0.0,"max_hp_gain":0.0,"max_hp_loss":0.0,"gold_gain":0.0,"event_name":"Golden Idol","player_choice":"Take Damage","floor":3.0,"gold_loss":0.0,"damage_taken":23.0,"relics_obtained":["Golden Idol"]},{"damage_healed":0.0,"max_hp_gain":0.0,"max_hp_loss":0.0,"gold_gain":0.0,"event_name":"FaceTrader","player_choice":"Trade","floor":5.0,"gold_loss":0.0,"damage_taken":0.0,"relics_obtained":["FaceOfCleric"]},{"cards_removed":["Strike_P"],"damage_healed":0.0,"max_hp_gain":0.0,"max_hp_loss":0.0,"gold_gain":0.0,"event_name":"Purifier","player_choice":"Purged","floor":12.0,"gold_loss":0.0,"damage_taken":0.0},{"damage_healed":0,"gold_gain":0,"player_choice":"Ignored","damage_taken":0,"max_hp_gain":0,"max_hp_loss":0,"event_name":"N\u0027loth","floor":20,"gold_loss":0}],"is_beta":false,"boss_relics":[{"not_picked":["Tiny House","Runic Pyramid"],"picked":"Cursed Key"}],"items_purged_floors":[13],"is_endless":false,"potions_floor_spawned":[6,10,11,14,19],"killed_by":"Gremlin Leader","ascension_level":19}}