{"host":"87lxh7t77p9km8u4","time":1608132522,"event":{"mods":["BaseMod","Bestiary","Block Reminder","Downfall","Lobotomy","Minty Spire (QoL Compilation)","Permanent Neow","Robot Space Explorer","StSLib"],"gold_per_floor":[0,0,150,150,61,89,139,64,97,97,125,137,28,39,57,57,57],"floor_reached":16,"playtime":1177,"items_purged":[],"score":111,"play_id":"1fe0a0df-4177-4bb3-a3fa-217714defcd9","local_time":"20201216162842","is_ascension_mode":true,"campfire_choices":[{"floor":1.0,"key":"DIG"},{"floor":8.0,"key":"REST"},{"floor":10,"key":"REST"}],"circlet_count":0,"master_deck":["hexamod:Strike","hexamod:Strike","hexamod:Strike","hexamod:Strike","hexamod:Defend","hexamod:Defend","hexamod:Defend","hexamod:Defend","hexamod:Sear","hexamod:Float","hexamod:FirstSeal","hexamod:HeatCrush","hexamod:DynamicBlow","hexamod:RainOfEmbers","hexamod:Firestarter","hexamod:Firestarter","hexamod:PhantomFireball","hexamod:SuperheatedStrike","hexamod:ThermalTransfer","hexamod:Firestarter"],"relics":["hexamod:SpiritBrand","Shovel","White Beast Statue","Gremlin Horn","downfall:HeartBlessingGreen","Meat on the Bone","Odd Mushroom"],"acts_visited":["Exordium"],"potions_floor_usage":[16,16],"damage_taken":[{"damage":0.0,"enemies":"downfall:FleeingMerchant","floor":5.0,"turns":4.0},{"damage":39.0,"enemies":"Lagavulin","floor":6.0,"turns":6.0},{"damage":27.0,"enemies":"3 Sentries","floor":9.0,"turns":9.0},{"damage":6,"enemies":"The Mushroom Lair","floor":11,"turns":4},{"damage":12,"enemies":"Jaw Worm","floor":12,"turns":4},{"damage":3,"enemies":"downfall:FleeingMerchant","floor":13,"turns":4},{"damage":0,"enemies":"2 Louse","floor":14,"turns":1},{"damage":0,"enemies":"Small Slimes","floor":15,"turns":3},{"damage":51,"enemies":"downfall:Defect","floor":16,"turns":5}],"seed_played":"-4805799671885716255","potions_obtained":[{"floor":5.0,"key":"ColorlessPotion"},{"floor":6.0,"key":"DuplicationPotion"},{"floor":9,"key":"SpeedPotion"},{"floor":11,"key":"EssenceOfSteel"},{"floor":15,"key":"LiquidBronze"}],"is_trial":false,"path_per_floor":["R","?","?","?","$","E","T","R","E","R","?","M","$","M","M","B"],"character_chosen":"THE_SPIRIT","items_purchased":["hexamod:DynamicBlow","hexamod:SuperheatedStrike","hexamod:ThermalTransfer"],"campfire_rested":2,"item_purchase_floors":[5,13,13],"current_hp_per_floor":[70,63,63,63,70,31,31,52,25,46,40,47,44,44,51,0,0],"gold":57,"neow_bonus":"ONE_RARE_RELIC","is_daily":false,"chose_seed":false,"campfire_upgraded":0,"win_rate":0.0,"timestamp":1608132522,"path_taken":["R","?","?","?","?","E","T","R","E","R","?","M","?","M","M","BOSS"],"items_purchased_type":["Card","Card","Card"],"build_version":"2020-12-13","purchased_purges":0,"victory":false,"max_hp_per_floor":[70,70,70,70,70,70,70,70,70,70,70,70,70,70,70,70,70],"card_choices":[{"not_picked":["hexamod:GhostLash","hexamod:BacktrackSmack"],"picked":"hexamod:HeatCrush","floor":5.0},{"not_picked":["hexamod:ExtraCrispy","hexamod:HexaLevel"],"picked":"hexamod:RainOfEmbers","floor":6.0},{"not_picked":["hexamod:AdvancingGuard","hexamod:GhostLash","hexamod:RecurringNightmare"],"picked":"SKIP","floor":9},{"not_picked":["hexamod:EtherealExpedition","hexamod:GhostLash"],"picked":"hexamod:Firestarter","floor":11},{"not_picked":["hexamod:HeatCrush","hexamod:SecondSeal"],"picked":"hexamod:Firestarter","floor":12},{"not_picked":["hexamod:SpectersWail","hexamod:SwordOfDarkness"],"picked":"hexamod:PhantomFireball","floor":13},{"not_picked":["hexamod:NightmareStrike","hexamod:Hexaguard"],"picked":"hexamod:Firestarter","floor":14},{"not_picked":["hexamod:InspiringFlames","hexamod:ParanormalForm","hexamod:NightmareGuise"],"picked":"SKIP","floor":15},{"not_picked":["hexamod:InspiringFlames","hexamod:ParanormalForm","hexamod:NightmareGuise"],"picked":"SKIP","floor":15}],"player_experience":316465,"relics_obtained":[{"floor":1.0,"key":"White Beast Statue"},{"floor":6.0,"key":"Gremlin Horn"},{"floor":9,"key":"Meat on the Bone"},{"floor":11,"key":"Odd Mushroom"}],"event_choices":[{"cards_removed":["Slimebound:Icky"],"damage_healed":0.0,"max_hp_gain":0.0,"max_hp_loss":0.0,"gold_gain":0.0,"event_name":"The Cleric","player_choice":"Card Removal","floor":4.0,"gold_loss":0.0,"damage_taken":0.0},{"damage_healed":0,"gold_gain":0,"player_choice":"Fought Mushrooms","damage_taken":0,"max_hp_gain":0,"max_hp_loss":0,"event_name":"Mushrooms","floor":11,"gold_loss":0}],"is_beta":false,"boss_relics":[],"items_purged_floors":[],"is_endless":false,"potions_floor_spawned":[5,6,9,11,12,13,14,15],"killed_by":"downfall:Defect","ascension_level":1}}