{"host":"q3i87yx2dgqr54co","time":1608146031,"event":{"mods":["BaseMod","Block Reminder","Colored Map","Colored Powertips","DeckTracker","Highlight Path","Minty Spire (QoL Compilation)","Permanent Neow","Potionbrewer","Quick Restart","Relic Sorter","Relic Stats","StSLib","The Bug Knight","The Gatherer","The Sage"],"gold_per_floor":[187,202,214,224,83,83,83,83,83,83,99,99,99],"floor_reached":12,"playtime":1148,"items_purged":[],"score":70,"play_id":"a34aee00-21c3-4d70-99ab-5d3f5fe7fba1","local_time":"20201216141351","is_ascension_mode":false,"campfire_choices":[{"data":"sagemod:Armor_Brew","floor":6,"key":"SMITH"},{"floor":8,"key":"REST"},{"floor":10,"key":"RECALL"}],"circlet_count":0,"master_deck":["sagemod:Strike","sagemod:Strike","sagemod:Strike","sagemod:Strike","sagemod:Defend","sagemod:Defend","sagemod:Defend","sagemod:Defend","sagemod:Fly","sagemod:Upwards","sagemod:Perpetuum_Mobile","sagemod:Folded_Carpet","sagemod:Armor_Brew+1","sagemod:Momentum","sagemod:Undermine","sagemod:Crank","sagemod:Pincer_Repair","sagemod:Lunchtime"],"relics":["sagemod:Flying_Carpet","Mercury Hourglass"],"acts_visited":["Exordium"],"potions_floor_usage":[4,11,12],"damage_taken":[{"damage":4,"enemies":"Cultist","floor":1,"turns":5},{"damage":2,"enemies":"2 Louse","floor":2,"turns":5},{"damage":5,"enemies":"Small Slimes","floor":3,"turns":7},{"damage":10,"enemies":"Blue Slaver","floor":4,"turns":8},{"damage":12,"enemies":"Exordium Thugs","floor":11,"turns":5},{"damage":38,"enemies":"Gremlin Nob","floor":12,"turns":4}],"seed_played":"8050853626865758051","potions_obtained":[{"floor":0,"key":"Regen Potion"},{"floor":0,"key":"Ancient Potion"},{"floor":0,"key":"EntropicBrew"}],"is_trial":false,"path_per_floor":["M","M","M","M","$","R","?","R","T","R","M","E"],"character_chosen":"THE_SAGE","items_purchased":["sagemod:Undermine","sagemod:Crank","sagemod:Pincer_Repair"],"campfire_rested":1,"item_purchase_floors":[5,5,5],"current_hp_per_floor":[46,44,39,29,29,29,34,50,50,50,38,0,0],"gold":99,"neow_bonus":"THREE_SMALL_POTIONS","is_daily":false,"chose_seed":false,"campfire_upgraded":1,"win_rate":0.0,"timestamp":1608146031,"path_taken":["M","?","M","M","$","R","?","R","T","R","M","E"],"items_purchased_type":["Card","Card","Card"],"build_version":"2020-12-13","purchased_purges":0,"victory":false,"max_hp_per_floor":[50,50,50,50,50,50,55,55,55,55,55,55,55],"relic_stats":{"counters":[6,34],"obtain_stats":[{"sagemod:Flying_Carpet":0,"Mercury Hourglass":9},{"sagemod:Flying_Carpet":0,"Mercury Hourglass":4},{"sagemod:Flying_Carpet":0,"Mercury Hourglass":25}],"Mercury Hourglass":[36]},"card_choices":[{"not_picked":["sagemod:Potion_Explosion","sagemod:Ambition"],"picked":"sagemod:Perpetuum_Mobile","floor":1},{"not_picked":["sagemod:Undermine","sagemod:Pincer_Repair"],"picked":"sagemod:Folded_Carpet","floor":2},{"not_picked":["sagemod:About_Clark","sagemod:Grounded_Strike"],"picked":"sagemod:Armor_Brew","floor":3},{"not_picked":["sagemod:How_To_Warm_Elephants","sagemod:Flying_Cauldron"],"picked":"sagemod:Momentum","floor":4},{"not_picked":["sagemod:How_To_Befriend_A_Turtle","sagemod:Cane_Strike"],"picked":"sagemod:Lunchtime","floor":11}],"player_experience":111978,"relics_obtained":[{"floor":9,"key":"Mercury Hourglass"}],"event_choices":[{"damage_healed":0,"gold_gain":0,"player_choice":"Donut","damage_taken":0,"max_hp_gain":5,"max_hp_loss":0,"event_name":"Big Fish","floor":7,"gold_loss":0}],"is_beta":false,"boss_relics":[],"items_purged_floors":[],"is_endless":false,"potions_floor_spawned":[4,11],"killed_by":"Gremlin Nob","ascension_level":0}}