{"host":"m5n96f98ibl1zi71","time":1608112443,"event":{"mods":["Aspiration","BaseMod","Conspire","Curses Come First","Downfall","Hubris","Minty Spire (QoL Compilation)","Quick Restart","Shop Mod","StSLib","Uncapped"],"gold_per_floor":[113,130,130,130,145,173,173,192,242,242,167,210,230,230,230,341,341,324,324,324,324,324],"floor_reached":21,"playtime":986,"items_purged":["conspire:GhostlyStrike"],"score":337,"play_id":"4bdac83b-dfca-4d86-bccb-5380e76fc835","local_time":"20201216195403","daily_mods":["Specialized","Diverse","DeadlyEvents"],"is_ascension_mode":false,"campfire_choices":[{"floor":7,"key":"REST"},{"floor":10,"key":"REST"},{"floor":15,"key":"REST"}],"circlet_count":0,"master_deck":["conspire:GhostlyStrike","conspire:GhostlyStrike","conspire:GhostlyStrike","conspire:GhostlyDefend","conspire:GhostlyDefend","conspire:GhostlyDefend","conspire:GhostlyDefend","Eruption","Vigilance","Carnage+1","Carnage","Carnage","Carnage","Carnage","Guardian:TimeBomb","Streamline","Inflame","Demon Form"],"relics":["PureWater","Bottled Lightning","CeramicFish","Darkstone Periapt","VioletLotus","hubris:Towel"],"acts_visited":["Exordium","TheCity"],"potions_floor_usage":[6,12],"damage_taken":[{"damage":0,"enemies":"Cultist","floor":1,"turns":2},{"damage":0,"enemies":"Jaw Worm","floor":2,"turns":1},{"damage":0,"enemies":"2 Louse","floor":5,"turns":2},{"damage":44,"enemies":"Lagavulin","floor":6,"turns":6},{"damage":4,"enemies":"Blue Slaver","floor":8,"turns":2},{"damage":28,"enemies":"3 Sentries","floor":12,"turns":6},{"damage":0,"enemies":"2 Fungi Beasts","floor":13,"turns":2},{"damage":49,"enemies":"The Guardian","floor":16,"turns":8},{"damage":27,"enemies":"2 Thieves","floor":18,"turns":4},{"damage":46,"enemies":"3 Byrds","floor":21,"turns":4}],"seed_played":"-4268036318538688969","potions_obtained":[{"floor":2,"key":"Regen Potion"},{"floor":5,"key":"LiquidBronze"},{"floor":8,"key":"BlessingOfTheForge"}],"is_trial":true,"path_per_floor":["M","M","?","?","M","E","R","M","T","R","$","E","M","?","R","B",null,"M","?","?","M"],"character_chosen":"WATCHER","items_purchased":[],"campfire_rested":3,"item_purchase_floors":[],"current_hp_per_floor":[72,72,72,72,72,40,61,57,57,72,72,44,44,44,65,16,72,45,45,45,0,0],"gold":324,"neow_bonus":"","is_daily":false,"chose_seed":false,"campfire_upgraded":0,"win_rate":0.0,"timestamp":1608112443,"path_taken":["M","?","?","?","M","E","R","M","T","R","$","?","M","?","R","BOSS","M","?","?","?"],"items_purchased_type":[],"build_version":"2020-12-13","purchased_purges":1,"victory":false,"max_hp_per_floor":[72,72,72,72,72,72,72,72,72,72,72,72,72,72,72,72,72,72,72,72,72,72],"card_choices":[{"not_picked":["sneckomod:Nope","Guardian:PrimingBeam","hexamod:Hexaguard"],"picked":"SKIP","floor":1},{"not_picked":["Gash","Slimebound:PressTheAttack"],"picked":"Guardian:TimeBomb","floor":2},{"not_picked":["Slimebound:SplitBruiser","Perfected Strike"],"picked":"Streamline","floor":5},{"not_picked":["Slimebound:SlimeBarrage","Outmaneuver","Thunderclap"],"picked":"SKIP","floor":6},{"not_picked":["Slimebound:SplitBruiser","Crescendo","Slimebound:Teamwork"],"picked":"SKIP","floor":8},{"not_picked":["champ:FocusedDefense","Hello World"],"picked":"Inflame","floor":12},{"not_picked":["sneckomod:QuickMove","Wild Strike","Slimebound:LevelUp"],"picked":"SKIP","floor":13},{"not_picked":["champ:SwordThrow","Machine Learning"],"picked":"Demon Form","floor":16},{"not_picked":["Clothesline+1","SashWhip","sneckomod:UnknownClassPURPLE"],"picked":"SKIP","floor":18}],"player_experience":395448,"relics_obtained":[{"floor":6,"key":"Bottled Lightning"},{"floor":9,"key":"CeramicFish"},{"floor":12,"key":"Darkstone Periapt"}],"event_choices":[{"damage_healed":0,"gold_gain":0,"player_choice":"Ignored","damage_taken":0,"max_hp_gain":0,"max_hp_loss":0,"event_name":"Liars Game","floor":3,"gold_loss":0},{"damage_healed":0,"gold_gain":0,"player_choice":"Agree","damage_taken":0,"max_hp_gain":0,"max_hp_loss":0,"event_name":"conspire:LoneGhost","floor":4,"gold_loss":0},{"damage_healed":0,"gold_gain":0,"player_choice":"Leave","damage_taken":0,"max_hp_gain":0,"max_hp_loss":0,"event_name":"conspire:Investor","floor":20,"gold_loss":0}],"is_beta":false,"boss_relics":[{"not_picked":["hubris:BlackHole","Cursed Key"],"picked":"VioletLotus"}],"items_purged_floors":[11],"is_endless":true,"potions_floor_spawned":[2,5,8],"killed_by":"3 Byrds","ascension_level":0}}