{"host":"icrrc9b69c1a6188","time":1608159536,"event":{"mods":["BaseMod","Better Altar","Better Match","Better Note","Better Sensory Stone","Better Skull","Better Third Choice","Colored Map","Colored Powertips","Displayed Cursed Tome","Faster Ascension Climbing","HexUI Lib","Minty Spire (QoL Compilation)","Random Character Mod","Spicy Shops","StSLib","Unceasing Turn Reminder"],"gold_per_floor":[117,117,128,11,11,37,37,68,148,168,168,194,205,221,221,221,221],"floor_reached":16,"playtime":665,"items_purged":[],"score":290,"play_id":"66956ed6-122e-4992-9c95-33864d8e9b3d","local_time":"20201216165856","is_ascension_mode":true,"campfire_choices":[{"data":"Reprogram","floor":7,"key":"SMITH"},{"data":"Reprogram","floor":11,"key":"SMITH"},{"data":"Reinforced Body","floor":15,"key":"SMITH"}],"circlet_count":0,"master_deck":["AscendersBane","Strike_B+1","Strike_B","Strike_B+1","Strike_B","Defend_B","Defend_B","Defend_B","Defend_B","Zap","Dualcast","Ball Lightning+1","Self Repair+1","Coolheaded","Reprogram+1","Rebound+1","Reprogram+1","Conserve Battery","Conserve Battery","Reinforced Body+1"],"relics":["Cracked Core","NeowsBlessing","Oddly Smooth Stone","Whetstone","Mummified Hand","MealTicket"],"acts_visited":["Exordium"],"potions_floor_usage":[12,16,16],"damage_taken":[{"damage":0,"enemies":"Small Slimes","floor":1,"turns":1},{"damage":0,"enemies":"2 Louse","floor":3,"turns":1},{"damage":0,"enemies":"Gremlin Nob","floor":6,"turns":1},{"damage":18,"enemies":"3 Sentries","floor":8,"turns":7},{"damage":3,"enemies":"Jaw Worm","floor":10,"turns":3},{"damage":11,"enemies":"Gremlin Nob","floor":12,"turns":3},{"damage":7,"enemies":"Exordium Wildlife","floor":13,"turns":5},{"damage":9,"enemies":"2 Fungi Beasts","floor":14,"turns":5},{"damage":38,"enemies":"Slime Boss","floor":16,"turns":5}],"seed_played":"2613258500659968261","potions_obtained":[{"floor":6,"key":"EssenceOfDarkness"},{"floor":8,"key":"FearPotion"},{"floor":13,"key":"Energy Potion"}],"is_trial":false,"path_per_floor":["M","?","M","$","?","E","R","E","T","M","R","E","M","M","R","B"],"character_chosen":"DEFECT","items_purchased":["Reprogram"],"campfire_rested":0,"item_purchase_floors":[4],"current_hp_per_floor":[64,64,64,64,43,43,43,35,35,42,42,31,34,35,35,0,0],"gold":221,"neow_bonus":"THREE_ENEMY_KILL","is_daily":false,"chose_seed":false,"campfire_upgraded":3,"win_rate":0.0,"timestamp":1608159536,"path_taken":["M","?","M","$","?","E","R","E","T","M","R","E","M","M","R","BOSS"],"items_purchased_type":["Card"],"build_version":"2020-12-13","purchased_purges":0,"victory":false,"max_hp_per_floor":[71,71,71,71,71,71,71,71,71,71,71,71,71,71,71,71,71],"card_choices":[{"not_picked":["Compile Driver","Stack"],"picked":"Ball Lightning","floor":1},{"not_picked":["Ball Lightning","Hologram"],"picked":"Coolheaded","floor":3},{"not_picked":["Cold Snap","Amplify"],"picked":"Rebound","floor":6},{"not_picked":["Sunder","Reinforced Body"],"picked":"Reprogram","floor":8},{"not_picked":["Darkness","Rebound"],"picked":"Conserve Battery","floor":10},{"not_picked":["Compile Driver","Lockon","Defragment"],"picked":"SKIP","floor":12},{"not_picked":["Force Field","Ball Lightning"],"picked":"Conserve Battery","floor":13},{"not_picked":["Go for the Eyes","Rebound"],"picked":"Reinforced Body","floor":14}],"player_experience":657472,"relics_obtained":[{"floor":6,"key":"Oddly Smooth Stone"},{"floor":8,"key":"Whetstone"},{"floor":9,"key":"Mummified Hand"},{"floor":12,"key":"MealTicket"}],"event_choices":[{"damage_healed":0,"gold_gain":1,"player_choice":"4","damage_taken":0,"max_hp_gain":0,"max_hp_loss":0,"event_name":"betterStone:BetterStone","floor":2,"gold_loss":0,"cards_obtained":["Self Repair"]},{"damage_healed":64,"gold_gain":0,"player_choice":"Upgrade","damage_taken":21,"max_hp_gain":0,"max_hp_loss":71,"event_name":"betterThird:BetterShining","floor":5,"gold_loss":0,"cards_upgraded":["Strike_B","Ball Lightning"]}],"is_beta":false,"boss_relics":[],"items_purged_floors":[],"is_endless":false,"potions_floor_spawned":[6,8,13],"killed_by":"Slime Boss","ascension_level":20}}