{"host":"pf47v7h0307523iy","time":1608142407,"event":{"mods":["BaseMod","Minty Spire (QoL Compilation)"],"gold_per_floor":[115,115,40,40,40,40,40,40,66,109,109,128,161,177,177,177,177],"floor_reached":16,"playtime":562,"items_purged":["Strike_G"],"score":212,"play_id":"4347d134-ce6a-44c0-bf1d-58f3583ad1df","local_time":"20201216201327","is_ascension_mode":true,"campfire_choices":[{"data":"Dagger Spray","floor":6,"key":"SMITH"},{"data":"Neutralize","floor":8,"key":"SMITH"},{"floor":11,"key":"REST"},{"floor":15,"key":"REST"}],"circlet_count":0,"master_deck":["AscendersBane","Strike_G","Strike_G","Strike_G","Defend_G","Defend_G","Defend_G","Defend_G","Defend_G","Survivor","Neutralize+1","Dagger Spray+1","Blur","Well Laid Plans","Noxious Fumes","Deadly Poison","Backflip","Deadly Poison"],"relics":["Ring of the Snake","The Specimen","Golden Idol","Ancient Tea Set","Dream Catcher","Tiny Chest"],"acts_visited":["Exordium"],"potions_floor_usage":[13],"damage_taken":[{"damage":8,"enemies":"2 Louse","floor":1,"turns":4},{"damage":32,"enemies":"3 Sentries","floor":10,"turns":9},{"damage":0,"enemies":"Jaw Worm","floor":12,"turns":4},{"damage":21,"enemies":"Lagavulin","floor":13,"turns":10},{"damage":0,"enemies":"Small Slimes","floor":14,"turns":4},{"damage":35,"enemies":"Hexaghost","floor":16,"turns":9}],"seed_played":"-6254474467226465328","potions_obtained":[{"floor":12,"key":"Weak Potion"},{"floor":13,"key":"FearPotion"}],"is_trial":false,"path_per_floor":["M","?","$","?","?","R","?","R","T","E","R","M","E","M","R","B"],"character_chosen":"THE_SILENT","items_purchased":[],"campfire_rested":2,"item_purchase_floors":[],"current_hp_per_floor":[51,51,51,51,56,56,49,49,49,17,34,34,13,13,30,0,0],"gold":177,"neow_bonus":"ONE_RARE_RELIC","is_daily":false,"chose_seed":false,"campfire_upgraded":2,"win_rate":0.0,"timestamp":1608142407,"path_taken":["M","?","?","?","?","R","?","R","T","E","R","M","E","M","R","BOSS"],"items_purchased_type":[],"build_version":"2020-12-13","purchased_purges":1,"victory":false,"max_hp_per_floor":[60,54,54,54,59,59,59,59,59,59,59,59,59,59,59,59,59],"card_choices":[{"not_picked":["Flying Knee","Heel Hook"],"picked":"Dagger Spray","floor":1},{"not_picked":["Sucker Punch","Setup"],"picked":"Blur","floor":10},{"not_picked":["Backflip","Choke"],"picked":"Well Laid Plans","floor":11},{"not_picked":["Underhanded Strike","Backflip"],"picked":"Noxious Fumes","floor":12},{"not_picked":["Flying Knee","Riddle With Holes"],"picked":"Deadly Poison","floor":13},{"not_picked":["Expertise","Calculated Gamble"],"picked":"Backflip","floor":14},{"not_picked":["Storm of Steel","Blade Dance"],"picked":"Deadly Poison","floor":15}],"player_experience":1492253,"relics_obtained":[{"floor":9,"key":"Ancient Tea Set"},{"floor":10,"key":"Dream Catcher"},{"floor":13,"key":"Tiny Chest"}],"event_choices":[{"damage_healed":0,"gold_gain":0,"player_choice":"Lose Max HP","damage_taken":0,"relics_obtained":["Golden Idol"],"max_hp_gain":0,"max_hp_loss":6,"event_name":"Golden Idol","floor":2,"gold_loss":0},{"damage_healed":0,"gold_gain":0,"player_choice":"Leave","damage_taken":0,"max_hp_gain":0,"max_hp_loss":0,"event_name":"The Cleric","floor":4,"gold_loss":0},{"damage_healed":0,"gold_gain":0,"player_choice":"Donut","damage_taken":0,"max_hp_gain":5,"max_hp_loss":0,"event_name":"Big Fish","floor":5,"gold_loss":0},{"cards_removed":["Strike_G"],"damage_healed":0,"gold_gain":0,"player_choice":"Card Removal","damage_taken":7,"max_hp_gain":0,"max_hp_loss":0,"event_name":"Golden Wing","floor":7,"gold_loss":0}],"is_beta":false,"boss_relics":[],"items_purged_floors":[3],"is_endless":false,"potions_floor_spawned":[12,13],"killed_by":"Hexaghost","ascension_level":20}}