{"host":"mvw7i28zi3kj0eu9","time":1608123932,"event":{"mods":["AchievementEnabler","BaseMod","Better Third Choice","BetterRewards","Block Reminder","Conspire","Custom Start","Downfall","Energized Spire","Halation","Hermit","Hubris","Infinite Spire","Jorbs\u0027s Wanderer Trilogy","Minty Spire (QoL Compilation)","Replay The Spire","Shop Mod","Small Relic Pack","Spikes Relics","StSLib","The Blue Laboratory","The Necromancer","The Servant 0.9.4","Virulent Crown"],"gold_per_floor":[118,118,118,133,152,152,163,163,163,178,32,32,6,26,26,26,26],"floor_reached":16,"playtime":384,"items_purged":[],"score":92,"play_id":"97cdde41-7b42-4dc9-89c0-5adaaa85d07a","local_time":"20201216140532","is_ascension_mode":false,"campfire_choices":[{"data":"Neutralize+1","floor":6,"key":"SMITH"},{"data":"Neutralize+2","floor":6,"key":"SMITH"},{"data":"Blade Dance","floor":15,"key":"SMITH"},{"data":"Blade Dance","floor":15,"key":"SMITH"}],"circlet_count":0,"master_deck":["Strike_G","Strike_G","Strike_G","Strike_G","Strike_G","Defend_G","Defend_G","Defend_G","Defend_G","Defend_G","Survivor","Neutralize+3","Envenom+1","Blade Dance+1","Blade Dance+1"],"relics":["Ring of the Snake","Replay:Arrowhead","Membership Card","conspire:InfiniteJournal","hubris:Towel","halation:EternalFortune","Frozen Egg 2","Sling"],"acts_visited":["Exordium"],"potions_floor_usage":[],"damage_taken":[{"damage":5,"enemies":"Small Slimes","floor":1,"turns":5},{"damage":0,"enemies":"Jaw Worm","floor":4,"turns":5},{"damage":5,"enemies":"Cultist","floor":5,"turns":4},{"damage":2,"enemies":"Gremlin Gang","floor":7,"turns":7},{"damage":11,"enemies":"3 Louse","floor":10,"turns":5},{"damage":5,"enemies":"2 Fungi Beasts","floor":14,"turns":4},{"damage":55,"enemies":"Fading Forest","floor":16,"turns":7}],"seed_played":"-4915349661624974285","potions_obtained":[{"floor":4,"key":"Elixir"},{"floor":5,"key":"hexamod:EctoCoolerPotion"},{"floor":7,"key":"blueLaboratory:HorrorPotion"}],"is_trial":true,"path_per_floor":["M","?","?","M","M","R","M","?","T","M","$","?","$","M","R","B"],"character_chosen":"THE_SILENT","items_purchased":["Sling","Envenom+1","Blade Dance"],"campfire_rested":0,"item_purchase_floors":[11,11,13],"current_hp_per_floor":[65,65,65,65,60,60,58,61,61,50,50,50,50,45,45,0,0],"gold":26,"neow_bonus":"","is_daily":false,"chose_seed":false,"campfire_upgraded":4,"win_rate":0.0,"timestamp":1608123932,"path_taken":["M","?","?","?","?","R","M","?","T","M","$","?","?","M","R","BOSS"],"items_purchased_type":["Relic","Card","Card"],"build_version":"2020-12-13","purchased_purges":0,"victory":false,"max_hp_per_floor":[70,70,70,70,70,70,70,73,73,73,73,73,73,73,73,73,73],"card_choices":[{"not_picked":["Hidden Blade","Blur","Underhanded Strike"],"picked":"SKIP","floor":1},{"not_picked":["Dagger Throw","Hidden Blade","Flying Knee"],"picked":"SKIP","floor":4},{"not_picked":["Underhanded Strike","Backflip","Predator"],"picked":"SKIP","floor":5},{"not_picked":["Finisher","Flying Knee","Backflip"],"picked":"SKIP","floor":7},{"not_picked":["Finisher","Flying Knee","Backflip"],"picked":"SKIP","floor":7},{"not_picked":["Quick Slash","Slice","Underhanded Strike"],"picked":"SKIP","floor":10},{"not_picked":["Blade Dance","Dagger Spray","Flying Knee"],"picked":"SKIP","floor":14},{"not_picked":["Dagger Spray","Flying Knee"],"picked":"Blade Dance","floor":14}],"player_experience":876749,"relics_obtained":[{"floor":9,"key":"Frozen Egg 2"}],"event_choices":[{"damage_healed":0,"gold_gain":0,"player_choice":"Forge","damage_taken":0,"max_hp_gain":0,"max_hp_loss":0,"event_name":"Accursed Blacksmith","floor":3,"gold_loss":0,"cards_upgraded":["Neutralize"]}],"is_beta":false,"boss_relics":[],"items_purged_floors":[],"is_endless":false,"potions_floor_spawned":[4,5,7],"killed_by":"Fading Forest","ascension_level":0}}