{"host":"soyfmymeou4emntr","time":1608094720,"event":{"mods":["BaseMod","Minty Spire (QoL Compilation)","Relic Sorter","Relic Stats","StSLib"],"gold_per_floor":[118,37,37,112,131,131,142,170,197,134,146,186,213,237,249,332,344,366,378,378],"floor_reached":19,"playtime":1362,"items_purged":[],"score":354,"play_id":"df0a3fc8-aa9f-4157-bfb2-ffc212ec0304","local_time":"20201215215840","is_ascension_mode":true,"campfire_choices":[{"data":"Anger","floor":6.0,"key":"SMITH"},{"data":"True Grit","floor":11,"key":"SMITH"},{"floor":15,"key":"REST"}],"circlet_count":0,"master_deck":["AscendersBane","Strike_R","Strike_R","Strike_R+1","Strike_R","Defend_R","Defend_R","Defend_R","Defend_R","Bash+1","Anger+1","Battle Trance","Battle Trance","True Grit+1","Carnage+1","Corruption","Shrug It Off"],"relics":["Black Blood","Whetstone","MawBank","Art of War"],"acts_visited":["Exordium","TheCity"],"potions_floor_usage":[12,16,19],"damage_taken":[{"damage":1.0,"enemies":"Cultist","floor":1.0,"turns":3.0},{"damage":3.0,"enemies":"Small Slimes","floor":5.0,"turns":4.0},{"damage":12.0,"enemies":"Jaw Worm","floor":7.0,"turns":3.0},{"damage":10.0,"enemies":"Gremlin Nob","floor":8.0,"turns":3.0},{"damage":16,"enemies":"Lagavulin","floor":12,"turns":5},{"damage":8,"enemies":"Exordium Thugs","floor":13,"turns":4},{"damage":6,"enemies":"Looter","floor":14,"turns":2},{"damage":55,"enemies":"Hexaghost","floor":16,"turns":9},{"damage":32,"enemies":"Spheric Guardian","floor":18,"turns":5},{"damage":45,"enemies":"3 Byrds","floor":19,"turns":5}],"seed_played":"7248198370403117709","potions_obtained":[{"floor":5.0,"key":"AttackPotion"},{"floor":7.0,"key":"EssenceOfSteel"},{"floor":8,"key":"AttackPotion"},{"floor":13,"key":"ColorlessPotion"}],"is_trial":false,"path_per_floor":["M","$","$","?","M","R","M","E","T","?","R","E","M","M","R","B",null,"M","M"],"character_chosen":"IRONCLAD","items_purchased":["Battle Trance"],"campfire_rested":1,"item_purchase_floors":[2],"current_hp_per_floor":[73,73,73,62,65,65,59,55,55,55,55,45,43,43,65,16,60,40,0,0],"gold":378,"neow_bonus":"UPGRADE_CARD","is_daily":false,"chose_seed":false,"campfire_upgraded":2,"win_rate":0.0,"timestamp":1608094720,"path_taken":["M","?","$","?","M","R","M","E","T","?","R","E","M","?","R","BOSS","M","M"],"items_purchased_type":["Card"],"build_version":"2020-12-13","purchased_purges":0,"victory":false,"max_hp_per_floor":[75,75,75,75,75,75,75,75,75,75,75,75,75,75,75,75,75,75,75,75],"relic_stats":{"counters":[10,43],"Black Blood":60,"Art of War":[0],"Whetstone":["Carnage","Strike_R"],"MawBank":120,"obtain_stats":[{"Black Blood":17,"Art of War":12,"Whetstone":8,"MawBank":9,"Burning Blood":0},{"Black Blood":8,"Art of War":5,"Whetstone":4,"MawBank":4,"Burning Blood":0},{"Black Blood":33,"Art of War":18,"Whetstone":13,"MawBank":13,"Burning Blood":0}]},"card_choices":[{"not_picked":["Rage","Entrench"],"picked":"Anger","floor":1.0},{"not_picked":["Shrug It Off","Thunderclap"],"picked":"Battle Trance","floor":5.0},{"not_picked":["Body Slam","Havoc"],"picked":"True Grit","floor":7.0},{"not_picked":["Pommel Strike","Iron Wave"],"picked":"Carnage","floor":8},{"not_picked":["Second Wind","Dual Wield","Juggernaut"],"picked":"SKIP","floor":12},{"not_picked":["Thunderclap","Clash","Cleave"],"picked":"SKIP","floor":13},{"not_picked":["Wild Strike","Anger","Seeing Red"],"picked":"SKIP","floor":14},{"not_picked":["Exhume","Brutality"],"picked":"Corruption","floor":16},{"not_picked":["Blood for Blood","Heavy Blade"],"picked":"Shrug It Off","floor":18}],"player_experience":2567115,"relics_obtained":[{"floor":8,"key":"Whetstone"},{"floor":9,"key":"MawBank"},{"floor":12,"key":"Art of War"}],"event_choices":[{"damage_healed":0.0,"max_hp_gain":0.0,"max_hp_loss":0.0,"gold_gain":75.0,"event_name":"World of Goop","player_choice":"Gather Gold","floor":4.0,"gold_loss":0.0,"damage_taken":11.0},{"cards_removed":["Strike_R"],"damage_healed":0,"gold_gain":0,"player_choice":"Card Removal","damage_taken":0,"max_hp_gain":0,"max_hp_loss":0,"event_name":"The Cleric","floor":10,"gold_loss":75}],"is_beta":false,"boss_relics":[{"not_picked":["Sozu","Runic Dome"],"picked":"Black Blood"}],"items_purged_floors":[],"is_endless":false,"potions_floor_spawned":[5,7,8,13],"killed_by":"3 Byrds","ascension_level":20}}