{"host":"0fmi5fguj5lvt8pf","time":1608141796,"event":{"mods":["BaseMod","BetterRewards","Colored Map","Downfall","Minty Spire (QoL Compilation)","Permanent Neow","StSLib"],"gold_per_floor":[99,99,99,111,111,211,211,211,242,242,259,434,434,434,447,546,546,321,336,336,436,436,436,436,521,536,536,548,234,244,257,274,379,379,379,379,299,318,334,181,207,233,233,265,315,162,173,189,206,206,206,235,85,85,85],"floor_reached":56,"playtime":4218,"items_purged":["Regret","Doubt"],"score":2028,"play_id":"5014be9d-672c-474d-9623-b779675383a1","local_time":"20201216100316","is_ascension_mode":false,"campfire_choices":[{"data":"champ:Duel","floor":1.0,"key":"SMITH"},{"data":"champ:HoldFirm","floor":5.0,"key":"SMITH"},{"floor":8.0,"key":"RECALL"},{"data":"champ:FalseCounter","floor":10.0,"key":"SMITH"},{"data":"champ:TornadoPunch","floor":18.0,"key":"SMITH"},{"data":"champ:FalseCounter","floor":22.0,"key":"SMITH"},{"data":"champ:Aggression","floor":27.0,"key":"SMITH"},{"data":"champ:GutPunch","floor":35.0,"key":"SMITH"},{"data":"champ:Improvising","floor":43,"key":"SMITH"},{"data":"champ:EnchantCrown","floor":54,"key":"SMITH"}],"circlet_count":0,"master_deck":["champ:Taunt+1","champ:FalseCounter+1","champ:TornadoPunch+1","champ:HoldFirm+1","champ:Duel+1","champ:ArenaPreparation+1","champ:Lariat+1","champ:RisingSlash","champ:LastStand","champ:Haymaker+1","champ:PerfectForm+1","Necronomicurse","champ:FalseCounter+1","Master of Strategy","champ:ShieldSigil","champ:Aggression+1","champ:RageSigil","champ:GutPunch+1","champ:PerfectForm+1","champ:SteelEdge","expansioncontent:Collect+1","champ:SwordSigil","champ:EnchantCrown+1","champ:Improvising+1","champ:Shatter+1","champ:AdrenalArmor"],"relics":["Pandora\u0027s Box","Bronze Scales","Astrolabe","downfall:HeartBlessingRed","downfall:HeartBlessingGreen","downfall:HeartBlessingBlue","Necronomicon","MutagenicStrength","champ:FightingForDummies","Darkstone Periapt","DollysMirror","SlaversCollar","sneckomod:BlankCard","TheAbacus","Chemical X","Omamori","Happy Flower","champ:SpectersHand","Ginger","MealTicket","champ:GladiatorsBookOfMartialProwess","champ:Barbells"],"acts_visited":["TheCity","TheBeyond","TheEnding"],"potions_floor_usage":[48,55,55],"damage_taken":[{"damage":3.0,"enemies":"Jaw Worm","floor":4.0,"turns":2.0},{"damage":11.0,"enemies":"Lagavulin","floor":9.0,"turns":7.0},{"damage":2.0,"enemies":"2 Louse","floor":11.0,"turns":2.0},{"damage":0.0,"enemies":"Cultist","floor":13.0,"turns":1.0},{"damage":39.0,"enemies":"3 Louse","floor":15.0,"turns":3.0},{"damage":38.0,"enemies":"downfall:Ironclad","floor":16.0,"turns":7.0},{"damage":42.0,"enemies":"3 Byrds","floor":19.0,"turns":3.0},{"damage":41.0,"enemies":"downfall:Augmenter","floor":21.0,"turns":4.0},{"damage":2.0,"enemies":"Spheric Guardian","floor":26.0,"turns":2.0},{"damage":20.0,"enemies":"Centurion and Healer","floor":28.0,"turns":5.0},{"damage":9.0,"enemies":"downfall:FleeingMerchant","floor":29.0,"turns":4.0},{"damage":5.0,"enemies":"3 Cultists","floor":30.0,"turns":3.0},{"damage":6.0,"enemies":"Snecko","floor":31.0,"turns":2.0},{"damage":6.0,"enemies":"Centurion and Healer","floor":32.0,"turns":7.0},{"damage":11.0,"enemies":"downfall:Silent","floor":33.0,"turns":5.0},{"damage":54,"enemies":"downfall:FleeingMerchant","floor":37,"turns":2},{"damage":29,"enemies":"3 Shapes","floor":38,"turns":2},{"damage":56,"enemies":"3 Darklings","floor":39,"turns":2},{"damage":99,"enemies":"Giant Head","floor":42,"turns":4},{"damage":44,"enemies":"Reptomancer","floor":44,"turns":3},{"damage":51,"enemies":"Mind Bloom Boss Battle","floor":45,"turns":2},{"damage":52,"enemies":"Spire Growth","floor":47,"turns":3},{"damage":3,"enemies":"Jaw Worm Horde","floor":48,"turns":2},{"damage":0,"enemies":"3 Darklings","floor":49,"turns":3},{"damage":71,"enemies":"downfall:Watcher","floor":50,"turns":2},{"damage":58,"enemies":"downfall:CharBossMerchant","floor":52,"turns":3},{"damage":156,"enemies":"downfall:NeowBoss","floor":55,"turns":14}],"seed_played":"-5058043719997613238","potions_obtained":[{"floor":9.0,"key":"BlessingOfTheForge"},{"floor":11.0,"key":"Swift Potion"},{"floor":15.0,"key":"champ:TechniquePotion"},{"floor":28.0,"key":"Weak Potion"},{"floor":30.0,"key":"Explosive Potion"},{"floor":33.0,"key":"Swift Potion"},{"floor":49,"key":"Fire Potion"}],"is_trial":false,"path_per_floor":["R","?","?","M","R","?","T","R","E","R","M","?","M","?","M","B",null,"R","M","?","?","R","?","T","?","M","R","M","$","M","M","M","B",null,"R","?","?","M","M","$","T","E","R","E","?","$","M","M","M","B",null,"E","$","R","B",null],"character_chosen":"THE_CHAMP","items_purchased":["champ:GutPunch","DollysMirror","sneckomod:BlankCard","TheAbacus","Chemical X","MealTicket","champ:Barbells"],"campfire_rested":0,"item_purchase_floors":[29,29,37,37,40,46,53],"current_hp_per_floor":[90,90,90,87,87,87,87,87,76,76,74,74,74,74,77,54,90,100,81,65,50,50,50,50,32,30,30,10,7,7,7,12,12,100,100,100,100,100,100,100,100,100,100,100,100,100,78,88,88,98,100,100,100,100,100],"gold":85,"neow_bonus":"BOSS_RELIC","is_daily":false,"chose_seed":false,"campfire_upgraded":9,"win_rate":0.0,"timestamp":1608141796,"path_taken":["R","?","?","M","R","?","T","R","E","R","?","?","M","?","M","BOSS","R","M","?","?","R","?","T","?","M","R","M","$","?","?","M","BOSS","R","?","?","M","M","?","T","E","R","E","?","?","M","?","M","BOSS","E","$","R","BOSS"],"items_purchased_type":["Card","Relic","Relic","Relic","Relic","Relic","Relic"],"build_version":"2020-12-13","purchased_purges":2,"victory":true,"max_hp_per_floor":[90,90,90,90,90,90,90,90,90,90,90,90,90,90,90,90,90,100,100,100,100,100,100,100,100,100,100,100,100,100,100,100,100,100,100,100,100,100,100,100,100,100,100,100,100,100,100,100,100,100,100,100,100,100,100],"card_choices":[{"not_picked":["champ:ShieldSigil","champ:StanceDance"],"picked":"champ:RisingSlash","floor":4.0},{"not_picked":["champ:GladiatorStyle","champ:RageSigil","champ:TornadoPunch"],"picked":"SKIP","floor":9.0},{"not_picked":["champ:EnGarde","champ:SwordSigil","champ:ShieldSigil"],"picked":"SKIP","floor":11.0},{"not_picked":["champ:RageSigil","champ:CrookedStrike","champ:Duel"],"picked":"SKIP","floor":13.0},{"not_picked":["champ:DefensiveShout","champ:Lariat","champ:RageSigil"],"picked":"SKIP","floor":15.0},{"not_picked":["champ:StrikeOfGenius","champ:HeavySlash"],"picked":"champ:LastStand","floor":16.0},{"not_picked":["champ:SwordSigil","champ:PreciseThrust+1","champ:RecklessLeap"],"picked":"SKIP","floor":19.0},{"not_picked":["champ:CrookedStrike","champ:Encircle"],"picked":"champ:FalseCounter","floor":21.0},{"not_picked":[],"picked":"J.A.X.","floor":21.0},{"not_picked":["champ:GladiatorsShout","champ:SwordSigil"],"picked":"champ:Aggression","floor":26.0},{"not_picked":["champ:DefensiveShout","champ:PreciseThrust+1","champ:Haymaker"],"picked":"SKIP","floor":28.0},{"not_picked":["champ:FightOn","champ:TornadoPunch"],"picked":"champ:RageSigil","floor":29.0},{"not_picked":["champ:FocusedGladiator","champ:StanceDance","champ:DeathBlow+1"],"picked":"SKIP","floor":30.0},{"not_picked":["champ:RageSigil","champ:Shatter","champ:DefensiveShout"],"picked":"SKIP","floor":31.0},{"not_picked":["champ:FocusedBerserking","champ:RageSigil","champ:BringItOn"],"picked":"SKIP","floor":32.0},{"not_picked":["champ:EnchantSword","champ:CrownThrow"],"picked":"champ:SteelEdge","floor":33.0},{"not_picked":["expansioncontent:Sear","expansioncontent:FaceSlap"],"picked":"expansioncontent:Collect","floor":36},{"not_picked":["champ:Riposte+1","champ:Lariat","champ:FocusedDefense+1"],"picked":"SKIP","floor":37},{"not_picked":["champ:Haymaker","champ:Backstep"],"picked":"champ:SwordSigil","floor":38},{"not_picked":["champ:GladiatorsShout+1","champ:DefensiveShout"],"picked":"champ:EnchantCrown","floor":39},{"not_picked":["champ:FocusedGladiator","champ:FlashCut"],"picked":"champ:Improvising","floor":42},{"not_picked":["champ:ShieldSigil","champ:Aggression"],"picked":"champ:Shatter+1","floor":44},{"not_picked":["champ:RageSigil+1","champ:DefensiveStyle","champ:Balance"],"picked":"SKIP","floor":47},{"not_picked":["champ:DefensiveShout+1","champ:FanOfKnives+1","champ:Haymaker"],"picked":"SKIP","floor":48},{"not_picked":["champ:BerserkersShout","champ:Encircle+1"],"picked":"champ:AdrenalArmor","floor":49},{"not_picked":["champ:FocusedBerserking+1","champ:BringItOn","champ:Encircle+1"],"picked":"SKIP","floor":52}],"player_experience":1167262,"relics_obtained":[{"floor":9.0,"key":"Bronze Scales"},{"floor":20.0,"key":"Necronomicon"},{"floor":21.0,"key":"MutagenicStrength"},{"floor":24.0,"key":"Darkstone Periapt"},{"floor":41,"key":"Omamori"},{"floor":42,"key":"Happy Flower"},{"floor":44,"key":"champ:SpectersHand"},{"floor":45,"key":"Ginger"},{"floor":52,"key":"champ:GladiatorsBookOfMartialProwess"}],"event_choices":[],"is_beta":false,"boss_relics":[{"not_picked":["Sozu","champ:PowerArmor"],"picked":"Astrolabe"},{"not_picked":["Runic Pyramid","Cursed Key"],"picked":"SlaversCollar"}],"items_purged_floors":[29,37],"is_endless":false,"potions_floor_spawned":[9,11,15,16,19,28,30,33,38,42,47,49],"ascension_level":0}}