{"host":"dxo7getcgd66jrrz","time":1608096397,"event":{"mods":["BaseMod","BetterRewards","Colored Map","Colored Powertips","Downfall","Highlight Path","Minty Spire (QoL Compilation)","Replay The Spire","Robot Space Explorer","StSLib","The Construct","The Cursed","The Disciple","The Necromancer","The Servant 0.9.4"],"gold_per_floor":[99,99,99,99,112,37,60,77,90,90,102,102,115,131,148,246,246,246,263,248,248],"floor_reached":20,"playtime":936,"items_purged":[],"score":166,"play_id":"5bb46c92-50d0-4a6d-a840-332ae330e15f","local_time":"20201215232637","is_ascension_mode":false,"campfire_choices":[{"floor":1.0,"key":"RECALL"},{"data":"Slimebound:Gluttony","floor":6.0,"key":"SMITH"},{"floor":10.0,"key":"REST"}],"circlet_count":0,"master_deck":["Slimebound:Strike_Slimebound","Slimebound:Strike_Slimebound","Slimebound:Strike_Slimebound","Slimebound:Tackle","Slimebound:Defend_Slimebound","Slimebound:Defend_Slimebound","Slimebound:Defend_Slimebound","Slimebound:Defend_Slimebound","Slimebound:Split+1","Slimebound:CorrosiveSpit","Slimebound:Gluttony+1","Slimebound:ComboTackle","Slimebound:LeechEnergy","Slimebound:LeadByExample","Slimebound:SplitMire","Slimebound:RollThrough","Slimebound:PressTheAttack","Slimebound:PrepareCrush","Slimebound:GoopSpray"],"relics":["Slimebound:AbsorbEndCombat","Ring of Misfortune","Ring of Fury","downfall:HeartBlessingRed","Ancient Tea Set","Runic Pyramid"],"acts_visited":["Exordium","TheCity"],"potions_floor_usage":[],"damage_taken":[{"damage":13.0,"enemies":"2 Louse","floor":5.0,"turns":2.0},{"damage":10.0,"enemies":"Cultist","floor":8.0,"turns":3.0},{"damage":21.0,"enemies":"Jaw Worm","floor":9.0,"turns":2.0},{"damage":9.0,"enemies":"Large Slime","floor":11.0,"turns":3.0},{"damage":19.0,"enemies":"2 Fungi Beasts","floor":13.0,"turns":3.0},{"damage":35.0,"enemies":"Exordium Wildlife","floor":14.0,"turns":4.0},{"damage":31.0,"enemies":"Lots of Slimes","floor":15.0,"turns":3.0},{"damage":54.0,"enemies":"downfall:Watcher","floor":16.0,"turns":5.0},{"damage":30.0,"enemies":"Spheric Guardian","floor":19.0,"turns":4.0},{"damage":22.0,"enemies":"downfall:FleeingMerchant","floor":20.0,"turns":4.0}],"seed_played":"376513366075057014","potions_obtained":[{"floor":5.0,"key":"Explosive Potion"},{"floor":11.0,"key":"SteroidPotion"},{"floor":12.0,"key":"Strength Potion"},{"floor":16.0,"key":"LiquidMemories"},{"floor":19.0,"key":"Elixir"}],"is_trial":false,"path_per_floor":["R","?","?","?","M","R","T","M","M","R","M","?","M","M","M","B",null,"R_BF","M","$"],"character_chosen":"SLIMEBOUND","items_purchased":[],"campfire_rested":1,"item_purchase_floors":[],"current_hp_per_floor":[66,71,71,71,66,66,66,71,62,71,65,65,54,43,40,30,71,71,61,67,67],"gold":248,"neow_bonus":"TEN_PERCENT_HP_BONUS","is_daily":false,"chose_seed":false,"campfire_upgraded":1,"win_rate":0.0,"timestamp":1608096397,"path_taken":["R","?","?","?","M","R","T","?","M","R","M","?","?","M","M","BOSS","R_BF","M","$"],"items_purchased_type":[],"build_version":"2020-12-13","purchased_purges":0,"victory":false,"max_hp_per_floor":[66,71,71,71,71,71,71,71,71,71,71,71,71,71,71,71,71,71,71,71,71],"card_choices":[{"not_picked":["Slimebound:SamplingLick","Slimebound:SplitBruiser"],"picked":"Slimebound:Gluttony","floor":5.0},{"not_picked":["Slimebound:GoopTackle","Slimebound:Grow"],"picked":"Slimebound:ComboTackle","floor":8.0},{"not_picked":["Slimebound:ViciousTackle","Slimebound:SplitBruiser"],"picked":"Slimebound:LeechEnergy","floor":9.0},{"not_picked":["Slimebound:Repurpose","Slimebound:ViciousTackle"],"picked":"Slimebound:LeadByExample","floor":11.0},{"not_picked":["Slimebound:RollThrough","Slimebound:Overexert"],"picked":"Slimebound:SplitMire","floor":13.0},{"not_picked":["Slimebound:RainOfGoop","Slimebound:SplitMire"],"picked":"Slimebound:RollThrough","floor":14.0},{"not_picked":["Slimebound:Gluttony","Slimebound:SlimeSpikes"],"picked":"Slimebound:PressTheAttack","floor":15.0},{"not_picked":["Slimebound:OozeBath","Slimebound:LeechLife"],"picked":"Slimebound:PrepareCrush","floor":16.0},{"not_picked":["Slimebound:SplitBruiser+1","Slimebound:SplitLeeching+1"],"picked":"Slimebound:GoopSpray","floor":19.0}],"player_experience":56858,"relics_obtained":[{"floor":3.0,"key":"Ring of Misfortune"},{"floor":3.0,"key":"Ring of Fury"},{"floor":7.0,"key":"Ancient Tea Set"}],"event_choices":[{"damage_healed":0.0,"max_hp_gain":5.0,"max_hp_loss":0.0,"gold_gain":0.0,"event_name":"Big Fish","player_choice":"Donut","floor":2.0,"gold_loss":0.0,"damage_taken":0.0},{"damage_healed":0.0,"max_hp_gain":0.0,"max_hp_loss":0.0,"gold_gain":0.0,"event_name":"Upgrade Shrine","player_choice":"Upgraded","floor":4.0,"gold_loss":0.0,"damage_taken":0.0,"cards_upgraded":["Slimebound:Split"]},{"damage_healed":0.0,"max_hp_gain":0.0,"max_hp_loss":0.0,"gold_gain":0.0,"event_name":"Lab","player_choice":"Got Potions","floor":12.0,"gold_loss":0.0,"damage_taken":0.0}],"is_beta":false,"boss_relics":[{"not_picked":["Replay:Bronze Core","SlaversCollar"],"picked":"Runic Pyramid"}],"items_purged_floors":[],"is_endless":false,"potions_floor_spawned":[5,11,16,19],"killed_by":"downfall:FleeingMerchant","ascension_level":0}}