{"host":"sabve5zmqufxyc5o","time":1608115132,"event":{"mods":["2.2 Compatiblity","AchievementEnabler","Act Like it!","BaseMod","Block Reminder","Colored Map","Colored Powertips","DeckTracker","KOR Keyword Fix","Keyboard Shortcuts","Minty Spire (QoL Compilation)","Quick Restart","Rare Cards Sparkle","Relic Stats","StSLib","SuperFastMode"],"gold_per_floor":[118,136,5,21,21,50,50,80,80,22,22,47,47,66,66,66,66],"floor_reached":16,"playtime":261,"items_purged":["Strike_R"],"score":230,"play_id":"92a7e860-7461-4686-8e5e-db0dbb121de5","local_time":"20201216193852","is_ascension_mode":true,"campfire_choices":[{"floor":7.0,"key":"REST"},{"data":"True Grit","floor":11.0,"key":"SMITH"},{"data":"Shockwave","floor":13.0,"key":"SMITH"},{"floor":15.0,"key":"REST"}],"circlet_count":0,"master_deck":["AscendersBane","Strike_R","Strike_R","Strike_R","Strike_R","Defend_R","Defend_R","Defend_R","Defend_R","Bash","Pommel Strike","Cleave","Shockwave+1","Carnage","Offering","True Grit+1","Second Wind","Burning Pact"],"relics":["Burning Blood","Kunai","Turnip","Ice Cream","Centennial Puzzle"],"acts_visited":["Exordium"],"potions_floor_usage":[],"damage_taken":[{"damage":7.0,"enemies":"Jaw Worm","floor":1.0,"turns":3.0},{"damage":1.0,"enemies":"2 Louse","floor":2.0,"turns":3.0},{"damage":6.0,"enemies":"Cultist","floor":4.0,"turns":3.0},{"damage":48.0,"enemies":"Gremlin Nob","floor":6.0,"turns":5.0},{"damage":38.0,"enemies":"3 Sentries","floor":8.0,"turns":7.0},{"damage":18.0,"enemies":"Lagavulin","floor":12.0,"turns":6.0},{"damage":15.0,"enemies":"Exordium Wildlife","floor":14.0,"turns":2.0},{"damage":0,"enemies":"Hexaghost","floor":16,"turns":1}],"seed_played":"-5728272746554563890","potions_obtained":[{"floor":4.0,"key":"SneckoOil"},{"floor":6.0,"key":"AttackPotion"},{"floor":14.0,"key":"FairyPotion"}],"is_trial":false,"path_per_floor":["M","M","$","M","?","E","R","E","T","$","R","E","R","M","R","B"],"character_chosen":"IRONCLAD","items_purchased":["Cleave","True Grit"],"campfire_rested":2,"item_purchase_floors":[3,10],"current_hp_per_floor":[74,79,79,79,84,42,68,36,36,36,36,24,24,15,41,41,41],"gold":66,"neow_bonus":"TEN_PERCENT_HP_BONUS","is_daily":false,"chose_seed":false,"campfire_upgraded":2,"win_rate":0.0,"timestamp":1608115132,"path_taken":["M","M","$","M","?","E","R","E","T","$","R","E","R","M","R","BOSS"],"items_purchased_type":["Card","Card"],"build_version":"2020-12-13","purchased_purges":1,"victory":false,"max_hp_per_floor":[82,82,82,82,87,87,87,87,87,87,87,87,87,87,87,87,87],"relic_stats":{"Centennial Puzzle":[3],"counters":[7,29],"Turnip":[0],"Kunai":[4],"obtain_stats":[{"Ice Cream":9,"Centennial Puzzle":12,"Turnip":8,"Kunai":6,"Burning Blood":0},{"Ice Cream":5,"Centennial Puzzle":6,"Turnip":5,"Kunai":4,"Burning Blood":0},{"Ice Cream":21,"Centennial Puzzle":27,"Turnip":21,"Kunai":14,"Burning Blood":0}],"Burning Blood":42},"card_choices":[{"not_picked":["Perfected Strike","Sever Soul"],"picked":"Pommel Strike","floor":1.0},{"not_picked":["Headbutt","Flame Barrier","Havoc"],"picked":"SKIP","floor":2.0},{"not_picked":["Wild Strike","Armaments"],"picked":"Shockwave","floor":4.0},{"not_picked":["Bloodletting","Warcry"],"picked":"Carnage","floor":6.0},{"not_picked":["Warcry","Ghostly Armor"],"picked":"Offering","floor":8.0},{"not_picked":["Limit Break","Armaments"],"picked":"Second Wind","floor":12.0},{"not_picked":["Sentinel","Metallicize"],"picked":"Burning Pact","floor":14.0}],"player_experience":779042,"relics_obtained":[{"floor":6.0,"key":"Kunai"},{"floor":8.0,"key":"Turnip"},{"floor":9.0,"key":"Ice Cream"},{"floor":12.0,"key":"Centennial Puzzle"}],"event_choices":[{"damage_healed":0.0,"max_hp_gain":5.0,"max_hp_loss":0.0,"gold_gain":0.0,"event_name":"Big Fish","player_choice":"Donut","floor":5.0,"gold_loss":0.0,"damage_taken":0.0}],"is_beta":false,"boss_relics":[],"items_purged_floors":[3],"is_endless":false,"potions_floor_spawned":[4,6,14],"killed_by":"Hexaghost","ascension_level":19}}