{"host":"h7phgxvratutj9mx","time":1608113670,"event":{"mods":["BaseMod","Highlight Path","Minty Spire (QoL Compilation)","Quick Restart"],"gold_per_floor":[219,394,404,418,41,69,69,103,103,114,114,14,29,59,59,154,154,168,168,168,184,55,55,71,88,112,125,141,158,190,105,105,202,252,252],"floor_reached":34,"playtime":1503,"items_purged":["Doubt","Strike_P"],"score":461,"play_id":"9ca27f27-c1ff-4039-bc2a-101427a9c235","local_time":"25631216171430","is_ascension_mode":true,"campfire_choices":[{"floor":7,"key":"REST"},{"data":"Eruption","floor":15,"key":"SMITH"},{"floor":23,"key":"REST"},{"floor":32,"key":"REST"}],"circlet_count":0,"master_deck":["Strike_P","Strike_P","Strike_P","Defend_P","Defend_P","Defend_P","Eruption+1","Vigilance","EmptyBody","FollowUp","EmptyFist","ClearTheMind","ReachHeaven","FollowUp+1","EmptyFist+1","Evaluate+1","DevaForm+1","EmptyFist+1","DeceiveReality+1","Prostrate","CarveReality+1","Prostrate","SashWhip+1","Pray","DeusExMachina","Consecrate+1","CutThroughFate+1","TalkToTheHand+1","ConjureBlade","Crescendo"],"relics":["PureWater","Sling","Damaru","CaptainsWheel","HornCleat","Molten Egg 2","Bronze Scales","CloakClasp","SacredBark","War Paint","Centennial Puzzle","Mercury Hourglass","Tiny House"],"acts_visited":["Exordium","TheCity","TheBeyond"],"potions_floor_usage":[10,16,16,33,33],"damage_taken":[{"damage":0,"enemies":"2 Louse","floor":1,"turns":2},{"damage":6,"enemies":"Jaw Worm","floor":3,"turns":5},{"damage":0,"enemies":"Cultist","floor":4,"turns":2},{"damage":14,"enemies":"Gremlin Nob","floor":6,"turns":3},{"damage":1,"enemies":"Lagavulin","floor":8,"turns":5},{"damage":4,"enemies":"Exordium Wildlife","floor":10,"turns":4},{"damage":0,"enemies":"Large Slime","floor":13,"turns":3},{"damage":0,"enemies":"Gremlin Nob","floor":14,"turns":2},{"damage":49,"enemies":"The Guardian","floor":16,"turns":10},{"damage":2,"enemies":"Chosen","floor":18,"turns":3},{"damage":13,"enemies":"3 Byrds","floor":21,"turns":3},{"damage":12,"enemies":"Cultist and Chosen","floor":24,"turns":5},{"damage":6,"enemies":"Snecko","floor":25,"turns":5},{"damage":0,"enemies":"Centurion and Healer","floor":27,"turns":3},{"damage":17,"enemies":"Cultist and Chosen","floor":28,"turns":5},{"damage":7,"enemies":"Snake Plant","floor":29,"turns":5},{"damage":18,"enemies":"Book of Stabbing","floor":30,"turns":5},{"damage":1,"enemies":"Champ","floor":33,"turns":9}],"seed_played":"-6205844813274283133","potions_obtained":[{"floor":3,"key":"PowerPotion"},{"floor":6,"key":"LiquidMemories"},{"floor":8,"key":"DistilledChaos"},{"floor":10,"key":"BlessingOfTheForge"},{"floor":21,"key":"DistilledChaos"},{"floor":25,"key":"FairyPotion"},{"floor":33,"key":"SmokeBomb"},{"floor":34,"key":"Strength Potion"}],"is_trial":false,"path_per_floor":["M","?","M","M","$","E","R","E","T","M","T","$","M","E","R","B",null,"M","?","?","M","$","R","M","M","T","M","M","M","E","?","R","B",null],"character_chosen":"WATCHER","items_purchased":["Sling","Damaru","CarveReality+1","Prostrate"],"campfire_rested":3,"item_purchase_floors":[5,5,22,22],"current_hp_per_floor":[72,72,66,66,66,52,72,71,71,67,67,67,67,67,67,18,72,70,70,70,57,57,72,60,54,54,54,37,30,12,12,33,32,77,77],"gold":252,"neow_bonus":"HUNDRED_GOLD","is_daily":false,"chose_seed":false,"campfire_upgraded":1,"win_rate":0.0,"timestamp":1608113670,"path_taken":["M","?","M","M","$","E","R","E","T","M","?","$","M","E","R","BOSS","M","?","?","M","$","R","M","?","T","M","M","M","E","?","R","BOSS"],"items_purchased_type":["Relic","Relic","Card","Card"],"build_version":"2020-12-13","purchased_purges":2,"victory":false,"max_hp_per_floor":[72,72,72,72,72,72,72,72,72,72,72,72,72,72,72,72,72,72,72,72,72,72,72,72,72,72,72,72,72,72,72,72,72,77,77],"card_choices":[{"not_picked":["DeceiveReality","ThirdEye"],"picked":"EmptyBody","floor":1},{"not_picked":["EmptyBody","FlurryOfBlows"],"picked":"FollowUp","floor":3},{"not_picked":["BowlingBash","Halt"],"picked":"EmptyFist","floor":4},{"not_picked":["FlurryOfBlows","JustLucky"],"picked":"ClearTheMind","floor":6},{"not_picked":["WaveOfTheHand","Wish"],"picked":"ReachHeaven","floor":8},{"not_picked":["JustLucky+1","Evaluate"],"picked":"FollowUp+1","floor":10},{"not_picked":["Halt","CrushJoints+1"],"picked":"EmptyFist+1","floor":13},{"not_picked":["Protect","EmptyFist+1"],"picked":"Evaluate","floor":14},{"not_picked":["SpiritShield","Brilliance+1"],"picked":"DevaForm","floor":16},{"not_picked":["WreathOfFlame","Sanctity"],"picked":"EmptyFist+1","floor":18},{"not_picked":["Crescendo+1","FlyingSleeves+1"],"picked":"Prostrate","floor":21},{"not_picked":["Study","Evaluate"],"picked":"SashWhip+1","floor":24},{"not_picked":["FlyingSleeves+1","Evaluate"],"picked":"Pray","floor":25},{"not_picked":["Conclude+1","Evaluate+1"],"picked":"DeusExMachina","floor":27},{"not_picked":["Crescendo+1","Sanctity"],"picked":"Consecrate+1","floor":28},{"not_picked":["FollowUp+1","Vengeance+1"],"picked":"CutThroughFate+1","floor":29},{"not_picked":["ThirdEye","FollowUp+1"],"picked":"TalkToTheHand+1","floor":30},{"not_picked":["Omniscience","Alpha"],"picked":"ConjureBlade","floor":33},{"not_picked":["InnerPeace+1","Protect"],"picked":"Crescendo","floor":34}],"player_experience":479963,"relics_obtained":[{"floor":6,"key":"CaptainsWheel"},{"floor":8,"key":"HornCleat"},{"floor":9,"key":"Molten Egg 2"},{"floor":11,"key":"Bronze Scales"},{"floor":14,"key":"CloakClasp"},{"floor":26,"key":"War Paint"},{"floor":30,"key":"Centennial Puzzle"}],"event_choices":[{"damage_healed":0,"gold_gain":175,"player_choice":"AGREE","damage_taken":0,"max_hp_gain":0,"max_hp_loss":0,"event_name":"Liars Game","floor":2,"gold_loss":0,"cards_obtained":["Doubt"]},{"damage_healed":0,"gold_gain":0,"player_choice":"Ignored","damage_taken":0,"max_hp_gain":0,"max_hp_loss":0,"event_name":"Ghosts","floor":19,"gold_loss":0},{"damage_healed":0,"gold_gain":0,"cards_transformed":["Defend_P"],"player_choice":"Transformed","damage_taken":0,"max_hp_gain":0,"max_hp_loss":0,"event_name":"Transmorgrifier","floor":20,"gold_loss":0,"cards_obtained":["DeceiveReality"]},{"damage_healed":0,"gold_gain":0,"player_choice":"Obtained Relic","damage_taken":0,"relics_obtained":["Mercury Hourglass"],"max_hp_gain":0,"max_hp_loss":0,"event_name":"Addict","floor":31,"gold_loss":85}],"is_beta":false,"boss_relics":[{"not_picked":["Velvet Choker","Snecko Eye"],"picked":"SacredBark"},{"not_picked":["Astrolabe","Sozu"],"picked":"Tiny House"}],"items_purged_floors":[5,12],"is_endless":false,"potions_floor_spawned":[3,6,8,10,21,25,28,33],"ascension_level":2}}