{"host":"dwyzfvnzfcqffr30","time":1608122154,"event":{"mods":["2.2 Compatiblity","Act Like it!","BaseMod","Beaked The Cultist","Better Altar","Better Sensory Stone","Better Third Choice","Clockwork Mod","Colored Map","Colored Powertips","Conspire","Elementarium","GifTheSpireLib","Halation","Hubris","Jedi Mod","Menagerie","Mimic Mod","Minty Spire (QoL Compilation)","Permanent Neow","Random Character Button","Replay The Spire","Spicy Shops","StSLib","Stuff the Spire","The Construct","The Druid","TheFirefly","Trackpad","vexMod"],"gold_per_floor":[109,109,124,144,144,174,174,201,270,303,303,336,336,361,361,466,466,479,479,479,490,14,40,40,40],"floor_reached":24,"playtime":1697,"items_purged":[],"score":326,"play_id":"bd264942-355a-4795-abf1-3a3f597bda2b","local_time":"20201216043554","is_ascension_mode":true,"campfire_choices":[{"data":"construct:CripplingShot+1","floor":7,"key":"SMITH"},{"data":"construct:Autoturret+1","floor":11,"key":"SMITH"},{"data":"construct:SiegeForm+1","floor":15,"key":"SMITH"}],"circlet_count":0,"master_deck":["construct:Strike_Gold+1","construct:Strike_Gold+1","construct:Strike_Gold+1","construct:Strike_Gold+1","construct:Strike_Gold+1","construct:Defend_Gold+1","construct:Defend_Gold+1","construct:Defend_Gold+2","construct:Defend_Gold+2","construct:Defend_Gold+2","construct:AttackMode+1","construct:DefenseMode+1","construct:QuickAttack+1","MasterReality+1","construct:SweepLaser+1","Menagerie:LoxodonWarhammer+1","construct:FierceBash+1","construct:CripplingShot+2","construct:Autoturret+2","construct:FlakBarrage+1","construct:LaserCore+1","Menagerie:BeastSpirit+1","construct:SiegeForm+2","construct:MemoryTap+1","construct:PointDefense+1","construct:Synchronize+1","construct:Zapper+1","construct:Autoturret+1","construct:Autoturret+1","construct:Autoturret+1","construct:Autoturret+1"],"relics":["construct:ClockworkPhoenix","Bottled Tornado","Quantum Egg","Frozen Egg 2","Toxic Egg 2","Molten Egg 2","Black Star","Juzu Bracelet","Gremlin Food","Sundial","Centennial Puzzle","Iron Hammer","trackpad:PetRock","hubris:SlimyHat","Art of War","The Courier","SlaversCollar","StuffTheSpire:ForceGauntlet","Ornamental Fan","War Paint","Anchor","trackpad:AdjectivePendant"],"acts_visited":["Menagerie:Menagerie","Elementarium:Elementarium"],"potions_floor_usage":[8,10,12],"damage_taken":[{"damage":0,"enemies":"Menagerie:WhisperingWraith","floor":1,"turns":4},{"damage":0,"enemies":"Menagerie:2_RABBITS","floor":3,"turns":3},{"damage":19,"enemies":"Menagerie:VoidReaper","floor":6,"turns":4},{"damage":7,"enemies":"Menagerie:Hydra","floor":8,"turns":4},{"damage":7,"enemies":"Menagerie:MaskedSummoner","floor":10,"turns":3},{"damage":5,"enemies":"Menagerie:VoidReaper","floor":12,"turns":3},{"damage":8,"enemies":"Menagerie:Hydra","floor":14,"turns":4},{"damage":32,"enemies":"Menagerie:AVATARS","floor":16,"turns":4},{"damage":15,"enemies":"Elementarium:VoidCorruption","floor":18,"turns":4},{"damage":5,"enemies":"Elementarium:2_ELEMENTALS","floor":21,"turns":3},{"damage":31,"enemies":"Elementarium:WarGolem","floor":23,"turns":3},{"damage":28,"enemies":"Elementarium:VoidBeast","floor":24,"turns":4}],"seed_played":"5027733956576618133","potions_obtained":[{"floor":1,"key":"SkillPotion"},{"floor":6,"key":"Toxic Potion"},{"floor":8,"key":"construct:ShiftPotion"},{"floor":23,"key":"Death Potion"}],"is_trial":false,"path_per_floor":["M","?","M","?","?","E","R","E","T","E","R","E","?","E","R","B",null,"M","?","?","M","$","E","M"],"character_chosen":"THE_CONSTRUCT_MOD","items_purchased":["Ornamental Fan","War Paint","construct:Autoturret+1","construct:Autoturret+1","construct:Autoturret+1","construct:Autoturret+1"],"campfire_rested":0,"item_purchase_floors":[22,22,22,22,22,22],"current_hp_per_floor":[77,77,83,83,83,67,67,67,67,67,67,67,67,59,59,27,68,53,53,53,50,50,19,0,0],"gold":40,"neow_bonus":"THREE_CARDS","is_daily":false,"chose_seed":false,"campfire_upgraded":3,"win_rate":0.0,"timestamp":1608122154,"path_taken":["M","?","M","?","?","E","R","E","T","E","R","E","?","E","R","BOSS","M","?","?","M","$","E","M"],"items_purchased_type":["Relic","Relic","Card","Card","Card","Card"],"build_version":"2020-12-13","purchased_purges":0,"victory":false,"max_hp_per_floor":[85,85,85,85,85,85,85,85,85,85,85,85,82,82,82,82,82,82,82,82,82,82,82,82,82],"card_choices":[{"not_picked":["construct:Construct_Overclock","construct:Accumulate"],"picked":"construct:QuickAttack","floor":0},{"not_picked":["construct:GuardCore+1","construct:ModeShift+1"],"picked":"construct:SweepLaser+1","floor":1},{"not_picked":["Menagerie:Tinker+1","Menagerie:LightningHelix+1"],"picked":"Menagerie:LoxodonWarhammer+1","floor":2},{"not_picked":["construct:Backup+1","construct:SuppressiveFire+1"],"picked":"construct:FierceBash+1","floor":3},{"not_picked":["construct:Accumulate+1","construct:Hazardproof+1"],"picked":"construct:CripplingShot+1","floor":6},{"not_picked":["construct:Failsafe+1","construct:ChargeShot+1"],"picked":"construct:Autoturret+1","floor":8},{"not_picked":["construct:ModeShift+1","construct:Disrupt+1"],"picked":"construct:FlakBarrage+1","floor":10},{"not_picked":["construct:SaveState+1","construct:FocusedBeam+1"],"picked":"construct:LaserCore+1","floor":12},{"not_picked":["construct:Dampening+1","construct:Failsafe+1"],"picked":"construct:SiegeForm+1","floor":14},{"not_picked":["construct:ClockworkEgg+1","construct:GoldenBullet+1"],"picked":"construct:MemoryTap+1","floor":16},{"not_picked":["construct:ScrapCannon+1","construct:ClusterMines+1"],"picked":"construct:PointDefense+1","floor":18},{"not_picked":["construct:SuppressiveFire+1","construct:ShiftStrike+1"],"picked":"construct:Zapper+1","floor":21},{"not_picked":["construct:ShiftStrike+1","construct:SaveState+1","construct:BatteryAcid+1"],"picked":"SKIP","floor":23}],"player_experience":1235902,"relics_obtained":[{"floor":6,"key":"Gremlin Food"},{"floor":6,"key":"Sundial"},{"floor":8,"key":"Centennial Puzzle"},{"floor":10,"key":"Iron Hammer"},{"floor":10,"key":"trackpad:PetRock"},{"floor":12,"key":"hubris:SlimyHat"},{"floor":14,"key":"Art of War"},{"floor":14,"key":"The Courier"},{"floor":23,"key":"Anchor"},{"floor":23,"key":"trackpad:AdjectivePendant"}],"event_choices":[{"damage_healed":0,"gold_gain":0,"player_choice":"Simplicity","damage_taken":0,"max_hp_gain":0,"max_hp_loss":10,"event_name":"betterThird:BetterWriting","floor":0,"gold_loss":0},{"damage_healed":0,"gold_gain":0,"player_choice":"Upgraded","damage_taken":0,"max_hp_gain":0,"max_hp_loss":0,"event_name":"Upgrade Shrine","floor":0,"gold_loss":0,"cards_upgraded":["construct:AttackMode"]},{"damage_healed":0,"gold_gain":0,"player_choice":"Upgraded","damage_taken":0,"max_hp_gain":0,"max_hp_loss":0,"event_name":"Upgrade Shrine","floor":0,"gold_loss":0,"cards_upgraded":["construct:DefenseMode"]},{"damage_healed":0,"gold_gain":0,"player_choice":"Upgraded","damage_taken":0,"max_hp_gain":0,"max_hp_loss":0,"event_name":"Upgrade Shrine","floor":0,"gold_loss":0,"cards_upgraded":["construct:QuickAttack"]},{"damage_healed":0,"gold_gain":0,"player_choice":"Peek","damage_taken":0,"max_hp_gain":0,"max_hp_loss":0,"event_name":"Menagerie:OvergrownLibrary","floor":2,"gold_loss":0},{"damage_healed":0,"gold_gain":20,"player_choice":"Cunning","damage_taken":0,"max_hp_gain":0,"max_hp_loss":0,"event_name":"Menagerie:CloudVision","floor":4,"gold_loss":0,"cards_upgraded":["construct:Defend_Gold"]},{"damage_healed":0,"gold_gain":0,"player_choice":"Knelt","damage_taken":0,"max_hp_gain":0,"max_hp_loss":3,"event_name":"Menagerie:BeastSpiritShrine","floor":13,"gold_loss":0,"cards_obtained":["Menagerie:BeastSpirit"]},{"damage_healed":0,"gold_gain":0,"player_choice":"Read","damage_taken":0,"max_hp_gain":0,"max_hp_loss":0,"event_name":"Elementarium:LostScrolls","floor":19,"gold_loss":0,"cards_obtained":["construct:Synchronize"]}],"is_beta":false,"boss_relics":[{"not_picked":["conspire:RunicOctahedron","hubris:BlackHole"],"picked":"SlaversCollar"}],"items_purged_floors":[],"is_endless":false,"potions_floor_spawned":[1,6,8,23],"killed_by":"Elementarium:VoidBeast","ascension_level":6}}