{"host":"q9718omregw4er46","time":1608157306,"event":{"mods":["BaseMod","Bestiary","Colored Powertips","Custom Start","Highlight Path","Minty Spire (QoL Compilation)","Practice Mode","Quick Restart","Relic Stats"],"gold_per_floor":[118,137,155,155,179,217,217,251,251,251,265,265,30,70,70,164,164,183,208,208,222,272,272,299,316,316,341,341,76,110,128,128,201,201,217,234,283,79,94,119,132,132,132],"floor_reached":42,"playtime":1749,"items_purged":["Strike_P","Strike_P+1","LessonLearned+1"],"score":1088,"play_id":"907e0908-d6ba-45c7-8c52-d5369bf93a44","local_time":"20201217032146","is_ascension_mode":true,"campfire_choices":[{"floor":7,"key":"REST"},{"data":"Scrawl","floor":10,"key":"SMITH"},{"floor":12,"key":"REST"},{"data":"WindmillStrike","floor":15,"key":"SMITH"},{"floor":23,"key":"REST"},{"floor":28,"key":"REST"},{"floor":32,"key":"RECALL"}],"circlet_count":0,"master_deck":["AscendersBane","Strike_P+1","Strike_P+1","Defend_P+1","Defend_P+1","Defend_P+1","Defend_P+1","Eruption+1","Vigilance+1","WindmillStrike+1","WheelKick+1","FearNoEvil+1","LessonLearned+1","Scrawl+1","Scrawl+1","Vault+1","LikeWater+1","CutThroughFate+1","Scrawl+1","Meditate+1","WaveOfTheHand+1","Halt+1","MentalFortress"],"relics":["Velvet Choker","Bloody Idol","Orichalcum","Nunchaku","Mercury Hourglass","DollysMirror","Mango","Runic Pyramid","StrikeDummy","Bag of Preparation","Ancient Tea Set","OrangePellets","Boot","SacredBark","StoneCalendar","Anchor"],"acts_visited":["Exordium","TheCity","TheBeyond"],"potions_floor_usage":[8,14,21],"damage_taken":[{"damage":2,"enemies":"Cultist","floor":1,"turns":6},{"damage":6,"enemies":"2 Louse","floor":2,"turns":2},{"damage":0,"enemies":"Small Slimes","floor":3,"turns":2},{"damage":3,"enemies":"Blue Slaver","floor":5,"turns":3},{"damage":22,"enemies":"Lagavulin","floor":6,"turns":7},{"damage":2,"enemies":"Gremlin Nob","floor":8,"turns":3},{"damage":12,"enemies":"Exordium Thugs","floor":11,"turns":4},{"damage":10,"enemies":"3 Sentries","floor":14,"turns":3},{"damage":0,"enemies":"The Guardian","floor":16,"turns":7},{"damage":0,"enemies":"Chosen","floor":18,"turns":2},{"damage":13,"enemies":"2 Thieves","floor":19,"turns":5},{"damage":31,"enemies":"Shelled Parasite and Fungi","floor":21,"turns":5},{"damage":18,"enemies":"Slavers","floor":24,"turns":4},{"damage":2,"enemies":"Snecko","floor":25,"turns":3},{"damage":5,"enemies":"Gremlin Leader","floor":27,"turns":5},{"damage":8,"enemies":"Slavers","floor":30,"turns":3},{"damage":0,"enemies":"Chosen and Byrds","floor":31,"turns":3},{"damage":32,"enemies":"Champ","floor":33,"turns":7},{"damage":0,"enemies":"3 Darklings","floor":35,"turns":4},{"damage":0,"enemies":"3 Shapes","floor":36,"turns":4},{"damage":12,"enemies":"2 Orb Walkers","floor":37,"turns":5},{"damage":8,"enemies":"Writhing Mass","floor":39,"turns":6},{"damage":21,"enemies":"Nemesis","floor":40,"turns":6},{"damage":45,"enemies":"Transient","floor":41,"turns":7},{"damage":30,"enemies":"Reptomancer","floor":42,"turns":5}],"seed_played":"2788565459719924848","potions_obtained":[{"floor":2,"key":"Energy Potion"},{"floor":3,"key":"Dexterity Potion"},{"floor":8,"key":"FearPotion"},{"floor":16,"key":"Energy Potion"},{"floor":19,"key":"Block Potion"},{"floor":25,"key":"Dexterity Potion"},{"floor":30,"key":"SkillPotion"},{"floor":40,"key":"AttackPotion"}],"is_trial":false,"path_per_floor":["M","M","M","?","M","E","R","E","T","R","M","R","$","E","R","B",null,"M","M","?","M","?","R","E","M","T","E","R","$","E","M","R","B",null,"M","M","?","$","M","E","M","E"],"character_chosen":"WATCHER","items_purchased":["DollysMirror","OrangePellets","WaveOfTheHand"],"campfire_rested":4,"item_purchase_floors":[13,29,38],"current_hp_per_floor":[59,53,53,30,27,5,25,23,23,23,11,31,31,35,35,35,70,70,57,57,31,36,60,47,50,50,50,74,74,71,76,76,49,74,79,82,75,75,72,56,16,0,0],"gold":132,"neow_bonus":"BOSS_RELIC","is_daily":false,"chose_seed":false,"campfire_upgraded":2,"win_rate":0.0,"timestamp":1608157306,"path_taken":["M","?","M","?","M","E","R","E","T","R","M","R","$","E","R","BOSS","M","M","?","M","?","R","E","M","T","E","R","$","E","M","R","BOSS","M","M","?","?","M","E","M","E"],"items_purchased_type":["Relic","Relic","Card"],"build_version":"2020-12-13","purchased_purges":3,"victory":false,"max_hp_per_floor":[68,68,68,68,68,68,68,68,68,68,68,68,68,82,82,82,82,82,82,82,82,82,82,82,82,82,82,82,82,82,82,82,82,82,82,82,82,82,82,82,82,82,82],"relic_stats":{"OrangePellets":[0],"Nunchaku":[17],"counters":[25,111],"Bloody Idol":68,"StoneCalendar":[52],"Bag of Preparation":[22],"Orichalcum":[168],"Boot":[12],"obtain_stats":[{"Golden Idol":4,"SacredBark":34,"Velvet Choker":0,"Mango":14,"StoneCalendar":37,"Bag of Preparation":26,"Orichalcum":6,"Ancient Tea Set":27,"Boot":30,"Mercury Hourglass":9,"OrangePellets":29,"Nunchaku":8,"Anchor":40,"DollysMirror":13,"Bloody Idol":20,"PureWater":0,"StrikeDummy":24,"Runic Pyramid":17},{"Golden Idol":3,"SacredBark":18,"Velvet Choker":0,"Mango":8,"StoneCalendar":21,"Bag of Preparation":14,"Orichalcum":5,"Ancient Tea Set":15,"Boot":16,"Mercury Hourglass":6,"OrangePellets":15,"Nunchaku":6,"Anchor":23,"DollysMirror":7,"Bloody Idol":11,"PureWater":0,"StrikeDummy":13,"Runic Pyramid":9},{"Golden Idol":10,"SacredBark":74,"Velvet Choker":0,"Mango":30,"StoneCalendar":87,"Bag of Preparation":56,"Orichalcum":20,"Ancient Tea Set":61,"Boot":64,"Mercury Hourglass":23,"OrangePellets":61,"Nunchaku":23,"Anchor":99,"DollysMirror":27,"Bloody Idol":44,"PureWater":0,"StrikeDummy":53,"Runic Pyramid":37}],"Mercury Hourglass":[361]},"card_choices":[{"not_picked":["FlurryOfBlows","EmptyBody"],"picked":"WindmillStrike","floor":1},{"not_picked":["Vengeance","Collect"],"picked":"WheelKick","floor":2},{"not_picked":["Vengeance","Crescendo"],"picked":"FearNoEvil","floor":3},{"not_picked":["FlurryOfBlows","Prostrate"],"picked":"LessonLearned","floor":5},{"not_picked":["Halt","Protect"],"picked":"LessonLearned","floor":6},{"not_picked":["Prostrate","Crescendo"],"picked":"Scrawl","floor":8},{"not_picked":["JustLucky","WheelKick","ThirdEye"],"picked":"SKIP","floor":11},{"not_picked":["JustLucky","Sanctity","BowlingBash"],"picked":"SKIP","floor":14},{"not_picked":["Scrawl","DevaForm"],"picked":"Vault","floor":16},{"not_picked":["EmptyBody","JustLucky","SignatureMove"],"picked":"SKIP","floor":18},{"not_picked":["WreathOfFlame","Protect","JustLucky+1"],"picked":"SKIP","floor":19},{"not_picked":["ThirdEye","FlyingSleeves","CrushJoints+1"],"picked":"SKIP","floor":21},{"not_picked":["Protect","ReachHeaven"],"picked":"LikeWater","floor":24},{"not_picked":["Fasting2","JustLucky","SandsOfTime"],"picked":"SKIP","floor":25},{"not_picked":["ClearTheMind","BattleHymn","SashWhip+1"],"picked":"SKIP","floor":27},{"not_picked":["Alpha","Sanctity"],"picked":"CutThroughFate","floor":30},{"not_picked":["JustLucky","EmptyBody","Study"],"picked":"SKIP","floor":31},{"not_picked":["DevaForm","Establishment"],"picked":"Scrawl","floor":33},{"not_picked":["Conclude","CutThroughFate","JustLucky"],"picked":"SKIP","floor":35},{"not_picked":["Crescendo+1","FlurryOfBlows"],"picked":"Meditate+1","floor":36},{"not_picked":["Protect","Crescendo","DeceiveReality"],"picked":"SKIP","floor":39},{"not_picked":["EmptyMind","EmptyBody"],"picked":"Halt+1","floor":40},{"not_picked":["FlyingSleeves","FollowUp"],"picked":"MentalFortress","floor":41}],"player_experience":1029384,"relics_obtained":[{"floor":6,"key":"Orichalcum"},{"floor":8,"key":"Nunchaku"},{"floor":9,"key":"Mercury Hourglass"},{"floor":14,"key":"Mango"},{"floor":24,"key":"StrikeDummy"},{"floor":26,"key":"Bag of Preparation"},{"floor":27,"key":"Ancient Tea Set"},{"floor":30,"key":"Boot"},{"floor":37,"key":"StoneCalendar"},{"floor":40,"key":"Anchor"}],"event_choices":[{"damage_healed":0,"gold_gain":0,"player_choice":"Take Damage","damage_taken":23,"relics_obtained":["Golden Idol"],"max_hp_gain":0,"max_hp_loss":0,"event_name":"Golden Idol","floor":4,"gold_loss":0},{"damage_healed":0,"gold_gain":0,"player_choice":"Gave Idol","damage_taken":0,"relics_obtained":["Bloody Idol"],"max_hp_gain":0,"max_hp_loss":0,"event_name":"Forgotten Altar","floor":20,"relics_lost":["Golden Idol"],"gold_loss":0},{"damage_healed":0,"gold_gain":50,"player_choice":"Pray","damage_taken":0,"max_hp_gain":0,"max_hp_loss":0,"event_name":"Golden Shrine","floor":22,"gold_loss":0},{"damage_healed":0,"gold_gain":0,"player_choice":"Fight","damage_taken":0,"max_hp_gain":0,"max_hp_loss":0,"event_name":"Mysterious Sphere","floor":37,"gold_loss":0}],"is_beta":false,"boss_relics":[{"not_picked":["Astrolabe","Sozu"],"picked":"Runic Pyramid"},{"not_picked":["Runic Dome","SlaversCollar"],"picked":"SacredBark"}],"items_purged_floors":[13,29,38],"is_endless":false,"potions_floor_spawned":[2,3,6,8,16,19,25,30,33,35,37,40],"killed_by":"Reptomancer","ascension_level":19}}