{"host":"jm9833yuloeli2yd","time":1608093133,"event":{"mods":["AchievementEnabler","BaseMod","Better Altar","Better Match","Better Note","Better Sensory Stone","Better Skull","Better Vampires","Colored Map","Colored Powertips","DeckTracker","Minty Spire (QoL Compilation)","Permanent Neow","Quick Restart","Replay The Spire","StSLib","SuperFastMode"],"gold_per_floor":[131,161,187,210,7,35,35,68,68,68,68,82,95,127,127,200,200,210,225,225,63,78,93,112,112,136,136,147,163,174,174,174,174,174],"floor_reached":33,"playtime":1054,"items_purged":["Strike_B"],"score":546,"play_id":"ccf95167-7358-4e7a-8104-d9d690fa97eb","local_time":"20201215233213","is_ascension_mode":true,"campfire_choices":[{"data":"Rip and Tear","floor":7,"key":"SMITH"},{"data":"ReplayGash","floor":10,"key":"SMITH"},{"data":"Zap","floor":15,"key":"SMITH"},{"floor":25,"key":"REST"},{"data":"Defragment","floor":27,"key":"SMITH"},{"data":"Hologram","floor":32,"key":"SMITH"}],"circlet_count":0,"master_deck":["AscendersBane","Strike_B","Strike_B","Defend_B","Defend_B","Defend_B","Defend_B","Zap+1","Dualcast","Cold Snap","Rip and Tear+1","Beam Cell","Cold Snap","Hologram+1","ReplayGash+1","Ball Lightning","FTL","Self Repair","Core Surge","Defragment+1","Gash","Go for the Eyes","Pain","BasicCrystalCard+1","Coolheaded","Capacitor+1"],"relics":["Cracked Core","MawBank","Lee\u0027s Waffle","Garlic","Toy Ornithopter","Letter Opener","Eternal Feather","Cursed Key","Bag of Preparation"],"acts_visited":["Exordium","TheCity"],"potions_floor_usage":[4,6,8,16,16,22,28,33],"damage_taken":[{"damage":1,"enemies":"Cultist","floor":1,"turns":3},{"damage":0,"enemies":"Jaw Worm","floor":2,"turns":4},{"damage":6,"enemies":"2 Louse","floor":3,"turns":2},{"damage":39,"enemies":"Exordium Thugs","floor":4,"turns":4},{"damage":2,"enemies":"Gremlin Nob","floor":6,"turns":3},{"damage":14,"enemies":"Lagavulin","floor":8,"turns":7},{"damage":8,"enemies":"3 Louse","floor":12,"turns":3},{"damage":0,"enemies":"2 Fungi Beasts","floor":13,"turns":3},{"damage":9,"enemies":"3 Sentries","floor":14,"turns":8},{"damage":24,"enemies":"Slime Boss","floor":16,"turns":5},{"damage":15,"enemies":"Shell Parasite","floor":18,"turns":4},{"damage":6,"enemies":"3 Byrds","floor":19,"turns":6},{"damage":19,"enemies":"Shelled Parasite and Fungi","floor":22,"turns":5},{"damage":41,"enemies":"Snake Plant","floor":23,"turns":6},{"damage":16,"enemies":"Cultist and Chosen","floor":24,"turns":6},{"damage":24,"enemies":"3 Cultists","floor":28,"turns":5},{"damage":15,"enemies":"Snake Plant","floor":29,"turns":4},{"damage":17,"enemies":"Centurion and Healer","floor":30,"turns":9},{"damage":68,"enemies":"Collector","floor":33,"turns":7}],"seed_played":"-4416425854409532806","potions_obtained":[{"floor":1,"key":"AttackPotion"},{"floor":3,"key":"LifebloodPotion"},{"floor":4,"key":"SteroidPotion"},{"floor":8,"key":"SteroidPotion"},{"floor":12,"key":"Fire Potion"},{"floor":16,"key":"SkillPotion"},{"floor":22,"key":"PotionOfCapacity"},{"floor":28,"key":"Dexterity Potion"},{"floor":29,"key":"FearPotion"}],"is_trial":false,"path_per_floor":["M","M","M","M","$","E","R","E","T","R","?","M","M","E","R","B",null,"M","M","?","$","M","M","M","R","T","R","M","M","M","?","R","B"],"character_chosen":"DEFECT","items_purchased":["Lee\u0027s Waffle","Beam Cell","Defragment"],"campfire_rested":1,"item_purchase_floors":[5,5,21],"current_hp_per_floor":[63,63,57,18,78,76,76,62,62,62,55,47,47,38,50,43,69,61,62,67,67,60,26,17,52,52,64,52,44,34,34,49,0,0],"gold":174,"neow_bonus":"RANDOM_COMMON_RELIC","is_daily":false,"chose_seed":false,"campfire_upgraded":5,"win_rate":0.0,"timestamp":1608093133,"path_taken":["M","M","M","?","$","E","R","E","T","R","?","M","M","E","R","BOSS","M","M","?","$","?","M","M","R","T","R","M","M","M","?","R","BOSS"],"items_purchased_type":["Relic","Card","Card"],"build_version":"2020-12-13","purchased_purges":1,"victory":false,"max_hp_per_floor":[71,71,71,71,78,78,78,78,78,78,78,78,78,78,78,78,78,78,78,78,78,78,78,78,78,78,78,78,78,78,78,78,78,78],"card_choices":[{"not_picked":["ReplayGash","Streamline"],"picked":"Cold Snap","floor":1},{"not_picked":["ReplayTheSpireMod:GoodbyeWorld","Panic Button"],"picked":"Rip and Tear","floor":2},{"not_picked":["Panic Button","Coolheaded"],"picked":"Beam Cell","floor":3},{"not_picked":["Lockon","Fusion"],"picked":"Cold Snap","floor":4},{"not_picked":["Redo","Machine Learning"],"picked":"Hologram","floor":6},{"not_picked":["Chill","Fusion"],"picked":"ReplayGash","floor":8},{"not_picked":["Compile Driver","ReplaySort"],"picked":"Ball Lightning","floor":12},{"not_picked":["Conserve Battery","Streamline"],"picked":"FTL","floor":13},{"not_picked":["Force Field","FIFO Queue"],"picked":"Self Repair","floor":14},{"not_picked":["Fission","Biased Cognition"],"picked":"Core Surge","floor":16},{"not_picked":["Steam Power","Lockon","Reprogram"],"picked":"SKIP","floor":18},{"not_picked":["Aggregate","Conserve Battery","Go for the Eyes"],"picked":"SKIP","floor":19},{"not_picked":["Redo","Skim"],"picked":"Gash","floor":22},{"not_picked":["Cold Snap","Beam Cell","Barrage"],"picked":"SKIP","floor":23},{"not_picked":["Force Field","ReplayTheSpireMod:Omega Cannon"],"picked":"Go for the Eyes","floor":24},{"not_picked":["Leap","Crystallizer"],"picked":"BasicCrystalCard+1","floor":28},{"not_picked":["Reprogram+1","Auto Shields"],"picked":"Coolheaded","floor":29},{"not_picked":["Rip and Tear","Chill"],"picked":"Capacitor","floor":30}],"player_experience":1100748,"relics_obtained":[{"floor":6,"key":"Garlic"},{"floor":8,"key":"Toy Ornithopter"},{"floor":9,"key":"Letter Opener"},{"floor":14,"key":"Eternal Feather"},{"floor":26,"key":"Bag of Preparation"}],"event_choices":[{"cards_removed":["Strike_B"],"damage_healed":0,"gold_gain":0,"player_choice":"Card Removal","damage_taken":7,"max_hp_gain":0,"max_hp_loss":0,"event_name":"Golden Wing","floor":11,"gold_loss":0},{"cards_removed":["Beam Cell"],"damage_healed":5,"gold_gain":0,"player_choice":"Offered Common","damage_taken":0,"max_hp_gain":0,"max_hp_loss":0,"event_name":"Bonfire Elementals","floor":20,"gold_loss":0},{"cards_removed":["Beam Cell"],"damage_healed":5,"gold_gain":0,"player_choice":"Offered Special","damage_taken":0,"max_hp_gain":0,"max_hp_loss":0,"event_name":"Bonfire Elementals","floor":20,"gold_loss":0},{"damage_healed":0,"gold_gain":0,"player_choice":"Upgraded","damage_taken":0,"max_hp_gain":0,"max_hp_loss":0,"event_name":"Upgrade Shrine","floor":31,"gold_loss":0,"cards_upgraded":["Capacitor"]}],"is_beta":false,"boss_relics":[{"not_picked":["Runic Dome","Snecko Eye"],"picked":"Cursed Key"}],"items_purged_floors":[21],"is_endless":false,"potions_floor_spawned":[1,3,4,8,12,16,22,28,29],"killed_by":"Collector","ascension_level":20}}