{"host":"yhemb00fn7g5zwp1","time":1608130327,"event":{"mods":["AchievementEnabler","Act Like it!","BaseMod","CapriCore","Gensokyo","Hallownest","Highlight Path","KinomotoSakuraMod(Ä¾Ö®±¾Ó£)","Koishi","KomeijiMod","Marisa£¨ìFÓê¡¡Ä§ÀíÉ³£©","Minty Spire (QoL Compilation)","MostiFishMod","Pale of the Ancients","Prisma Mod","Reimu£¨²©ÀöÁéÃÎ£©","Remilia£¨ÀÙÃ×ÀòÑÇ£©","StSLib","Td1madao Mod","The Factory","The Hayseed","The Servant 0.9.4","Youmu£¨»êÆÇÑýÃÎ£©","Yuyuko","¡¾¶«·½¶þ´Î´´×÷¡¿°ËÔÆ×Ïmod","¡¾ÒÅÎï¿¨ÅÆ¡¿REMEMod"],"gold_per_floor":[111,111,111,129,54,81,81,92,116,116,116,148,166,184,184,184,184],"floor_reached":16,"playtime":812,"items_purged":["Pain"],"score":200,"play_id":"d84b7fe8-1a73-4119-9c80-dbd9e2f6cd00","local_time":"20201216225207","is_ascension_mode":true,"campfire_choices":[{"data":"True Grit","floor":7,"key":"SMITH"},{"data":"REME_FearOfPain","floor":15,"key":"SMITH"}],"circlet_count":0,"master_deck":["AscendersBane","Strike_R","Strike_R","Strike_R","Defend_R","Defend_R","Defend_R","Bash","MostiFishMod:UltimateDefense+1","PrismaMod:MiyuUberDefend","Ghostly Armor","True Grit+1","Burning Pact+1","Wild Strike","Power Through","REME_FearOfPain+1","Intimidate"],"relics":["Burning Blood","REME_ComplimentaryCards","DaveBox","DianPoetry","Question Card","Gensokyo:LunaticRedEyes","Orichalcum","War Paint","Du-Vu Doll","Matryoshka"],"acts_visited":["Exordium"],"potions_floor_usage":[16],"damage_taken":[{"damage":6,"enemies":"Gensokyo:Python","floor":1,"turns":3},{"damage":3,"enemies":"Gensokyo:2_Kodama","floor":4,"turns":4},{"damage":3,"enemies":"Gensokyo:Mamizou","floor":6,"turns":9},{"damage":0,"enemies":"Gensokyo:Gryphon","floor":8,"turns":3},{"damage":9,"enemies":"Gensokyo:Aya","floor":12,"turns":7},{"damage":12,"enemies":"Gensokyo:Kitsune","floor":13,"turns":3},{"damage":0,"enemies":"Gensokyo:LivingMonolith","floor":14,"turns":4},{"damage":39,"enemies":"Gensokyo:Yukari","floor":16,"turns":12}],"seed_played":"-6597451320987685778","potions_obtained":[{"floor":4,"key":"SpeedPotion"},{"floor":6,"key":"Strength Potion"},{"floor":14,"key":"Swift Potion"}],"is_trial":false,"path_per_floor":["M","?","?","M","$","E","R","M","T","T","?","E","M","M","R","B"],"character_chosen":"IRONCLAD","items_purchased":[],"campfire_rested":0,"item_purchase_floors":[],"current_hp_per_floor":[68,68,75,78,78,81,81,82,82,82,42,39,33,39,39,0,0],"gold":184,"neow_bonus":"ONE_RANDOM_RARE_CARD","is_daily":false,"chose_seed":false,"campfire_upgraded":2,"win_rate":0.0,"timestamp":1608130327,"path_taken":["M","?","?","M","$","E","R","?","T","?","?","E","M","M","R","BOSS"],"items_purchased_type":[],"build_version":"2020-12-13","purchased_purges":1,"victory":false,"max_hp_per_floor":[75,75,82,82,82,82,82,82,82,82,82,82,82,82,82,82,82],"card_choices":[{"not_picked":["Warcry","Burning Pact"],"picked":"Ghostly Armor","floor":1},{"not_picked":["Flex","Sword Boomerang","Feel No Pain"],"picked":"True Grit","floor":4},{"not_picked":["Pummel","Perfected Strike","True Grit"],"picked":"Burning Pact","floor":6},{"not_picked":["Disarm","Headbutt","Warcry"],"picked":"Wild Strike","floor":8},{"not_picked":["Perfected Strike","MostiFishMod:BrandingRite","True Grit"],"picked":"Power Through","floor":12},{"not_picked":["Clash","Spot Weakness","Wild Strike"],"picked":"REME_FearOfPain","floor":13},{"not_picked":["Flex","Bludgeon","Wild Strike"],"picked":"Intimidate","floor":14}],"player_experience":420602,"relics_obtained":[{"floor":1,"key":"Question Card"},{"floor":6,"key":"Orichalcum"},{"floor":9,"key":"War Paint"},{"floor":10,"key":"Du-Vu Doll"},{"floor":12,"key":"Matryoshka"}],"event_choices":[],"is_beta":false,"boss_relics":[],"items_purged_floors":[5],"is_endless":false,"potions_floor_spawned":[4,6,12,14],"killed_by":"Gensokyo:Yukari","ascension_level":20}}