{"host":"fdq5pmhluajjrf8d","time":1608081380,"event":{"mods":["BaseMod","Minty Spire (QoL Compilation)"],"gold_per_floor":[114,130,130,141,151,186,186,221,246,246,260,277,309,309,309,381,381,396,409,120,138,188,208,208,208,208,208,208],"floor_reached":27,"playtime":1398,"items_purged":[],"score":458,"play_id":"ff8f18ec-18ce-4ee9-a757-04ac2fae4b2e","local_time":"20201215201620","is_ascension_mode":true,"campfire_choices":[{"floor":7.0,"key":"REST"},{"data":"White Noise","floor":10.0,"key":"SMITH"},{"floor":15.0,"key":"REST"},{"floor":24,"key":"REST"}],"circlet_count":0,"master_deck":["AscendersBane","Strike_B","Strike_B","Strike_B","Strike_B","Defend_B","Defend_B","Defend_B","Defend_B","Zap","Dualcast","Blizzard","White Noise+1","Ball Lightning","Beam Cell","White Noise+1","Coolheaded","Chill","Amplify","Seek","Cold Snap+1","Blizzard","Defragment","Coolheaded","Decay"],"relics":["Cracked Core","Ancient Tea Set","DataDisk","Bronze Scales","Happy Flower","Sozu","OrangePellets","Eternal Feather"],"acts_visited":["Exordium","TheCity"],"potions_floor_usage":[21],"damage_taken":[{"damage":2.0,"enemies":"2 Louse","floor":1.0,"turns":3.0},{"damage":7.0,"enemies":"Small Slimes","floor":2.0,"turns":3.0},{"damage":0.0,"enemies":"Cultist","floor":4.0,"turns":3.0},{"damage":0.0,"enemies":"Blue Slaver","floor":5.0,"turns":3.0},{"damage":25.0,"enemies":"Lagavulin","floor":6.0,"turns":5.0},{"damage":11.0,"enemies":"Gremlin Nob","floor":8.0,"turns":4.0},{"damage":0.0,"enemies":"3 Louse","floor":11.0,"turns":2.0},{"damage":0.0,"enemies":"Large Slime","floor":12.0,"turns":4.0},{"damage":16.0,"enemies":"Lagavulin","floor":13.0,"turns":8.0},{"damage":39.0,"enemies":"The Guardian","floor":16.0,"turns":8.0},{"damage":48.0,"enemies":"Chosen","floor":18.0,"turns":5.0},{"damage":7.0,"enemies":"3 Byrds","floor":19.0,"turns":4.0},{"damage":4,"enemies":"Centurion and Healer","floor":21,"turns":9},{"damage":0,"enemies":"Snake Plant","floor":23,"turns":5},{"damage":27,"enemies":"Shelled Parasite and Fungi","floor":27,"turns":2}],"seed_played":"-3081741072487890941","potions_obtained":[{"floor":4.0,"key":"SteroidPotion"},{"floor":5.0,"key":"LiquidBronze"},{"floor":8.0,"key":"SteroidPotion"},{"floor":13.0,"key":"SpeedPotion"},{"floor":16.0,"key":"SteroidPotion"}],"is_trial":false,"path_per_floor":["M","M","?","M","M","E","R","E","T","R","M","M","E","?","R","B",null,"M","M","$","M","?","M","R","?","T","M"],"character_chosen":"DEFECT","items_purchased":["OrangePellets","Defragment","Coolheaded"],"campfire_rested":3,"item_purchase_floors":[20,20,20],"current_hp_per_floor":[69,62,62,62,62,37,60,49,49,49,49,49,33,33,56,17,63,15,8,8,4,4,4,27,27,27,0,0],"gold":208,"neow_bonus":"TEN_PERCENT_HP_BONUS","is_daily":false,"chose_seed":false,"campfire_upgraded":1,"win_rate":0.0,"timestamp":1608081380,"path_taken":["M","M","?","M","M","E","R","E","T","R","M","M","E","?","R","BOSS","M","M","$","M","?","?","R","?","T","M"],"items_purchased_type":["Relic","Card","Card"],"build_version":"2020-12-13","purchased_purges":0,"victory":false,"max_hp_per_floor":[78,78,78,78,78,78,78,78,78,78,78,78,78,78,78,78,78,78,78,78,78,78,78,78,78,78,78,78],"card_choices":[{"not_picked":["Hologram","Go for the Eyes"],"picked":"Blizzard","floor":1.0},{"not_picked":["Sweeping Beam","Skim"],"picked":"White Noise","floor":2.0},{"not_picked":["Skim","BootSequence"],"picked":"Ball Lightning","floor":4.0},{"not_picked":["Double Energy","BootSequence"],"picked":"Beam Cell","floor":5.0},{"not_picked":["Stack","Redo"],"picked":"White Noise","floor":6.0},{"not_picked":["Steam","Stack","Hologram"],"picked":"SKIP","floor":8.0},{"not_picked":["Storm","Darkness"],"picked":"Coolheaded","floor":11.0},{"not_picked":["Loop","Leap"],"picked":"Chill","floor":12.0},{"not_picked":["Go for the Eyes","Rebound"],"picked":"Amplify","floor":13.0},{"not_picked":["Amplify","Meteor Strike"],"picked":"Seek","floor":16.0},{"not_picked":["Conserve Battery","Chill"],"picked":"Cold Snap+1","floor":18.0},{"not_picked":["Steam","Reprogram"],"picked":"Blizzard","floor":19.0},{"not_picked":["Heatsinks","Ball Lightning","Streamline"],"picked":"SKIP","floor":21},{"not_picked":["Steam Power","Beam Cell+1","FTL"],"picked":"SKIP","floor":23}],"player_experience":1865473,"relics_obtained":[{"floor":6.0,"key":"Ancient Tea Set"},{"floor":8.0,"key":"DataDisk"},{"floor":9.0,"key":"Bronze Scales"},{"floor":13.0,"key":"Happy Flower"},{"floor":26,"key":"Eternal Feather"}],"event_choices":[{"damage_healed":0.0,"max_hp_gain":0.0,"max_hp_loss":0.0,"gold_gain":0.0,"event_name":"Living Wall","player_choice":"Grow","floor":3.0,"gold_loss":0.0,"damage_taken":0.0,"cards_upgraded":["White Noise"]},{"damage_healed":0.0,"max_hp_gain":0.0,"max_hp_loss":0.0,"gold_gain":0.0,"event_name":"Shining Light","player_choice":"Ignored","floor":14.0,"gold_loss":0.0,"damage_taken":0.0},{"damage_healed":0,"gold_gain":100,"player_choice":"Bet on Murderer","damage_taken":0,"max_hp_gain":0,"max_hp_loss":0,"event_name":"The Joust","floor":22,"gold_loss":50},{"damage_healed":0,"gold_gain":0,"player_choice":"Smashed Altar","damage_taken":0,"max_hp_gain":0,"max_hp_loss":0,"event_name":"Forgotten Altar","floor":25,"gold_loss":0,"cards_obtained":["Decay"]}],"is_beta":false,"boss_relics":[{"not_picked":["Fusion Hammer","Cursed Key"],"picked":"Sozu"}],"items_purged_floors":[],"is_endless":false,"potions_floor_spawned":[4,5,8,11,13,16,21,23],"killed_by":"Shelled Parasite and Fungi","ascension_level":19}}