{"host":"6xsbn6ynqlzwllfm","time":1608111939,"event":{"mods":["2.2 Compatiblity","BaseMod","Bestiary","Colored Map","Colored Powertips","Downfall","Googly Eyes","Highlight Path","Minty Spire (QoL Compilation)","Relic Stats","Slay the Relics Exporter","StSLib"],"gold_per_floor":[117,130,130,143,15,15,48,48,48,123,140,140,140,170,170,266,266,283,208,208,221,146,146,179,191,191,204,204,204],"floor_reached":28,"playtime":1711,"items_purged":["Guardian:FierceBash"],"score":382,"play_id":"52338b57-9505-4cdb-b793-423df8850926","local_time":"20201216044539","is_ascension_mode":true,"campfire_choices":[{"data":"Guardian:ShieldSpikes","floor":6.0,"key":"SMITH"},{"data":"Guardian:WalkerClaw","floor":8.0,"key":"SMITH"},{"data":"Guardian:CompilePackage","floor":15.0,"key":"SMITH"},{"data":"Guardian:Planning","floor":23.0,"key":"SMITH"}],"circlet_count":0,"master_deck":["Guardian:TwinSlam","Guardian:WalkerClaw+1","Guardian:ShieldSpikes+1","Guardian:BronzeOrb","Guardian:Recover","Guardian:FloatingOrbs","Guardian:WalkerClaw","Guardian:CompilePackage+1","Guardian:FierceBash","Guardian:EvasiveProtocol","Guardian:AncientConstruct","Guardian:Gem_Fragmented","Guardian:Planning+1","Guardian:TimeBomb","Guardian:FloatingOrbs","Guardian:Recover+1","Guardian:Incinerate+1","Guardian:VentSteam"],"relics":["Velvet Choker","Kunai","Bottled Flame","Pear","Guardian:PickAxe","Strawberry","Pandora\u0027s Box","Nilry\u0027s Codex","Nunchaku","Bag of Marbles"],"acts_visited":["TheCity"],"potions_floor_usage":[28],"damage_taken":[{"damage":2.0,"enemies":"Jaw Worm","floor":1.0,"turns":4.0},{"damage":0.0,"enemies":"Cultist","floor":2.0,"turns":3.0},{"damage":2.0,"enemies":"Small Slimes","floor":4.0,"turns":4.0},{"damage":24.0,"enemies":"Lagavulin","floor":7.0,"turns":11.0},{"damage":1.0,"enemies":"2 Fungi Beasts","floor":11.0,"turns":3.0},{"damage":17.0,"enemies":"Gremlin Nob","floor":14.0,"turns":4.0},{"damage":21.0,"enemies":"The Guardian","floor":16.0,"turns":9.0},{"damage":0.0,"enemies":"Spheric Guardian","floor":18.0,"turns":5.0},{"damage":5.0,"enemies":"Shell Parasite","floor":21.0,"turns":4.0},{"damage":34,"enemies":"Gremlin Leader","floor":24,"turns":7},{"damage":12,"enemies":"Snecko","floor":25,"turns":4},{"damage":0,"enemies":"Centurion and Healer","floor":27,"turns":4},{"damage":10,"enemies":"3 Cultists","floor":28,"turns":4}],"seed_played":"7582396858647749912","potions_obtained":[{"floor":1.0,"key":"SmokeBomb"},{"floor":2.0,"key":"Slimebound:ThreeZeroPotion"},{"floor":21.0,"key":"SpeedPotion"},{"floor":24,"key":"SteroidPotion"}],"is_trial":false,"path_per_floor":["M","M","?","M","$","R","E","R","T","?","M","T","?","E","R","B",null,"M","?","?","M","$","R","E","M","T","M","M"],"character_chosen":"GUARDIAN","items_purchased":["Guardian:Recover","Guardian:FloatingOrbs"],"campfire_rested":0,"item_purchase_floors":[5,5],"current_hp_per_floor":[70,70,63,61,61,61,37,37,37,29,28,38,38,28,28,7,75,75,75,59,54,54,54,20,8,8,8,0,0],"gold":204,"neow_bonus":"BOSS_RELIC","is_daily":false,"chose_seed":false,"campfire_upgraded":4,"win_rate":0.0,"timestamp":1608111939,"path_taken":["M","M","?","M","$","R","E","R","T","?","?","?","?","E","R","BOSS","M","?","?","M","$","R","E","M","T","M","M"],"items_purchased_type":["Card","Card"],"build_version":"2020-12-13","purchased_purges":1,"victory":false,"max_hp_per_floor":[80,80,80,80,80,80,80,80,80,80,80,90,90,97,97,97,97,97,97,97,97,97,97,97,97,97,97,97,97],"relic_stats":{"Nunchaku":[2],"counters":[13,66],"Pandora\u0027s Box":["Guardian:FierceBash","Guardian:EvasiveProtocol","Guardian:AncientConstruct","Guardian:Gem_Fragmented","Guardian:Gem_Cyan","Guardian:Planning","Guardian:TimeBomb"],"Kunai":[15],"obtain_stats":[{"Guardian:PickAxe":13,"Bottled Flame":9,"Nunchaku":24,"Pear":12,"Nilry\u0027s Codex":20,"Strawberry":14,"Guardian:ModeShifter":0,"Velvet Choker":0,"Pandora\u0027s Box":17,"Bag of Marbles":26,"Kunai":7},{"Guardian:PickAxe":5,"Bottled Flame":4,"Nunchaku":10,"Pear":5,"Nilry\u0027s Codex":8,"Strawberry":6,"Guardian:ModeShifter":0,"Velvet Choker":0,"Pandora\u0027s Box":7,"Bag of Marbles":11,"Kunai":4},{"Guardian:PickAxe":25,"Bottled Flame":22,"Nunchaku":54,"Pear":25,"Nilry\u0027s Codex":43,"Strawberry":29,"Guardian:ModeShifter":0,"Velvet Choker":0,"Pandora\u0027s Box":38,"Bag of Marbles":58,"Kunai":22}]},"card_choices":[{"not_picked":["Guardian:Reroute","Guardian:Planning"],"picked":"Guardian:WalkerClaw","floor":1.0},{"not_picked":["Guardian:VentSteam","Guardian:SpikerProtocol"],"picked":"Guardian:ShieldSpikes","floor":2.0},{"not_picked":["Guardian:TemporalStrike","Guardian:Gem_Lightblue"],"picked":"Guardian:BronzeOrb","floor":4.0},{"not_picked":["Guardian:Gem_Yellow","Guardian:ChargeCore"],"picked":"Guardian:WalkerClaw","floor":7.0},{"not_picked":["Guardian:VentSteam","Guardian:Gem_Green"],"picked":"Guardian:CompilePackage","floor":11.0},{"not_picked":["Guardian:PrimingBeam","Guardian:Planning"],"picked":"Guardian:Gem_Purple","floor":14.0},{"not_picked":["Guardian:StasisEngine","Guardian:ConstructionForm"],"picked":"Guardian:FierceBash","floor":16.0},{"not_picked":["Guardian:PrimingBeam","Guardian:MultiBeam"],"picked":"Guardian:FloatingOrbs","floor":18.0},{"not_picked":["Guardian:Repulse+1","Guardian:PrismaticBeam+1"],"picked":"Guardian:Recover+1","floor":21.0},{"not_picked":["Guardian:RollAttack","Guardian:ShieldCharger"],"picked":"Guardian:Incinerate+1","floor":24},{"not_picked":["Guardian:Gem_Green","Guardian:Gem_Red"],"picked":"Guardian:VentSteam","floor":25},{"not_picked":["Guardian:Gem_Green","Guardian:Planning","Guardian:ShieldCharger"],"picked":"SKIP","floor":27}],"player_experience":1198147,"relics_obtained":[{"floor":7.0,"key":"Kunai"},{"floor":9.0,"key":"Bottled Flame"},{"floor":12.0,"key":"Pear"},{"floor":14.0,"key":"Strawberry"},{"floor":20.0,"key":"Nilry\u0027s Codex"},{"floor":24,"key":"Nunchaku"},{"floor":26,"key":"Bag of Marbles"}],"event_choices":[{"cards_removed":["Guardian:Strike_Guardian"],"damage_healed":0.0,"max_hp_gain":0.0,"max_hp_loss":0.0,"gold_gain":0.0,"event_name":"Golden Wing","player_choice":"Card Removal","floor":3.0,"gold_loss":0.0,"damage_taken":7.0},{"damage_healed":0.0,"max_hp_gain":0.0,"max_hp_loss":0.0,"gold_gain":75.0,"event_name":"FaceTrader","player_choice":"Touch","floor":10.0,"gold_loss":0.0,"damage_taken":8.0},{"cards_removed":["Guardian:CurlUp"],"damage_healed":0.0,"max_hp_gain":0.0,"max_hp_loss":0.0,"gold_gain":0.0,"event_name":"Beggar","player_choice":"Gave Gold","floor":19.0,"gold_loss":75.0,"damage_taken":0.0},{"damage_healed":0.0,"max_hp_gain":0.0,"max_hp_loss":0.0,"gold_gain":0.0,"event_name":"Cursed Tome","player_choice":"Obtained Book","floor":20.0,"gold_loss":0.0,"damage_taken":16.0}],"is_beta":false,"boss_relics":[{"not_picked":["Busted Crown","Tiny House"],"picked":"Pandora\u0027s Box"}],"items_purged_floors":[22],"is_endless":false,"potions_floor_spawned":[1,2,21,24],"killed_by":"3 Cultists","ascension_level":9}}