{"host":"y30n8hbqlqxhztg8","time":1608158247,"event":{"mods":["A Magickal Journey","AchievementEnabler","BaseMod","BetterRewards","Block Reminder","CatGirl Mod","Colored Map","Conspire","Downfall","GifTheSpireLib","Glutton Mod","Hubris","Infinite Spire","Koishi","Lobotomy","LobotomyExtend","Marisa????????","Minty Spire (QoL Compilation)","Prisma Mod","Replay The Spire","Shop Mod","Somnambulant","StSLib","Stuff the Spire","The Factory","The Forsaken","The Jungle","[IsaacMod]????"],"gold_per_floor":[117,117,117,132,148,148,148,183,183,183,183,183,183,195,211,211,211,307,307,319,319,319],"floor_reached":21,"playtime":628,"items_purged":[],"score":186,"play_id":"2f588b93-88dc-4685-a665-29a3ea343eff","local_time":"20201216143727","is_ascension_mode":true,"campfire_choices":[{"data":"PrismaMod:ChloeRhongomyniad","floor":6,"key":"SMITH"},{"data":"PrismaMod:ChloeExcalibur","floor":10,"key":"SMITH"},{"floor":17,"key":"REST"}],"circlet_count":0,"master_deck":["PrismaMod:ChloeCommonAttack","PrismaMod:ChloeCommonAttack","PrismaMod:ChloeCommonAttack","PrismaMod:ChloeCommonAttack","PrismaMod:ChloeCommonAttack","PrismaMod:ChloeCommonDefend","PrismaMod:ChloeCommonDefend","PrismaMod:ChloeCommonDefend+1","PrismaMod:ChloeCommonDefend+1","PrismaMod:ChloeCommonDefend","PrismaMod:ChloeCheapAttack","PrismaMod:ChloeCheapDefend","PrismaMod:ChloeExcalibur+1","PrismaMod:ChloeRhongomyniad+1","PrismaMod:ChloeCheapAttackTwo","PrismaMod:ChloeCheapAttack","Parasite","Parasite"],"relics":["PrismaMod:PrismaTraceOn","HushsDoor","Smiling Mask","GuppysTail","LetterFromLob","MealTicket","Mercury Hourglass","ShedSkin_r"],"acts_visited":["Exordium","TheCity"],"potions_floor_usage":[18,18],"damage_taken":[{"damage":0,"enemies":"2 Louse","floor":1,"turns":3},{"damage":10,"enemies":"Jaw Worm","floor":4,"turns":4},{"damage":0,"enemies":"conspire:RoseBush","floor":5,"turns":2},{"damage":1,"enemies":"Gremlin Nob","floor":8,"turns":3},{"damage":0,"enemies":"3 Louse","floor":14,"turns":2},{"damage":11,"enemies":"Lots of Slimes","floor":15,"turns":3},{"damage":27,"enemies":"Fading Forest","floor":18,"turns":11},{"damage":9,"enemies":"conspire:FuzzyDice","floor":20,"turns":5}],"seed_played":"6602061471899455264","potions_obtained":[{"floor":14,"key":"DuplicationPotion"},{"floor":15,"key":"Strength Potion"},{"floor":18,"key":"Energy Potion"}],"is_trial":false,"path_per_floor":["M","?","?","M","M","R","?","E","T","R","PTL","PTL","$","M","M","?","R","B",null,"M","?"],"character_chosen":"CHLOE","items_purchased":[],"campfire_rested":1,"item_purchase_floors":[],"current_hp_per_floor":[75,75,80,70,70,70,70,69,69,69,69,69,80,80,69,69,80,53,80,71,0,0],"gold":319,"neow_bonus":"RANDOM_COMMON_RELIC","is_daily":false,"chose_seed":false,"campfire_upgraded":2,"win_rate":0.0,"timestamp":1608158247,"path_taken":["M","?","?","?","M","R","?","E","T","R","PTL","PTL","?","?","M","?","R","BOSS","M","?"],"items_purchased_type":[],"build_version":"2020-12-13","purchased_purges":0,"victory":false,"max_hp_per_floor":[75,75,80,80,80,80,80,80,80,80,80,80,80,80,80,80,80,80,80,80,80,80],"card_choices":[{"not_picked":["Bomb","PrismaMod:ChloeExhaustOne","PrismaMod:ChloeHalloween"],"picked":"SKIP","floor":1},{"not_picked":["PrismaMod:ChloeChristmas","PrismaMod:ChloeExhaustOne"],"picked":"PrismaMod:ChloeExcalibur","floor":4},{"not_picked":["PrismaMod:ChloeMaid","PrismaMod:ChloeCommonAOEAttack"],"picked":"PrismaMod:ChloeRhongomyniad","floor":5},{"not_picked":["PrismaMod:ChloeCommonAOEAttack","PrismaMod:ChloeExhaustOne"],"picked":"PrismaMod:ChloeCheapAttackTwo","floor":8},{"not_picked":["PrismaMod:ChloeChristmas","PrismaMod:ChloeExhaustOne"],"picked":"PrismaMod:ChloeCheapAttack","floor":14},{"not_picked":["PrismaMod:ChloeDemonicTutor","PrismaMod:ChloeExhaustOne","PrismaMod:ChloeDiscardRecovery"],"picked":"SKIP","floor":15},{"not_picked":["PrismaMod:ChloeDiscardRecovery","PrismaMod:ChloeDemonicTutor","PrismaMod:ChloeExhaustOne+1"],"picked":"SKIP","floor":20}],"player_experience":63810,"relics_obtained":[{"floor":1,"key":"LetterFromLob"},{"floor":8,"key":"MealTicket"},{"floor":9,"key":"Mercury Hourglass"}],"event_choices":[{"damage_healed":0,"gold_gain":0,"player_choice":"Ignored","damage_taken":0,"max_hp_gain":0,"max_hp_loss":0,"event_name":"Golden Wing","floor":2,"gold_loss":0},{"damage_healed":0,"gold_gain":0,"player_choice":"Donut","damage_taken":0,"max_hp_gain":5,"max_hp_loss":0,"event_name":"Big Fish","floor":3,"gold_loss":0},{"damage_healed":0,"gold_gain":0,"player_choice":"Leave","damage_taken":0,"max_hp_gain":0,"max_hp_loss":0,"event_name":"FaceTrader","floor":16,"gold_loss":0}],"is_beta":false,"boss_relics":[{"not_picked":["Empty Cage","Cursed Key","StuffTheSpire:ModemDavis"]}],"items_purged_floors":[],"is_endless":false,"potions_floor_spawned":[14,15,18],"ascension_level":1}}