{"host":"kw4o7b3ro2ktmmbe","time":1608151617,"event":{"mods":["BaseMod","Lobotomy","Minty Spire (QoL Compilation)","StSLib","Treasure Hunter"],"gold_per_floor":[124,136,136,236,254,254,254,254,254,108,108,108],"floor_reached":11,"playtime":494,"items_purged":[],"score":61,"play_id":"4661510d-16c4-4f47-b97e-cfc42afcc650","local_time":"20201217094657","is_ascension_mode":false,"campfire_choices":[{"data":"Cleave","floor":6,"key":"SMITH"},{"data":"Bash","floor":8,"key":"SMITH"}],"circlet_count":0,"master_deck":["Strike_R","Strike_R","Strike_R","Strike_R","Strike_R","Defend_R","Defend_R","Defend_R","Defend_R","Bash+1","Cleave+1","CherryBlossoms","VoidDream","MeatLantern","TH:TreasureMap"],"relics":["Burning Blood","CogitoBucket","Red Skull","Matryoshka","Bronze Scales"],"acts_visited":["Exordium"],"potions_floor_usage":[],"damage_taken":[{"damage":0,"enemies":"Small Slimes","floor":1,"turns":3},{"damage":10,"enemies":"Cultist","floor":2,"turns":4},{"damage":6,"enemies":"Jaw Worm","floor":5,"turns":4},{"damage":52,"enemies":"3 Sentries","floor":11,"turns":3}],"seed_played":"-8710434079990793024","potions_obtained":[{"floor":5,"key":"ElixirPotion"}],"is_trial":false,"path_per_floor":["M","M","$","?","M","R","?","R","T","$","E"],"character_chosen":"IRONCLAD","items_purchased":["Bronze Scales"],"campfire_rested":0,"item_purchase_floors":[10],"current_hp_per_floor":[80,76,76,76,76,76,51,51,51,51,0,0],"gold":108,"neow_bonus":"","is_daily":false,"chose_seed":false,"campfire_upgraded":2,"win_rate":0.0,"timestamp":1608151617,"path_taken":["M","M","$","?","?","R","?","R","T","$","E"],"items_purchased_type":["Relic"],"build_version":"2020-12-13","purchased_purges":0,"victory":false,"max_hp_per_floor":[80,80,80,80,80,80,80,80,80,80,80,80],"card_choices":[{"not_picked":["Heavy Blade","Blood for Blood"],"picked":"Cleave","floor":1},{"not_picked":["PunishingBird","Mercenary"],"picked":"CherryBlossoms","floor":1},{"not_picked":["SingingMachine","SnowQueen"],"picked":"VoidDream","floor":2},{"not_picked":["Perfected Strike","Clash","Second Wind"],"picked":"SKIP","floor":2},{"not_picked":["OldLady","Murderer"],"picked":"MeatLantern","floor":5},{"not_picked":["Hemokinesis","Sentinel","True Grit"],"picked":"SKIP","floor":5},{"not_picked":["TH:Mimic"],"picked":"TH:TreasureMap","floor":9}],"player_experience":1729991,"relics_obtained":[{"floor":9,"key":"Matryoshka"}],"event_choices":[{"damage_healed":0,"gold_gain":100,"player_choice":"Pray","damage_taken":0,"max_hp_gain":0,"max_hp_loss":0,"event_name":"Golden Shrine","floor":4,"gold_loss":0},{"damage_healed":0,"gold_gain":0,"player_choice":"Success","damage_taken":25,"relics_obtained":["Red Skull"],"max_hp_gain":0,"max_hp_loss":0,"event_name":"Scrap Ooze","floor":7,"gold_loss":0}],"is_beta":false,"boss_relics":[],"items_purged_floors":[],"is_endless":false,"potions_floor_spawned":[5],"killed_by":"3 Sentries","ascension_level":0}}