{"host":"6xsbn6ynqlzwllfm","time":1608158611,"event":{"mods":["2.2 Compatiblity","BaseMod","Bestiary","Colored Map","Colored Powertips","Curses Come First","Downfall","Highlight Path","Keyboard Shortcuts","Minty Spire (QoL Compilation)","Quick Restart","Relic Stats","Slay the Relics Exporter","StSLib","SuperFastMode"],"gold_per_floor":[114,126,126,141,11,11,43,43,121,146,48,48,79,94,94,165,165,183,199,12,22,22,22,72,102,102,102,115,115,115],"floor_reached":29,"playtime":1227,"items_purged":["Strike_B","Strike_B"],"score":483,"play_id":"ae9f251c-5a8c-497b-8762-1ff3e6f89da1","local_time":"20201216174331","is_ascension_mode":true,"campfire_choices":[{"data":"Zap","floor":6.0,"key":"SMITH"},{"data":"Dualcast","floor":8.0,"key":"SMITH"},{"floor":12,"key":"REST"},{"data":"Coolheaded","floor":15,"key":"SMITH"},{"floor":23,"key":"REST"},{"floor":27,"key":"REST"}],"circlet_count":0,"master_deck":["AscendersBane","Strike_B","Strike_B","Defend_B","Defend_B","Defend_B","Defend_B","Zap+1","Dualcast+1","Defragment+1","Steam","Leap","Genetic Algorithm","Self Repair","Glacier","Cold Snap","Melter","Coolheaded+1","Leap","Machine Learning","CurseOfTheBell","Fusion+1","Compile Driver","Heatsinks","Chaos+1","Glacier+1","Coolheaded","Tempest","Skim"],"relics":["Cracked Core","Bronze Scales","Toy Ornithopter","Bottled Tornado","Prayer Wheel","Art of War","Calling Bell","Ancient Tea Set","Matryoshka","Gambling Chip","Pen Nib","Cables","FossilizedHelix"],"acts_visited":["Exordium","TheCity"],"potions_floor_usage":[10,13,16,16],"damage_taken":[{"damage":9.0,"enemies":"Small Slimes","floor":1.0,"turns":3.0},{"damage":1.0,"enemies":"Cultist","floor":2.0,"turns":3.0},{"damage":14.0,"enemies":"2 Louse","floor":4.0,"turns":2.0},{"damage":13.0,"enemies":"Gremlin Nob","floor":7.0,"turns":4.0},{"damage":11,"enemies":"3 Sentries","floor":10,"turns":7},{"damage":9,"enemies":"Gremlin Nob","floor":13,"turns":5},{"damage":2,"enemies":"Large Slime","floor":14,"turns":6},{"damage":40,"enemies":"Slime Boss","floor":16,"turns":14},{"damage":2,"enemies":"Spheric Guardian","floor":18,"turns":3},{"damage":2,"enemies":"Chosen","floor":19,"turns":5},{"damage":29,"enemies":"Snake Plant","floor":21,"turns":5},{"damage":38,"enemies":"Slavers","floor":25,"turns":11},{"damage":8,"enemies":"Centurion and Healer","floor":28,"turns":13},{"damage":56,"enemies":"Gremlin Leader","floor":29,"turns":9}],"seed_played":"1215595209889242013","potions_obtained":[{"floor":1.0,"key":"Weak Potion"},{"floor":2.0,"key":"SneckoOil"},{"floor":13,"key":"Explosive Potion"},{"floor":14,"key":"Fire Potion"},{"floor":16,"key":"FocusPotion"},{"floor":19,"key":"BlessingOfTheForge"}],"is_trial":false,"path_per_floor":["M","M","?","M","$","R","E","R","T","E","$","R","E","M","R","B",null,"M","M","$","M","?","R","?","E","T","R","M","E"],"character_chosen":"DEFECT","items_purchased":["Leap","Glacier","Cold Snap","Heatsinks"],"campfire_rested":3,"item_purchase_floors":[5,11,11,20],"current_hp_per_floor":[55,54,54,40,40,40,27,27,27,21,21,42,45,50,50,27,60,58,56,56,34,34,55,55,24,24,45,44,0,0],"gold":115,"neow_bonus":"RANDOM_COMMON_RELIC","is_daily":false,"chose_seed":false,"campfire_upgraded":3,"win_rate":0.0,"timestamp":1608158611,"path_taken":["M","M","?","M","$","R","E","R","T","E","$","R","E","M","R","BOSS","M","M","?","M","?","R","?","E","T","R","?","E"],"items_purchased_type":["Card","Card","Card","Card"],"build_version":"2020-12-13","purchased_purges":2,"victory":false,"max_hp_per_floor":[71,71,71,71,71,71,71,71,71,71,71,71,71,71,71,71,71,71,71,71,71,71,71,71,71,71,71,71,71,71],"relic_stats":{"counters":[14,90],"Bronze Scales":[239],"Gambling Chip":[12],"Prayer Wheel":5,"Pen Nib":[2],"Art of War":[21],"obtain_stats":[{"Pen Nib":25,"Bottled Tornado":9,"Ancient Tea Set":17,"Cables":26,"Calling Bell":17,"Matryoshka":17,"Bronze Scales":0,"Gambling Chip":17,"Prayer Wheel":10,"Art of War":13,"Cracked Core":0,"Toy Ornithopter":7,"FossilizedHelix":26},{"Pen Nib":12,"Bottled Tornado":4,"Ancient Tea Set":8,"Cables":12,"Calling Bell":8,"Matryoshka":8,"Bronze Scales":0,"Gambling Chip":8,"Prayer Wheel":5,"Art of War":6,"Cracked Core":0,"Toy Ornithopter":4,"FossilizedHelix":12},{"Pen Nib":68,"Bottled Tornado":12,"Ancient Tea Set":44,"Cables":68,"Calling Bell":44,"Matryoshka":44,"Bronze Scales":0,"Gambling Chip":44,"Prayer Wheel":19,"Art of War":24,"Cracked Core":0,"Toy Ornithopter":12,"FossilizedHelix":68}],"Toy Ornithopter":20,"Cables":[21,7,8,1,5]},"card_choices":[{"not_picked":["Go for the Eyes","Beam Cell"],"picked":"Defragment","floor":1.0},{"not_picked":["Streamline","Static Discharge"],"picked":"Steam","floor":2.0},{"not_picked":["Rebound","Streamline","Steam"],"picked":"SKIP","floor":4.0},{"not_picked":["Redo","Thunder Strike"],"picked":"Genetic Algorithm","floor":7.0},{"not_picked":["Compile Driver","Tempest"],"picked":"Self Repair","floor":10},{"not_picked":["Undo","Consume"],"picked":"Melter","floor":13},{"not_picked":["Barrage","Tempest"],"picked":"Coolheaded","floor":14},{"not_picked":["Redo","Skim"],"picked":"Leap","floor":14},{"not_picked":["Buffer","Core Surge"],"picked":"Machine Learning","floor":16},{"not_picked":["Scrape","Hello World"],"picked":"Fusion+1","floor":19},{"not_picked":["Beam Cell","Storm"],"picked":"Compile Driver","floor":19},{"not_picked":["Steam","Chill"],"picked":"Chaos+1","floor":21},{"not_picked":["Go for the Eyes","Reinforced Body"],"picked":"Glacier+1","floor":21},{"not_picked":["Heatsinks","Sunder"],"picked":"Coolheaded","floor":25},{"not_picked":["Gash","Aggregate"],"picked":"Tempest","floor":28},{"not_picked":["All For One","Steam"],"picked":"Skim","floor":28}],"player_experience":1236261,"relics_obtained":[{"floor":7.0,"key":"Toy Ornithopter"},{"floor":9.0,"key":"Bottled Tornado"},{"floor":10,"key":"Prayer Wheel"},{"floor":13,"key":"Art of War"},{"floor":17,"key":"Ancient Tea Set"},{"floor":17,"key":"Matryoshka"},{"floor":17,"key":"Gambling Chip"},{"floor":25,"key":"Pen Nib"},{"floor":26,"key":"Cables"},{"floor":26,"key":"FossilizedHelix"}],"event_choices":[{"damage_healed":0.0,"max_hp_gain":0.0,"max_hp_loss":0.0,"gold_gain":0.0,"event_name":"Accursed Blacksmith","player_choice":"Forge","floor":3.0,"gold_loss":0.0,"damage_taken":0.0,"cards_upgraded":["Defragment"]},{"damage_healed":0,"gold_gain":0,"player_choice":"Ignored","damage_taken":0,"max_hp_gain":0,"max_hp_loss":0,"event_name":"Cursed Tome","floor":22,"gold_loss":0},{"damage_healed":0,"gold_gain":50,"player_choice":"Stole From Cult","damage_taken":0,"max_hp_gain":0,"max_hp_loss":0,"event_name":"Nest","floor":24,"gold_loss":0}],"is_beta":false,"boss_relics":[{"not_picked":["Nuclear Battery","Sozu"],"picked":"Calling Bell"}],"items_purged_floors":[5,20],"is_endless":false,"potions_floor_spawned":[1,2,13,14,16,19,28],"killed_by":"Gremlin Leader","ascension_level":17}}