{"host":"eqdfsjv4ws7ianga","time":1608115119,"event":{"mods":["Abigail Mod","Ascension Reborn","BaseMod","CapriCore","Friendly Minions","GungeonMod","Hermit","Kiyohime£¨?ýï£©","Koishi","Minty Spire (QoL Compilation)","READ ME - Guardian Mod","READ ME - Snecko Mod","StSLib","The Animator","The Immortal","The Poker Player","WarShipGirlsR/??á´Ò³R mod"],"gold_per_floor":[115,132,232,244,244,274,285,297,379,379,409,409,428,117,117,214,214,225,237,40,52,0,0,80,80,80,80,96,113,113,113,113],"floor_reached":30,"playtime":1841,"items_purged":["MokouMod:Strike","MokouMod:Strike"],"score":232,"play_id":"2d194459-36b8-4c1a-9bed-7278553f3538","local_time":"20201216193839","is_ascension_mode":true,"campfire_choices":[{"data":"MokouMod:SearingBlow","floor":10,"key":"SMITH"},{"data":"MokouMod:SearingBlow+1","floor":12,"key":"SMITH"},{"data":"MokouMod:SearingBlow+2","floor":15,"key":"SMITH"},{"floor":23,"key":"REST"},{"data":"MokouMod:SpontaneousHumanCombustion","floor":25,"key":"SMITH"},{"data":"MokouMod:SearingBlow+3","floor":27,"key":"SMITH"}],"circlet_count":0,"master_deck":["MokouMod:Strike","MokouMod:Strike","MokouMod:Defend","MokouMod:Defend","MokouMod:Defend","MokouMod:Defend","MokouMod:HeatSpark","MokouMod:InfernalWave","MokouMod:FlamingFireTalons","MokouMod:Scorch","MokouMod:Afterburner","MokouMod:SearingBlow+4","MokouMod:Afterburner","MokouMod:Scorch","MokouMod:SpontaneousHumanCombustion+1","MokouMod:RisingSunBarrier+1","MokouMod:ResonanceReactor+1","MokouMod:SearingBlow+3","MokouMod:IllusoryBattlefield","MokouMod:ControlledCombustion+1"],"relics":["MokouMod:PhoenixFeather","NeowsBlessing","Smiling Mask","Lee\u0027s Waffle","Philosopher\u0027s Stone","DollysMirror","Darkstone Periapt"],"acts_visited":["Exordium","TheCity","TheCity"],"potions_floor_usage":[7,7,13,21,29],"damage_taken":[{"damage":0,"enemies":"Jaw Worm","floor":1,"turns":1},{"damage":0,"enemies":"Cultist","floor":2,"turns":1},{"damage":0,"enemies":"2 Louse","floor":4,"turns":1},{"damage":34,"enemies":"3 Sentries","floor":6,"turns":12},{"damage":0,"enemies":"Lots of Slimes","floor":7,"turns":4},{"damage":4,"enemies":"Looter","floor":8,"turns":3},{"damage":11,"enemies":"Exordium Wildlife","floor":13,"turns":3},{"damage":112,"enemies":"The Guardian","floor":16,"turns":14},{"damage":27,"enemies":"3 Byrds","floor":18,"turns":6},{"damage":23,"enemies":"Shell Parasite","floor":19,"turns":6},{"damage":32,"enemies":"Shelled Parasite and Fungi","floor":21,"turns":4},{"damage":35,"enemies":"DemoMod:Red_and_blue_shotgun_kin","floor":28,"turns":3},{"damage":36,"enemies":"DemoMod:Veteran_shot_gun_kin_and_bullet_kin","floor":29,"turns":7},{"damage":11,"enemies":"DemoMod:Veteran_shot_gun_kin_and_blue_shotgun_kin_with_gunsinger","floor":30,"turns":1}],"seed_played":"3740997500399983858","potions_obtained":[{"floor":2,"key":"DuplicationPotion"},{"floor":6,"key":"BlessingOfTheForge"},{"floor":8,"key":"LiquidBronze"},{"floor":18,"key":"FearPotion"},{"floor":28,"key":"LiquidBronze"}],"is_trial":false,"path_per_floor":["M","M","?","M","?","E","M","M","T","R","?","R","M","$","R","B",null,"M","M","$","M","?","R","T","R","T","R","M","M","M"],"character_chosen":"MKU","items_purchased":["DemoMod:GnawedKey","Lee\u0027s Waffle","DollysMirror"],"campfire_rested":1,"item_purchase_floors":[14,14,20],"current_hp_per_floor":[75,75,75,75,75,41,41,37,37,37,37,37,26,82,82,15,82,55,32,32,20,20,44,44,44,82,82,47,11,0,0,0],"gold":113,"neow_bonus":"THREE_ENEMY_KILL","is_daily":false,"chose_seed":false,"campfire_upgraded":5,"win_rate":0.0,"timestamp":1608115119,"path_taken":["M","M","?","?","?","E","?","M","T","R","?","R","M","?","R","BOSS","M","M","$","M","?","R","?","R","T","R","M","M","M"],"items_purchased_type":["Relic","Relic","Relic"],"build_version":"2020-12-13","purchased_purges":2,"victory":false,"max_hp_per_floor":[75,75,75,75,75,75,75,75,75,75,75,75,75,82,82,82,82,82,82,82,82,82,82,82,82,82,82,82,82,82,82,82],"card_choices":[{"not_picked":["MokouMod:Sear","MokouMod:UncontrollableSolarReaction"],"picked":"MokouMod:InfernalWave","floor":1},{"not_picked":["MokouMod:IgnitionBarrier","MokouMod:ControlledCombustion"],"picked":"MokouMod:FlamingFireTalons","floor":2},{"not_picked":["MokouMod:Cataclysm","MokouMod:Singe"],"picked":"MokouMod:Scorch","floor":4},{"not_picked":["MokouMod:Stoke","MokouMod:Trailblazer"],"picked":"MokouMod:Afterburner","floor":6},{"not_picked":["MokouMod:Ember","MokouMod:ResoluteFlare"],"picked":"MokouMod:SearingBlow","floor":7},{"not_picked":["MokouMod:Sear","MokouMod:FujiyamaVolcano"],"picked":"MokouMod:Afterburner","floor":8},{"not_picked":["MokouMod:Combust","MokouMod:FujiyamaVolcano"],"picked":"MokouMod:Scorch","floor":13},{"not_picked":["MokouMod:BurningHiddenBullet","MokouMod:Geothermal"],"picked":"MokouMod:SpontaneousHumanCombustion","floor":16},{"not_picked":["MokouMod:SearingShot","MokouMod:Sear"],"picked":"MokouMod:RisingSunBarrier+1","floor":18},{"not_picked":["MokouMod:InfernalWave","MokouMod:Fireball"],"picked":"MokouMod:ResonanceReactor+1","floor":19},{"not_picked":["MokouMod:EternalBurstReactor","MokouMod:HeatFactory","MokouMod:FlickeringFlame"],"picked":"SKIP","floor":21},{"not_picked":["MokouMod:Overheat+1","MokouMod:Fireball+1"],"picked":"MokouMod:IllusoryBattlefield","floor":28},{"not_picked":["MokouMod:IndiscriminateIgnition","MokouMod:FlareStarter"],"picked":"MokouMod:ControlledCombustion+1","floor":29}],"player_experience":417946,"relics_obtained":[{"floor":6,"key":"Smiling Mask"},{"floor":24,"key":"Darkstone Periapt"}],"event_choices":[{"damage_healed":0,"gold_gain":100,"player_choice":"Pray","damage_taken":0,"max_hp_gain":0,"max_hp_loss":0,"event_name":"Golden Shrine","floor":3,"gold_loss":0},{"cards_removed":["MokouMod:Strike"],"damage_healed":0,"gold_gain":0,"player_choice":"Card Removal","damage_taken":0,"max_hp_gain":0,"max_hp_loss":0,"event_name":"Wheel of Change","floor":5,"gold_loss":0},{"damage_healed":0,"gold_gain":30,"player_choice":"Searched \u00272\u0027 times","damage_taken":0,"max_hp_gain":0,"max_hp_loss":0,"event_name":"Dead Adventurer","floor":11,"gold_loss":0},{"damage_healed":0,"gold_gain":0,"player_choice":"Paid Fearfully","damage_taken":0,"max_hp_gain":0,"max_hp_loss":0,"event_name":"Masked Bandits","floor":22,"gold_loss":52}],"is_beta":false,"boss_relics":[{"not_picked":["Runic Dome","Snecko Eye"],"picked":"Philosopher\u0027s Stone"}],"items_purged_floors":[14,20],"is_endless":false,"potions_floor_spawned":[2,6,8,18,28],"killed_by":"DemoMod:Veteran_shot_gun_kin_and_blue_shotgun_kin_with_gunsinger","ascension_level":0}}