{"host":"l1b36ekckrizojma","time":1608123982,"event":{"mods":["BaseMod","Colored Powertips","Conspire","Friendly Minions","Halation","HornydragonMod","Infinite Spire","Jedi Mod","Minty Spire (QoL Compilation)","Replay The Spire","StSLib","The Construct","The Servant 0.9.4","Waifu the Spire","[JumpMod]Îè¶¯¼âËþ","vexMod"],"gold_per_floor":[79,97,97,1,12,12,12,12,37,53,7,32,60,81,81,200,200,194,212,227,227,227,227,227,227],"floor_reached":24,"playtime":2017,"items_purged":[],"score":213,"play_id":"933f4292-88c7-40be-8ecd-c3a207443466","local_time":"20201216210622","is_ascension_mode":false,"campfire_choices":[{"data":"Fury","floor":6,"key":"SMITH"},{"floor":8,"key":"RECALL"},{"data":"Heart6","floor":15,"key":"SMITH"},{"floor":23,"key":"REST"}],"circlet_count":0,"master_deck":["DrunkenFist","Defend_HD","Defend_HD","Defend_HD","Defend_HD","AlcoholBarrier","BreakDrink","Alcoholic","LuckyCoin","Fury+1","DrumStick","Circle","Injury","AlcoholAttack","DrunkenFist","Heart6+1","BunnyJump","Beer","PointCard0","Ocd","Beer","GetWldd","Bite","Bite","Bite","Bite","Bite"],"relics":["WineBottle","HowToJump","NeowsBlessing","Bottled Lightning","Golden Idol","Odd Mushroom","vexMod:CursedCompass","jedi:zontanonomicon"],"acts_visited":["Exordium","TheCity"],"potions_floor_usage":[13,19,19,24],"damage_taken":[{"damage":0,"enemies":"infinitespire:Voidling","floor":1,"turns":1},{"damage":0,"enemies":"Cultist","floor":2,"turns":1},{"damage":2,"enemies":"conspire:RoseBush","floor":5,"turns":1},{"damage":2,"enemies":"Blue Slaver","floor":10,"turns":4},{"damage":0,"enemies":"Looter","floor":12,"turns":2},{"damage":13,"enemies":"The Mushroom Lair","floor":13,"turns":4},{"damage":9,"enemies":"conspire:2 RoseBushes","floor":14,"turns":5},{"damage":68,"enemies":"Fading Forest","floor":16,"turns":11},{"damage":10,"enemies":"2 Thieves","floor":18,"turns":4},{"damage":19,"enemies":"3 Byrds","floor":19,"turns":6},{"damage":31,"enemies":"Centurion and Healer","floor":20,"turns":6},{"damage":103,"enemies":"Nightmare","floor":24,"turns":17}],"seed_played":"4966261298315144806","potions_obtained":[{"floor":2,"key":"jedi:wingpotion"},{"floor":12,"key":"AlcoholPotion"},{"floor":16,"key":"SpeedPotion"},{"floor":18,"key":"jedi:StrikingPotion"},{"floor":20,"key":"AlcoholPotion"}],"is_trial":false,"path_per_floor":["M","M","T","$","M","R","?","R","T","M","$","M","?","M","R","B",null,"M","M","M","?","?","R","NM"],"character_chosen":"HORNYDRAGON","items_purchased":["Fury","DrumStick","DrunkenFist"],"campfire_rested":1,"item_purchase_floors":[4,4,11],"current_hp_per_floor":[87,87,87,87,85,85,85,85,85,83,83,83,70,67,67,37,87,77,66,43,27,27,45,0,0],"gold":227,"neow_bonus":"THREE_ENEMY_KILL","is_daily":false,"chose_seed":false,"campfire_upgraded":2,"win_rate":0.0,"timestamp":1608123982,"path_taken":["M","?","?","$","M","R","?","R","T","M","?","?","?","M","R","BOSS","M","M","M","?","?","R","NM"],"items_purchased_type":["Card","Card","Card"],"build_version":"2020-12-13","purchased_purges":0,"victory":false,"max_hp_per_floor":[87,87,87,87,87,87,87,87,87,87,87,87,87,87,87,87,87,87,87,87,87,60,60,60,60],"card_choices":[{"not_picked":["BottleAttack","BloodyMary"],"picked":"Alcoholic","floor":1},{"not_picked":["Trumpet","BottleAttack"],"picked":"LuckyCoin","floor":2},{"not_picked":["PowerGlove","Conch"],"picked":"Circle","floor":5},{"not_picked":["BreakDrink","Ahahah"],"picked":"AlcoholAttack","floor":10},{"not_picked":["Conch","BloodyMary"],"picked":"Heart6","floor":12},{"not_picked":["GetToilet","Guppy"],"picked":"BunnyJump","floor":13},{"not_picked":["CardDestruct","Oolong"],"picked":"Beer","floor":14},{"not_picked":["GasterBlaster","Vodka"],"picked":"PointCard0","floor":16},{"not_picked":["CardReborn","BreakDrink+1"],"picked":"Ocd","floor":18},{"not_picked":["Susie","MemeAttack"],"picked":"Beer","floor":19},{"not_picked":["Circle","ShrimpCocktail"],"picked":"GetWldd","floor":20}],"player_experience":58738,"relics_obtained":[{"floor":3,"key":"Bottled Lightning"},{"floor":13,"key":"Odd Mushroom"},{"floor":21,"key":"jedi:zontanonomicon"}],"event_choices":[{"damage_healed":0,"gold_gain":0,"player_choice":"Take Wound","damage_taken":0,"relics_obtained":["Golden Idol"],"max_hp_gain":0,"max_hp_loss":0,"event_name":"Golden Idol","floor":7,"gold_loss":0,"cards_obtained":["Injury"]},{"damage_healed":0,"gold_gain":0,"player_choice":"Fought Mushrooms","damage_taken":0,"max_hp_gain":0,"max_hp_loss":0,"event_name":"Mushrooms","floor":13,"gold_loss":0},{"damage_healed":0,"gold_gain":0,"player_choice":"Obtained Book","damage_taken":16,"max_hp_gain":0,"max_hp_loss":0,"event_name":"Cursed Tome","floor":21,"gold_loss":0},{"damage_healed":0,"gold_gain":0,"player_choice":"Became a vampire","damage_taken":0,"max_hp_gain":0,"max_hp_loss":27,"event_name":"Vampires","floor":22,"gold_loss":0,"cards_obtained":["Bite","Bite","Bite","Bite","Bite"]}],"is_beta":false,"boss_relics":[{"not_picked":["vexMod:DeviousBotling","Painkiller Herb"],"picked":"vexMod:CursedCompass"}],"items_purged_floors":[],"is_endless":false,"potions_floor_spawned":[2,12,16,18,20],"killed_by":"Nightmare","ascension_level":0}}