{"host":"sum4dy402bbv9y4o","time":1608142071,"event":{"mods":["Aspiration","BaseMod","Conspire","Highlight Path","Minty Spire (QoL Compilation)","StSLib"],"gold_per_floor":[114,126,11,11,11,40,40,56,79,3,3,30,42,59,59,135,135,148,148,160,172,172,172,190,215,238,250,250,250,250,49,49,128,128,141,5,20,38,48,48,78,78,131,143,155,155,174,208,208,208,208],"floor_reached":50,"playtime":3417,"items_purged":["conspire:NecroticWound","Strike_R"],"score":1143,"play_id":"ade1eb80-221a-4084-ae0c-60fbfc70e5bd","local_time":"20201216210751","is_ascension_mode":true,"campfire_choices":[{"data":"Berserk","floor":7,"key":"SMITH"},{"floor":11,"key":"REST"},{"data":"Armaments","floor":15,"key":"SMITH"},{"data":"Battle Trance","floor":23,"key":"SMITH"},{"floor":28,"key":"REST"},{"floor":30,"key":"REST"},{"data":"Cloak And Dagger","floor":32,"key":"SMITH"},{"data":"Panache","floor":40,"key":"SMITH"},{"data":"conspire:PoisonWeapons","floor":42,"key":"SMITH"},{"floor":46,"key":"REST"},{"floor":49,"key":"REST"}],"circlet_count":0,"master_deck":["AscendersBane","Strike_R","Strike_R","Strike_R","Strike_R","Defend_R+1","Defend_R","Defend_R","Defend_R","Bash","Panache+1","Battle Trance+1","Metallicize+1","Flex","Berserk+1","Armaments+1","Reckless Charge","Uppercut","True Grit","Headbutt","Offering","Feel No Pain","RitualDagger","Endless Agony","Deflect","Escape Plan","Cloak And Dagger+1","Metallicize","Adrenaline","Slice","conspire:PoisonWeapons+1","Terror","Flying Knee","Setup+1","Bane"],"relics":["Black Blood","Toy Ornithopter","aspiration:ChemicalBlood","Nunchaku","aspiration:SilentSkillbook","Pen Nib","Anchor","Boot","aspiration:Lifesprig","Akabeko"],"acts_visited":["Exordium","TheCity","TheBeyond"],"potions_floor_usage":[6,8,12,12,13,16,16,16,18,18,20,21,24,24,25,25,33,35,37,39,41,41,44,44,45,48,50,50,50,50,50,50],"damage_taken":[{"damage":12,"enemies":"2 Louse","floor":1,"turns":4},{"damage":9,"enemies":"Jaw Worm","floor":2,"turns":4},{"damage":30,"enemies":"3 Sentries","floor":6,"turns":14},{"damage":0,"enemies":"Small Slimes","floor":8,"turns":4},{"damage":36,"enemies":"Gremlin Nob","floor":12,"turns":4},{"damage":7,"enemies":"Blue Slaver","floor":13,"turns":5},{"damage":4,"enemies":"Exordium Thugs","floor":14,"turns":5},{"damage":54,"enemies":"The Guardian","floor":16,"turns":12},{"damage":20,"enemies":"2 Thieves","floor":18,"turns":4},{"damage":27,"enemies":"3 Byrds","floor":20,"turns":9},{"damage":17,"enemies":"Cultist and Chosen","floor":21,"turns":8},{"damage":31,"enemies":"Snecko","floor":24,"turns":5},{"damage":18,"enemies":"Book of Stabbing","floor":25,"turns":4},{"damage":6,"enemies":"Centurion and Healer","floor":27,"turns":4},{"damage":17,"enemies":"Champ","floor":33,"turns":8},{"damage":19,"enemies":"3 Darklings","floor":35,"turns":4},{"damage":6,"enemies":"Orb Walker","floor":37,"turns":3},{"damage":0,"enemies":"Maw","floor":38,"turns":5},{"damage":10,"enemies":"Transient","floor":39,"turns":6},{"damage":49,"enemies":"Reptomancer","floor":41,"turns":5},{"damage":26,"enemies":"Spire Growth","floor":44,"turns":4},{"damage":40,"enemies":"3 Darklings","floor":45,"turns":4},{"damage":6,"enemies":"4 Shapes","floor":47,"turns":5},{"damage":17,"enemies":"Nemesis","floor":48,"turns":5},{"damage":110,"enemies":"Awakened One","floor":50,"turns":9}],"seed_played":"4209267571860975462","potions_obtained":[{"floor":6,"key":"Block Potion"},{"floor":8,"key":"Strength Potion"},{"floor":14,"key":"SteroidPotion"},{"floor":16,"key":"Dexterity Potion"},{"floor":21,"key":"LiquidMemories"},{"floor":27,"key":"SpeedPotion"},{"floor":35,"key":"SkillPotion"},{"floor":37,"key":"Dexterity Potion"},{"floor":41,"key":"Strength Potion"},{"floor":45,"key":"LiquidMemories"}],"is_trial":false,"path_per_floor":["M","M","$","?","?","E","R","M","T","$","R","E","M","M","R","B",null,"M","?","M","M","?","R","M","E","T","M","R","?","R","$","R","B",null,"M","$","M","M","M","R","E","R","T","M","M","R","M","E","R","B"],"character_chosen":"IRONCLAD","items_purchased":["Flex","SkillPotion","Reckless Charge","Cloak And Dagger","Metallicize","conspire:PoisonWeapons"],"campfire_rested":5,"item_purchase_floors":[3,3,10,31,31,36],"current_hp_per_floor":[62,59,59,59,36,12,12,23,23,23,45,25,44,46,46,28,63,59,53,37,31,46,46,36,34,34,34,58,46,70,70,70,64,76,73,73,80,80,80,80,53,53,53,49,26,50,56,56,80,0,0],"gold":208,"neow_bonus":"RANDOM_COLORLESS_2","is_daily":false,"chose_seed":false,"campfire_upgraded":6,"win_rate":0.0,"timestamp":1608142071,"path_taken":["M","M","$","?","?","E","R","M","T","$","R","E","M","M","R","BOSS","M","?","M","M","?","R","M","E","T","?","R","?","R","$","R","BOSS","M","$","M","M","M","R","E","R","T","M","M","R","M","E","R","BOSS"],"items_purchased_type":["Card","Potion","Card","Card","Card","Card"],"build_version":"2020-12-13","purchased_purges":2,"victory":false,"max_hp_per_floor":[75,75,75,75,75,75,75,75,75,75,75,75,75,75,75,75,75,75,75,75,75,75,75,80,80,80,80,80,80,80,80,80,80,80,80,80,80,80,80,80,80,80,80,80,80,80,80,80,80,80,80],"card_choices":[{"not_picked":["Master of Strategy","Transmutation"],"picked":"Panache","floor":0},{"not_picked":["Carnage","Cleave"],"picked":"Battle Trance","floor":1},{"not_picked":["Heavy Blade","Shrug It Off"],"picked":"Metallicize","floor":2},{"not_picked":["Warcry","conspire:ExplosiveBarrier"],"picked":"Berserk","floor":6},{"not_picked":["Blood for Blood","Wild Strike"],"picked":"Armaments","floor":8},{"not_picked":["Flame Barrier","True Grit"],"picked":"Uppercut","floor":12},{"not_picked":["Pommel Strike","Thunderclap"],"picked":"True Grit","floor":13},{"not_picked":["Clash","Entrench"],"picked":"Headbutt","floor":14},{"not_picked":["Fiend Fire","Brutality"],"picked":"Offering","floor":16},{"not_picked":["Burning Pact","Poisoned Stab","Thunderclap"],"picked":"Feel No Pain","floor":18},{"not_picked":["Flying Knee","Underhanded Strike","Acrobatics","Spot Weakness"],"picked":"SKIP","floor":20},{"not_picked":["Underhanded Strike","Intimidate","Grand Finale"],"picked":"Endless Agony","floor":21},{"not_picked":["Flying Knee","Deadly Poison+1","Dodge and Roll"],"picked":"Deflect","floor":24},{"not_picked":["Phantasmal Killer","Whirlwind","Dual Wield"],"picked":"Escape Plan","floor":25},{"not_picked":["Prepared","Thunderclap","Clothesline","Expertise+1"],"picked":"SKIP","floor":27},{"not_picked":["Night Terror","Impervious","Corpse Explosion"],"picked":"Adrenaline","floor":33},{"not_picked":["Thunderclap","Acrobatics","Quick Slash"],"picked":"Slice","floor":35},{"not_picked":["Twin Strike","Sword Boomerang+1","Blade Dance"],"picked":"Terror","floor":37},{"not_picked":["Acrobatics","Noxious Fumes","Thunderclap"],"picked":"Flying Knee","floor":38},{"not_picked":["Entrench","Poisoned Stab","Sucker Punch+1","Escape Plan"],"picked":"SKIP","floor":39},{"not_picked":["Crippling Poison","True Grit+1","aspiration:Lunge"],"picked":"Setup+1","floor":41},{"not_picked":["Power Through","True Grit+1","Headbutt","PiercingWail"],"picked":"SKIP","floor":44},{"not_picked":["True Grit","Flex","Riddle With Holes","Dark Embrace"],"picked":"SKIP","floor":45},{"not_picked":["Prepared+1","Outmaneuver","Sucker Punch","Flex"],"picked":"SKIP","floor":47},{"not_picked":["Flame Barrier","Dodge and Roll","conspire:PoisonWeapons"],"picked":"Bane","floor":48}],"player_experience":2798017,"relics_obtained":[{"floor":6,"key":"Toy Ornithopter"},{"floor":9,"key":"aspiration:ChemicalBlood"},{"floor":12,"key":"Nunchaku"},{"floor":25,"key":"Pen Nib"},{"floor":26,"key":"Anchor"},{"floor":41,"key":"Boot"},{"floor":43,"key":"aspiration:Lifesprig"},{"floor":48,"key":"Akabeko"}],"event_choices":[{"damage_healed":0,"gold_gain":0,"player_choice":"Ignored","damage_taken":0,"max_hp_gain":0,"max_hp_loss":0,"event_name":"Golden Idol","floor":4,"gold_loss":0},{"damage_healed":0,"gold_gain":0,"player_choice":"Entered Light","damage_taken":23,"max_hp_gain":0,"max_hp_loss":0,"event_name":"Shining Light","floor":5,"gold_loss":0,"cards_upgraded":["Defend_R","Metallicize"]},{"damage_healed":0,"gold_gain":0,"player_choice":"Joined the Cult","damage_taken":6,"max_hp_gain":0,"max_hp_loss":0,"event_name":"Nest","floor":19,"gold_loss":0,"cards_obtained":["RitualDagger"]},{"damage_healed":15,"gold_gain":0,"player_choice":"Heal","damage_taken":0,"max_hp_gain":0,"max_hp_loss":0,"event_name":"The Library","floor":22,"gold_loss":0},{"damage_healed":0,"gold_gain":0,"player_choice":"Damaged","damage_taken":12,"max_hp_gain":0,"max_hp_loss":0,"event_name":"Wheel of Change","floor":29,"gold_loss":0}],"is_beta":false,"boss_relics":[{"not_picked":["aspiration:RunicSpoon","aspiration:PoetsPen"],"picked":"aspiration:SilentSkillbook"},{"not_picked":["Fusion Hammer","SacredBark"],"picked":"Black Blood"}],"items_purged_floors":[31,36],"is_endless":false,"potions_floor_spawned":[6,8,14,21,27,33,35,37,38],"killed_by":"Awakened One","ascension_level":20}}