{"host":"z9zlow7pt2vzlu59","time":1608091479,"event":{"mods":["AchievementEnabler","BaseMod","Colored Powertips","Minty Spire (QoL Compilation)","Permanent Neow"],"gold_per_floor":[114,130,150,75,91,91,117,117,117,17,29,40,66,76,76,179,179,189,202,117,42,42,42,42,54,54,54,72,72,72,72],"floor_reached":30,"playtime":1411,"items_purged":["Strike_R","Strike_R"],"score":242,"play_id":"0d9b332b-66f0-438a-97fa-360a3d7d8fc8","local_time":"20201215200439","is_ascension_mode":false,"campfire_choices":[{"data":"Bash","floor":6,"key":"SMITH"},{"floor":8,"key":"REST"},{"data":"Defend_R","floor":15,"key":"SMITH"},{"floor":23,"key":"DIG"},{"floor":27,"key":"DIG"},{"floor":29,"key":"DIG"}],"circlet_count":0,"master_deck":["Defend_R+1","Defend_R+1","Defend_R+1","Bash+1","Dropkick+1","Decay"],"relics":["Empty Cage","War Paint","Whetstone","Self Forming Clay","Cursed Key","Shovel","Red Skull","Frozen Egg 2","Pear","Lantern"],"acts_visited":["Exordium","TheCity"],"potions_floor_usage":[11,16],"damage_taken":[{"damage":1,"enemies":"Cultist","floor":1,"turns":3},{"damage":1,"enemies":"Jaw Worm","floor":2,"turns":5},{"damage":5,"enemies":"2 Louse","floor":3,"turns":4},{"damage":12,"enemies":"Red Slaver","floor":5,"turns":7},{"damage":49,"enemies":"Lagavulin","floor":7,"turns":6},{"damage":0,"enemies":"Gremlin Gang","floor":11,"turns":3},{"damage":0,"enemies":"Blue Slaver","floor":12,"turns":4},{"damage":20,"enemies":"3 Sentries","floor":13,"turns":13},{"damage":0,"enemies":"Looter","floor":14,"turns":4},{"damage":29,"enemies":"Hexaghost","floor":16,"turns":12},{"damage":21,"enemies":"Spheric Guardian","floor":18,"turns":8},{"damage":8,"enemies":"3 Byrds","floor":19,"turns":7},{"damage":2,"enemies":"3 Cultists","floor":25,"turns":6},{"damage":21,"enemies":"Shelled Parasite and Fungi","floor":28,"turns":8},{"damage":30,"enemies":"Sentry and Sphere","floor":30,"turns":8}],"seed_played":"5939955924504018189","potions_obtained":[{"floor":2,"key":"Explosive Potion"},{"floor":5,"key":"Dexterity Potion"},{"floor":14,"key":"Regen Potion"},{"floor":19,"key":"Swift Potion"},{"floor":25,"key":"SkillPotion"}],"is_trial":false,"path_per_floor":["M","M","M","$","M","R","E","R","T","$","M","M","E","M","R","B",null,"M","M","?","?","$","R","?","M","T","R","M","R","M"],"character_chosen":"IRONCLAD","items_purchased":[],"campfire_rested":1,"item_purchase_floors":[],"current_hp_per_floor":[79,78,73,73,61,61,12,36,36,36,36,36,16,16,16,2,80,59,51,51,51,51,51,51,49,49,59,38,38,8,8],"gold":72,"neow_bonus":"BOSS_RELIC","is_daily":false,"chose_seed":false,"campfire_upgraded":2,"win_rate":0.0,"timestamp":1608091479,"path_taken":["M","?","M","$","M","R","E","R","T","$","M","M","E","M","R","BOSS","M","M","?","?","$","R","?","?","T","R","M","R","M"],"items_purchased_type":[],"build_version":"2020-12-13","purchased_purges":2,"victory":false,"max_hp_per_floor":[80,80,80,80,80,80,80,80,80,80,80,80,80,80,80,80,80,80,80,80,80,80,80,80,80,80,90,90,90,90,90],"card_choices":[{"not_picked":["Warcry","Clothesline","Perfected Strike"],"picked":"SKIP","floor":1},{"not_picked":["Uppercut","Clothesline","Warcry"],"picked":"SKIP","floor":2},{"not_picked":["Inflame","Cleave","Thunderclap"],"picked":"SKIP","floor":3},{"not_picked":["Cleave","Heavy Blade","Bloodletting"],"picked":"SKIP","floor":5},{"not_picked":["Second Wind","Clash"],"picked":"Dropkick","floor":7},{"not_picked":["Fiend Fire","Cleave","Combust"],"picked":"SKIP","floor":11},{"not_picked":["Fiend Fire","Cleave","Combust"],"picked":"SKIP","floor":11},{"not_picked":["True Grit","Body Slam","Shockwave"],"picked":"SKIP","floor":12},{"not_picked":["Battle Trance","Spot Weakness","Clothesline"],"picked":"SKIP","floor":13},{"not_picked":["Spot Weakness","Flex","Anger"],"picked":"SKIP","floor":14},{"not_picked":["Thunderclap","Infernal Blade","Disarm+1"],"picked":"SKIP","floor":18},{"not_picked":["Thunderclap","Sword Boomerang","Iron Wave"],"picked":"SKIP","floor":19},{"not_picked":["Flame Barrier","Anger","Burning Pact"],"picked":"SKIP","floor":25},{"not_picked":["Shockwave","Rage","Anger"],"picked":"SKIP","floor":28}],"player_experience":121859,"relics_obtained":[{"floor":7,"key":"War Paint"},{"floor":9,"key":"Whetstone"},{"floor":13,"key":"Self Forming Clay"},{"floor":23,"key":"Red Skull"},{"floor":26,"key":"Frozen Egg 2"},{"floor":27,"key":"Pear"},{"floor":29,"key":"Lantern"}],"event_choices":[{"damage_healed":0,"gold_gain":0,"player_choice":"Obtained Relic","damage_taken":0,"relics_obtained":["Shovel"],"max_hp_gain":0,"max_hp_loss":0,"event_name":"Addict","floor":20,"gold_loss":85},{"cards_removed":["Defend_R"],"damage_healed":0,"gold_gain":0,"player_choice":"Gave Gold","damage_taken":0,"max_hp_gain":0,"max_hp_loss":0,"event_name":"Beggar","floor":21,"gold_loss":75},{"cards_removed":["Strike_R"],"damage_healed":0,"gold_gain":0,"player_choice":"Offered Basic","damage_taken":0,"max_hp_gain":0,"max_hp_loss":0,"event_name":"Bonfire Elementals","floor":24,"gold_loss":0}],"is_beta":false,"boss_relics":[{"not_picked":["SacredBark","Ectoplasm"],"picked":"Cursed Key"}],"items_purged_floors":[4,10],"is_endless":false,"potions_floor_spawned":[2,5,14,19,25],"killed_by":"Sentry and Sphere","ascension_level":0}}