{"host":"igi9xpgoc000gxf5","time":1608134621,"event":{"mods":["BaseMod","Colored Powertips","Downfall","Googly Eyes","Minty Spire (QoL Compilation)","StSLib"],"gold_per_floor":[99,199,217,229,229,248,248,266,266,266,266],"floor_reached":10,"playtime":484,"items_purged":[],"score":61,"play_id":"c382819d-708c-45cf-94a5-0d99a577513f","local_time":"20201216170341","is_ascension_mode":true,"campfire_choices":[{"data":"Slimebound:OozeBath","floor":1,"key":"SMITH"},{"floor":5,"key":"RECALL"},{"floor":9,"key":"REST"}],"circlet_count":0,"master_deck":["Slimebound:Strike_Slimebound","Slimebound:Strike_Slimebound","Slimebound:Strike_Slimebound","Slimebound:Tackle","Slimebound:Defend_Slimebound","Slimebound:Defend_Slimebound","Slimebound:Defend_Slimebound","Slimebound:Defend_Slimebound","Slimebound:Split","Slimebound:CorrosiveSpit","Regret","Slimebound:OozeBath+1","Slimebound:ComboTackle","Slimebound:Schlurp","Slimebound:AcidTongue","Slimebound:SpikyOuterGoop"],"relics":["Slimebound:AbsorbEndCombat","Toxic Egg 2"],"acts_visited":["Exordium"],"potions_floor_usage":[6,10,10],"damage_taken":[{"damage":5,"enemies":"2 Louse","floor":3,"turns":2},{"damage":21,"enemies":"Jaw Worm","floor":4,"turns":3},{"damage":15,"enemies":"Cultist","floor":6,"turns":3},{"damage":44,"enemies":"Gremlin Gang","floor":8,"turns":7},{"damage":47,"enemies":"3 Sentries","floor":10,"turns":5}],"seed_played":"5321360707960921256","potions_obtained":[{"floor":4,"key":"Guardian:BlockOnCardUsePotion"},{"floor":6,"key":"Fruit Juice"},{"floor":8,"key":"hexamod:EctoCoolerPotion"}],"is_trial":false,"path_per_floor":["R","?","M","M","R","M","T","M","R","E"],"character_chosen":"SLIMEBOUND","items_purchased":[],"campfire_rested":1,"item_purchase_floors":[],"current_hp_per_floor":[60,60,60,47,47,47,47,13,32,0,0],"gold":266,"neow_bonus":"THREE_RARE_CARDS","is_daily":false,"chose_seed":false,"campfire_upgraded":1,"win_rate":0.0,"timestamp":1608134621,"path_taken":["R","?","M","M","R","M","T","M","R","E"],"items_purchased_type":[],"build_version":"2020-12-13","purchased_purges":0,"victory":false,"max_hp_per_floor":[60,60,60,60,60,65,65,65,65,65,65],"card_choices":[{"not_picked":["Slimebound:DuplicatedForm","Slimebound:LeechLife"],"picked":"Slimebound:OozeBath","floor":0},{"not_picked":["Slimebound:Dissolve","Slimebound:SlimeTap"],"picked":"Slimebound:ComboTackle","floor":3},{"not_picked":["Slimebound:PressTheAttack","Slimebound:SamplingLick"],"picked":"Slimebound:Schlurp","floor":4},{"not_picked":["Slimebound:ServeAndProtect","Slimebound:ViciousTackle"],"picked":"Slimebound:AcidTongue","floor":6},{"not_picked":["Slimebound:LeadByExample","Slimebound:FlameTackle"],"picked":"Slimebound:SpikyOuterGoop","floor":8}],"player_experience":868491,"relics_obtained":[{"floor":7,"key":"Toxic Egg 2"}],"event_choices":[],"is_beta":false,"boss_relics":[],"items_purged_floors":[],"is_endless":false,"potions_floor_spawned":[4,6,8],"killed_by":"3 Sentries","ascension_level":1}}