{"host":"94qggqh0xz0sp6ai","time":1608084043,"event":{"mods":["Abigail Mod","Act Like it!","BaseMod","CapriCore","Downfall","Friendly Minions","Gensokyo","Hermit","Jorbs\u0027s Wanderer Trilogy","Koishi","Marisa（霧雨　魔理沙）","Minty Spire (QoL Compilation)","Permanent Neow","Reimu（博??梦）","StSLib","The Alterego","The Construct","The Cursed","The Hierophant","The Immortal","The Senshi","The Servant 0.9.4","TheBandit","Waifu the Spire"],"gold_per_floor":[117,136,136,68,86,86,104,104,104,139,139,161,161,181,181,302,302,316,342,352,365,365,365,416,416,416],"floor_reached":25,"playtime":3046,"items_purged":[],"score":270,"play_id":"f7b91480-e602-4a73-9c7c-f03189ba1b7f","local_time":"20201215200043","is_ascension_mode":true,"campfire_choices":[{"data":"stsjorbsmod:MagicMissiles","floor":6,"key":"SMITH"},{"data":"stsjorbsmod:Channel","floor":8,"key":"SMITH"},{"data":"stsjorbsmod:DeathThroes","floor":11,"key":"SMITH"},{"data":"stsjorbsmod:Mending","floor":13,"key":"SMITH"},{"data":"stsjorbsmod:EyeOfTheStorm","floor":15,"key":"SMITH"},{"floor":23,"key":"REST"}],"circlet_count":0,"master_deck":["stsjorbsmod:ForbiddenGrimoire+1","stsjorbsmod:Strike_Wanderer+1","stsjorbsmod:Strike_Wanderer+1","stsjorbsmod:Strike_Wanderer+1","stsjorbsmod:Defend_Wanderer+1","stsjorbsmod:Defend_Wanderer+1","stsjorbsmod:Defend_Wanderer+1","stsjorbsmod:FreshAdventure","stsjorbsmod:EyeOfTheStorm+1","stsjorbsmod:MagicMissiles+1","stsjorbsmod:Channel+1","stsjorbsmod:TollTheDead","stsjorbsmod:Prestidigitation+1","stsjorbsmod:DeathThroes+1","stsjorbsmod:Mending+1","stsjorbsmod:Rediscovery+1","stsjorbsmod:FlameWard+1","stsjorbsmod:FranticSearch","stsjorbsmod:DisguiseSelf","stsjorbsmod:Thorns+1"],"relics":["stsjorbsmod:GrimoireRelic","Frozen Egg 2","Kunai","Pocketwatch","Empty Cage","Vajra"],"acts_visited":["Exordium","TheCity"],"potions_floor_usage":[7,10,24,25,25],"damage_taken":[{"damage":6,"enemies":"Jaw Worm","floor":1,"turns":6},{"damage":0,"enemies":"Cultist","floor":2,"turns":3},{"damage":1,"enemies":"Small Slimes","floor":5,"turns":3},{"damage":19,"enemies":"Exordium Thugs","floor":7,"turns":5},{"damage":4,"enemies":"3 Sentries","floor":10,"turns":5},{"damage":18,"enemies":"Large Slime","floor":12,"turns":3},{"damage":8,"enemies":"Blue Slaver","floor":14,"turns":3},{"damage":18,"enemies":"Slime Boss","floor":16,"turns":7},{"damage":1,"enemies":"3 Byrds","floor":18,"turns":4},{"damage":22,"enemies":"Spheric Guardian","floor":19,"turns":6},{"damage":16,"enemies":"Centurion and Healer","floor":20,"turns":4},{"damage":29,"enemies":"3 Cultists","floor":21,"turns":5},{"damage":28,"enemies":"Slavers","floor":24,"turns":5},{"damage":24,"enemies":"Snake Plant","floor":25,"turns":3}],"seed_played":"6223491369409855006","potions_obtained":[{"floor":2,"key":"Dexterity Potion"},{"floor":5,"key":"stsjorbsmod:LiquidClarity"},{"floor":14,"key":"champ:CounterPotion"},{"floor":16,"key":"EssenceOfSteel"},{"floor":20,"key":"stsjorbsmod:BurningPotion"}],"is_trial":false,"path_per_floor":["M","M","?","$","M","R","M","R","T","E","R","M","R","M","R","B",null,"M","M","M","M","?","R","E","M"],"character_chosen":"WANDERER","items_purchased":["stsjorbsmod:TollTheDead"],"campfire_rested":1,"item_purchase_floors":[4],"current_hp_per_floor":[64,66,66,66,66,66,49,49,49,48,48,32,32,30,30,19,68,68,55,46,24,24,45,24,0,0],"gold":416,"neow_bonus":"THREE_CARDS","is_daily":false,"chose_seed":false,"campfire_upgraded":5,"win_rate":0.0,"timestamp":1608084043,"path_taken":["M","M","?","$","M","R","?","R","T","E","R","M","R","M","R","BOSS","M","M","?","M","?","R","E","M"],"items_purchased_type":["Card"],"build_version":"2020-12-13","purchased_purges":0,"victory":false,"max_hp_per_floor":[68,68,68,68,68,68,68,68,68,68,68,68,68,68,68,68,68,68,70,70,70,70,70,70,70,70],"card_choices":[{"not_picked":["stsjorbsmod:HedgeWizard","stsjorbsmod:Hurt"],"picked":"stsjorbsmod:MagicMissiles","floor":0},{"not_picked":["stsjorbsmod:RayOfFrost","stsjorbsmod:Inferno"],"picked":"stsjorbsmod:Channel","floor":1},{"not_picked":["stsjorbsmod:MagicMissiles","stsjorbsmod:Stalwart"],"picked":"stsjorbsmod:RayOfFrost","floor":2},{"not_picked":["stsjorbsmod:RayOfFrost","stsjorbsmod:Hurt"],"picked":"stsjorbsmod:Prestidigitation+1","floor":5},{"not_picked":["stsjorbsmod:Firebolt","stsjorbsmod:DoubleCheck","stsjorbsmod:BurningFlask"],"picked":"SKIP","floor":7},{"not_picked":["stsjorbsmod:Inferno","stsjorbsmod:Firebolt"],"picked":"stsjorbsmod:DeathThroes","floor":10},{"not_picked":["stsjorbsmod:ScorchingRay","stsjorbsmod:Will"],"picked":"stsjorbsmod:Mending","floor":12},{"not_picked":["stsjorbsmod:RayOfFrost","stsjorbsmod:Channel","stsjorbsmod:Hibernate"],"picked":"SKIP","floor":14},{"not_picked":["stsjorbsmod:Pyromancy+1","stsjorbsmod:HoldMonster"],"picked":"stsjorbsmod:Rediscovery+1","floor":16},{"not_picked":["stsjorbsmod:ParryingBlow","stsjorbsmod:Firebolt"],"picked":"stsjorbsmod:FlameWard+1","floor":18},{"not_picked":["stsjorbsmod:ParryingBlow","stsjorbsmod:HedgeWizard"],"picked":"stsjorbsmod:FranticSearch","floor":19},{"not_picked":["stsjorbsmod:WeightOfMemory","stsjorbsmod:MagicMissiles"],"picked":"stsjorbsmod:DisguiseSelf","floor":20},{"not_picked":["stsjorbsmod:Firebolt","stsjorbsmod:ParryingBlow","stsjorbsmod:MagicMissiles"],"picked":"SKIP","floor":21},{"not_picked":["stsjorbsmod:Hibernate+1","stsjorbsmod:WeightOfMemory+1"],"picked":"stsjorbsmod:Thorns+1","floor":24}],"player_experience":1390827,"relics_obtained":[{"floor":9,"key":"Kunai"},{"floor":10,"key":"Pocketwatch"},{"floor":24,"key":"Vajra"}],"event_choices":[{"cards_removed":["stsjorbsmod:RayOfFrost"],"damage_healed":0,"gold_gain":0,"player_choice":"Gave Card","damage_taken":0,"relics_obtained":["Frozen Egg 2"],"max_hp_gain":0,"max_hp_loss":0,"event_name":"WeMeetAgain","floor":3,"gold_loss":0},{"damage_healed":0,"gold_gain":0,"player_choice":"Simplicity","damage_taken":0,"max_hp_gain":0,"max_hp_loss":0,"event_name":"Back to Basics","floor":22,"gold_loss":0,"cards_upgraded":["stsjorbsmod:Strike_Wanderer","stsjorbsmod:Strike_Wanderer","stsjorbsmod:Defend_Wanderer","stsjorbsmod:Defend_Wanderer","stsjorbsmod:Defend_Wanderer"]}],"is_beta":false,"boss_relics":[{"not_picked":["Fusion Hammer","Busted Crown"],"picked":"Empty Cage"}],"items_purged_floors":[],"is_endless":false,"potions_floor_spawned":[2,5,14,16,20],"killed_by":"Snake Plant","ascension_level":4}}