{"host":"8xp52u5o8fcssvzz","time":1608084028,"event":{"mods":["2.2 Compatiblity","AchievementEnabler","Act Like it!","Aspiration","BaseMod","Better Altar","Better Match","Better Note","Better Sensory Stone","Better Skull","Better Third Choice","BetterRewards","Colored Map","Conspire","Downfall","GifTheSpireLib","Googly Eyes","Halation","Hallownest","Highlight Path","Hubris","Infinite Spire","Jorbs\u0027s Wanderer Trilogy","Lobotomy","LobotomyExtend","Luminous","Marisa????????","Mimic Mod","Minty Spire (QoL Compilation)","Remilia_Scarlet Moed?????·?????3.3.5","Remilia??????","Replay The Spire","Shade Mod","Spicy Shops","StSLib","Stuff the Spire","The Administrix","The Alterego","The Blackbeard","The Bladedancer","The Cursed","The Gatherer","The Necromancer","The Runesmith","The Servant 0.9.4","TheFirefly","TheSwordswoman","Unceasing Turn Reminder","everything is the same but u backflip on backflip"],"gold_per_floor":[119,119,119,134,148,175,175,191,237,258,258,295,318,333,333,436,436,506,506,506,421,427,427],"floor_reached":22,"playtime":1377,"items_purged":["OldLady"],"score":196,"play_id":"874420fe-699d-40cb-8961-ac2c700fb4d4","local_time":"20201215180028","is_ascension_mode":false,"campfire_choices":[{"data":"Luminous:Lania_Blessing_Luminous","floor":7,"key":"SMITH"},{"data":"Luminous:Dark_Crescendo_Luminous","floor":11,"key":"SMITH"},{"data":"Luminous:Photic_Meditation_Luminous","floor":15,"key":"SMITH"}],"circlet_count":0,"master_deck":["Luminous:Light_Flash_Shower","Luminous:Light_Flash_Shower","Luminous:Light_Flash_Shower","Luminous:Dark_Abyssal_Drop","Luminous:Dark_Abyssal_Drop","Luminous:Dark_Abyssal_Drop","Luminous:Defend_Luminous","Luminous:Defend_Luminous","Luminous:Defend_Luminous","Luminous:Defend_Luminous","Luminous:Switch_Luminous","DreamingCurrent","Luminous:Light_Wash_Luminous","Luminous:Lania_Blessing_Luminous+1","Luminous:Accumulation_Luminous","Luminous:Dark_Crescendo_Luminous+1","CherryBlossoms","Luminous:Tune_Luminous","GreedKing","Luminous:Light_Gather","MeatLantern","Luminous:Arcane_Rage_Luminous","Luminous:Concentrate_Luminous","Luminous:Photic_Meditation_Luminous+1","Luminous:Lania_Blessing_Luminous","ReplayTheSpireMod:??????????????????????"],"relics":["Luminous:MirrorRelic","CogitoBucket","LetterFromLob","conspire:GiftBox","halation:IllGainedPizza","Centennial Puzzle","HellTrain","ReplayTheSpireMod:Shallot","Replay:Bronze Core","AdjustmentMirror","aspiration:FutureDiary","infinitespire:ShieldingShard"],"acts_visited":["Exordium","TheCity"],"potions_floor_usage":[4,8,16,16,22],"damage_taken":[{"damage":3,"enemies":"Cultist","floor":1,"turns":5},{"damage":14,"enemies":"Small Slimes","floor":4,"turns":7},{"damage":24,"enemies":"Jaw Worm","floor":5,"turns":5},{"damage":76,"enemies":"3 Sentries","floor":6,"turns":13},{"damage":9,"enemies":"Gremlin Gang","floor":8,"turns":3},{"damage":24,"enemies":"2 Fungi Beasts","floor":9,"turns":10},{"damage":40,"enemies":"2 Fungi Beasts","floor":10,"turns":6},{"damage":69,"enemies":"Gremlin Nob","floor":12,"turns":5},{"damage":14,"enemies":"Red Slaver","floor":13,"turns":5},{"damage":41,"enemies":"Exordium Wildlife","floor":14,"turns":5},{"damage":61,"enemies":"Slime Boss","floor":16,"turns":9},{"damage":68,"enemies":"2 Thieves","floor":18,"turns":7},{"damage":123,"enemies":"Chosen","floor":22,"turns":5}],"seed_played":"7926555910089943794","potions_obtained":[{"floor":1,"key":"Block Potion"},{"floor":4,"key":"Toxic Potion"},{"floor":12,"key":"Ancient Potion"},{"floor":14,"key":"conspire:TimeTravelPotion"},{"floor":18,"key":"Regen Potion"}],"is_trial":false,"path_per_floor":["M","?","?","M","M","E","R","M","MIM","M","R","E","M","M","R","B",null,"M","?","AVR","?","M"],"character_chosen":"LuminousClass","items_purchased":[],"campfire_rested":0,"item_purchase_floors":[],"current_hp_per_floor":[72,72,72,75,75,72,72,75,68,67,67,24,45,39,39,62,75,46,46,46,46,0,0],"gold":427,"neow_bonus":"","is_daily":false,"chose_seed":false,"campfire_upgraded":3,"win_rate":0.0,"timestamp":1608084028,"path_taken":["M","?","?","M","M","E","R","M","MIM","M","R","E","M","M","R","BOSS","M","?","AVR","?","M"],"items_purchased_type":[],"build_version":"2020-12-13","purchased_purges":1,"victory":false,"max_hp_per_floor":[75,75,75,75,75,75,75,75,75,75,75,75,75,75,75,75,75,75,75,75,75,75,75],"card_choices":[{"not_picked":["SpiderBud","WhitesApple"],"picked":"DreamingCurrent","floor":1},{"not_picked":["Luminous:Light_Glare","Luminous:Accumulation_Luminous"],"picked":"Luminous:Light_Wash_Luminous","floor":1},{"not_picked":["Luminous:Chaos_Field_Luminous","Luminous:Mirror_Force_Luminous"],"picked":"Luminous:Lania_Blessing_Luminous","floor":3},{"not_picked":["Luminous:Dark_Moonlight_Spear","Luminous:Dark_Dim_Erosion"],"picked":"Luminous:Accumulation_Luminous","floor":4},{"not_picked":["Luminous:Light_Sylvan_Lance","Luminous:Concentrate_Luminous"],"picked":"Luminous:Dark_Crescendo_Luminous","floor":5},{"not_picked":["Rudolta","OldLady"],"picked":"CherryBlossoms","floor":6},{"not_picked":["Luminous:Light_Gather","Luminous:Hero_Will_Luminous"],"picked":"Luminous:Tune_Luminous","floor":6},{"not_picked":["LittlePrince","Rudolta"],"picked":"GreedKing","floor":8},{"not_picked":["Luminous:Light_Ray_of_Redemption","Luminous:Light_Disperse"],"picked":"Luminous:Light_Gather","floor":8},{"not_picked":["UniverseFragment","Murderer"],"picked":"MeatLantern","floor":9},{"not_picked":["Luminous:Light_Disperse","Luminous:Dusk_Guard_Luminous"],"picked":"Luminous:Arcane_Rage_Luminous","floor":9},{"not_picked":["Luminous:Light_Disperse","Luminous:Light_Gather","Luminous:Balance_Baptism"],"picked":"SKIP","floor":10},{"not_picked":["Luminous:Light_Disperse","Luminous:Dark_Pressure_Void"],"picked":"Luminous:Concentrate_Luminous","floor":12},{"not_picked":["Luminous:Light_Disperse","Luminous:Balance_Baptism","Luminous:Concentrate_Luminous"],"picked":"SKIP","floor":13},{"not_picked":["Alriune","BigBadWolf"],"picked":"OldLady","floor":14},{"not_picked":["Luminous:Lights_Protection_Luminous","Luminous:Mana_Well_Luminous"],"picked":"Luminous:Photic_Meditation_Luminous","floor":14},{"not_picked":["Luminous:Balance_Baptism","Luminous:Arcane_Rage_Luminous"],"picked":"Luminous:Lania_Blessing_Luminous","floor":16},{"not_picked":["Luminous:Dark_Pressure_Void+1","Luminous:Light_Wash_Luminous","Luminous:Dark_Dim_Erosion"],"picked":"SKIP","floor":18}],"player_experience":428078,"relics_obtained":[{"floor":1,"key":"LetterFromLob"},{"floor":3,"key":"conspire:GiftBox"},{"floor":6,"key":"halation:IllGainedPizza"},{"floor":9,"key":"Centennial Puzzle"},{"floor":12,"key":"ReplayTheSpireMod:Shallot"}],"event_choices":[{"damage_healed":0,"gold_gain":0,"player_choice":"Ignored","damage_taken":0,"max_hp_gain":0,"max_hp_loss":0,"event_name":"betterNote:BetterNote","floor":19,"gold_loss":0,"cards_obtained":["blademaster:Breeze"]},{"damage_healed":0,"gold_gain":0,"player_choice":"Obtained Relic","damage_taken":0,"relics_obtained":["infinitespire:ShieldingShard"],"max_hp_gain":0,"max_hp_loss":0,"event_name":"Addict","floor":21,"gold_loss":85}],"is_beta":false,"boss_relics":[{"not_picked":["halation:HeavySnake","Calling Bell"],"picked":"Replay:Bronze Core"}],"items_purged_floors":[20],"is_endless":false,"potions_floor_spawned":[1,4,12,14,18],"killed_by":"Chosen","ascension_level":0}}