{"host":"3srbdas3e7jgqz5l","time":1608139858,"event":{"mods":["BaseMod","Downfall","Minty Spire (QoL Compilation)","StSLib","The Cursed"],"gold_per_floor":[99,109,19,37,47,74,74,91,109,109,120,120,131,159,174,274,274,124,124,124,124,124,124,124,124,124,49,49,49,49,49,49,49,49,49,49,49,49,49,49,49,49,49,49,49,49,49,49,49,49],"floor_reached":51,"playtime":4651,"items_purged":["Slimebound:TongueLash"],"score":842,"play_id":"e04018e6-fcce-484a-83e8-81c0c87ddbea","local_time":"20201216173058","is_ascension_mode":false,"campfire_choices":[{"data":"Slimebound:MassFeed","floor":1,"key":"SMITH"},{"floor":10,"key":"RECALL"},{"data":"Slimebound:CorrosiveSpit","floor":18,"key":"SMITH"},{"data":"Slimebound:Split","floor":27,"key":"SMITH"},{"data":"Slimebound:LevelUp","floor":35,"key":"SMITH"},{"data":"Slimebound:LevelUp","floor":44,"key":"SMITH"}],"circlet_count":0,"master_deck":["Slimebound:Split+1","Slimebound:CorrosiveSpit+1","Slimebound:MassFeed+1","Slimebound:OneTwoCombo","Slimebound:Replication","Slimebound:RallyTheTroops","Slimebound:LeadByExample","Slimebound:Equalize","Slimebound:SplitAcid","Slimebound:SplitMire","Slimebound:Prepare+1","Slimebound:LevelUp+1","Slimebound:Equalize","Slimebound:SlimeSpikes+1","Slimebound:LevelUp+1","Slimebound:SlimeSpikes+1","Slimebound:Teamwork+1","Slimebound:SlimeBrawl+1","Slimebound:Prepare+1","Slimebound:LeadByExample+1","Slimebound:Prepare+1","expansioncontent:QuickStudy+1","Slimebound:SamplingLick+1","Slimebound:Prepare+1","Slimebound:OneTwoCombo","Slimebound:LivingWall+1","Slimebound:SplitAcid+1","Slimebound:Replication+1","Slimebound:LevelUp+1","Slimebound:RejuvenatingLick+1","Slimebound:Darklings+1"],"relics":["Pandora\u0027s Box","Toxic Egg 2","Odd Mushroom","Ectoplasm","downfall:HeartBlessingRed","downfall:HeartBlessingBlue","MawBank","MutagenicStrength","Gremlin Horn","Omamori","downfall:HeartBlessingGreen","Prayer Wheel","Shuriken","SlaversCollar","Matryoshka","Regal Pillow","InkBottle","Bag of Preparation","Anchor","Juzu Bracelet"],"acts_visited":["Exordium","TheCity","TheBeyond"],"potions_floor_usage":[16,25],"damage_taken":[{"damage":16,"enemies":"Cultist","floor":2,"turns":4},{"damage":12,"enemies":"downfall:FleeingMerchant","floor":3,"turns":4},{"damage":4,"enemies":"Small Slimes","floor":4,"turns":3},{"damage":13,"enemies":"Jaw Worm","floor":5,"turns":3},{"damage":24,"enemies":"Blue Slaver","floor":8,"turns":3},{"damage":17,"enemies":"2 Fungi Beasts","floor":9,"turns":3},{"damage":4,"enemies":"Exordium Wildlife","floor":11,"turns":3},{"damage":18,"enemies":"Exordium Thugs","floor":13,"turns":3},{"damage":14,"enemies":"The Mushroom Lair","floor":14,"turns":2},{"damage":8,"enemies":"Blue Slaver","floor":15,"turns":3},{"damage":79,"enemies":"downfall:Defect","floor":16,"turns":7},{"damage":12,"enemies":"Spheric Guardian","floor":19,"turns":3},{"damage":12,"enemies":"Snecko","floor":20,"turns":3},{"damage":18,"enemies":"Book of Stabbing","floor":21,"turns":4},{"damage":20,"enemies":"Centurion and Healer","floor":22,"turns":3},{"damage":45,"enemies":"downfall:Augmenter","floor":23,"turns":4},{"damage":24,"enemies":"Snake Plant","floor":25,"turns":3},{"damage":12,"enemies":"Gremlin Leader","floor":26,"turns":4},{"damage":12,"enemies":"Cultist and Chosen","floor":28,"turns":3},{"damage":8,"enemies":"Chosen and Byrds","floor":29,"turns":3},{"damage":12,"enemies":"Colosseum Nobs","floor":30,"turns":3},{"damage":8,"enemies":"Snake Plant","floor":32,"turns":3},{"damage":50,"enemies":"downfall:Ironclad","floor":33,"turns":4},{"damage":20,"enemies":"Nemesis","floor":36,"turns":5},{"damage":18,"enemies":"3 Darklings","floor":37,"turns":3},{"damage":8,"enemies":"Orb Walker","floor":38,"turns":2},{"damage":20,"enemies":"Maw","floor":39,"turns":4},{"damage":12,"enemies":"Sphere and 2 Shapes","floor":43,"turns":1},{"damage":24,"enemies":"Jaw Worm Horde","floor":48,"turns":2},{"damage":12,"enemies":"Spire Growth","floor":49,"turns":2},{"damage":21,"enemies":"downfall:Silent","floor":50,"turns":3}],"seed_played":"-1863638945533072789","potions_obtained":[{"floor":5,"key":"Block Potion"},{"floor":8,"key":"ColorlessPotion"},{"floor":13,"key":"LiquidBronze"},{"floor":14,"key":"AttackPotion"},{"floor":21,"key":"CultistPotion"},{"floor":29,"key":"Block Potion"},{"floor":39,"key":"GamblersBrew"},{"floor":43,"key":"PowerPotion"}],"is_trial":false,"path_per_floor":["R","M","$","M","M","T","T","M","M","R","M","?","M","?","M","B",null,"R","M","M","E","M","?","T","M","E","R","M","M","?","?","M","B",null,"R","E","M","M","M","?","T","T","M","R","?","?","T","M","M","B",null],"character_chosen":"SLIMEBOUND","items_purchased":[],"campfire_rested":0,"item_purchase_floors":[],"current_hp_per_floor":[60,52,52,56,59,59,59,51,50,50,66,66,64,66,70,27,108,118,122,126,116,116,87,87,75,91,91,107,115,127,127,135,113,146,146,130,128,132,132,132,132,132,136,136,136,136,136,142,142,151],"gold":49,"neow_bonus":"BOSS_RELIC","is_daily":false,"chose_seed":false,"campfire_upgraded":5,"win_rate":0.0,"timestamp":1608139858,"path_taken":["R","?","?","M","?","?","T","?","M","R","M","?","?","?","M","BOSS","R","M","M","E","M","?","T","M","E","R","M","M","?","?","M","BOSS","R","E","M","M","M","?","T","?","M","R","?","?","?","M","M","BOSS"],"items_purchased_type":[],"build_version":"2020-12-13","purchased_purges":1,"victory":true,"max_hp_per_floor":[60,64,64,68,72,72,72,76,84,84,92,92,96,104,108,108,108,118,122,126,126,130,134,134,134,134,134,134,138,142,142,142,146,146,146,146,150,154,154,154,154,154,158,158,158,158,158,162,162,162],"card_choices":[{"not_picked":["Slimebound:DivideAndConquer","Slimebound:ItLooksTasty"],"picked":"Slimebound:Equalize","floor":2},{"not_picked":["Slimebound:Chomp","Slimebound:FlameTackle"],"picked":"Slimebound:SplitAcid","floor":3},{"not_picked":["Slimebound:DivideAndConquer","Slimebound:RainOfGoop","Slimebound:FinishingTackle"],"picked":"SKIP","floor":4},{"not_picked":["Slimebound:ComboTackle","Slimebound:GrowthPunch"],"picked":"Slimebound:SplitMire","floor":5},{"not_picked":["Slimebound:ServeAndProtect+1","Slimebound:ComboTackle"],"picked":"Slimebound:Prepare+1","floor":8},{"not_picked":["Slimebound:MegaLick+1","Slimebound:SlimeBarrage"],"picked":"Slimebound:LevelUp","floor":9},{"not_picked":["Slimebound:SamplingLick+1","Slimebound:LeechEnergy"],"picked":"Slimebound:Equalize","floor":11},{"not_picked":["Slimebound:SplitAcid+1","Slimebound:LevelUp"],"picked":"Slimebound:SlimeSpikes+1","floor":13},{"not_picked":["Slimebound:Equalize","Slimebound:SplitMire+1"],"picked":"Slimebound:LevelUp","floor":14},{"not_picked":["Slimebound:GrowthPunch","Slimebound:LevelUp"],"picked":"Slimebound:SlimeSpikes+1","floor":15},{"not_picked":["Slimebound:DouseInSlime+1","Slimebound:LeechLife"],"picked":"Slimebound:Teamwork+1","floor":16},{"not_picked":["Slimebound:PressTheAttack+1","Slimebound:ForwardTackle"],"picked":"Slimebound:SlimeBrawl+1","floor":19},{"not_picked":["Slimebound:TongueLash","Slimebound:ViciousTackle","Slimebound:Repurpose+1"],"picked":"SKIP","floor":20},{"not_picked":["Slimebound:Nibble+1","Slimebound:ForwardTackle+1"],"picked":"Slimebound:Prepare+1","floor":21},{"not_picked":["Slimebound:DivideAndConquer+1","Slimebound:LeechingTouch"],"picked":"Slimebound:LeadByExample+1","floor":22},{"not_picked":[],"picked":"J.A.X.+1","floor":23},{"not_picked":["Slimebound:ItLooksTasty+1","Slimebound:ServeAndProtect+1"],"picked":"Slimebound:Prepare+1","floor":23},{"not_picked":["Slimebound:SlimeTap+1","Slimebound:GoopSpray+1","Slimebound:GrowthPunch"],"picked":"SKIP","floor":25},{"not_picked":["Slimebound:ProtectTheBoss","Slimebound:Dissolve+1","Slimebound:LeechEnergy+1"],"picked":"SKIP","floor":26},{"not_picked":["Slimebound:Equalize+1","Slimebound:FirmFortitude","Slimebound:LeadByExample+1"],"picked":"SKIP","floor":28},{"not_picked":["Slimebound:HauntingLick+1","Slimebound:MassFeed","Slimebound:PressTheAttack"],"picked":"SKIP","floor":29},{"not_picked":["Slimebound:SplitAcid+1","Slimebound:BestDefense"],"picked":"Slimebound:SamplingLick+1","floor":32},{"not_picked":["Slimebound:GoopSpray+1","Slimebound:DivideAndConquer+1"],"picked":"Slimebound:Prepare+1","floor":32},{"not_picked":["Slimebound:SlimeSlap","Slimebound:PrepareCrush+1"],"picked":"Slimebound:OneTwoCombo","floor":33},{"not_picked":["Slimebound:ComboTackle+1","Slimebound:SplitAcid+1"],"picked":"Slimebound:LivingWall+1","floor":36},{"not_picked":["Slimebound:TongueLash","Slimebound:ForwardTackle+1"],"picked":"Slimebound:SplitAcid+1","floor":37},{"not_picked":["Slimebound:RejuvenatingLick+1","Slimebound:GrowthPunch","Slimebound:Grow"],"picked":"SKIP","floor":37},{"not_picked":["Slimebound:LeadByExample","Slimebound:ProtectTheBoss"],"picked":"Slimebound:Replication+1","floor":38},{"not_picked":["Slimebound:LivingWall+1","Slimebound:LeechingTouch","Slimebound:LeechEnergy"],"picked":"SKIP","floor":38},{"not_picked":["Slimebound:SamplingLick+1","Slimebound:Gluttony"],"picked":"Slimebound:LevelUp+1","floor":39},{"not_picked":["Slimebound:PressTheAttack","Slimebound:RollThrough+1","Slimebound:DisruptingSlam+1"],"picked":"SKIP","floor":39},{"not_picked":["Slimebound:LeechEnergy","Slimebound:ItLooksTasty"],"picked":"Slimebound:RejuvenatingLick+1","floor":43},{"not_picked":["Slimebound:LeechingTouch+1","Slimebound:AcidTongue","Slimebound:GrowthPunch+1"],"picked":"SKIP","floor":43},{"not_picked":["Slimebound:Chomp+1","Slimebound:SplitLeeching+1","Slimebound:FirmFortitude"],"picked":"SKIP","floor":48},{"not_picked":["Slimebound:ServeAndProtect+1","Slimebound:SlimeSpikes+1","Slimebound:Prepare+1"],"picked":"SKIP","floor":48},{"not_picked":["Slimebound:PrepareCrush+1","Slimebound:AcidTongue+1","Slimebound:ComboTackle+1"],"picked":"SKIP","floor":49},{"not_picked":["Slimebound:AcidTongue+1","Slimebound:SplitMire+1","Slimebound:Nibble+1"],"picked":"SKIP","floor":49}],"player_experience":396773,"relics_obtained":[{"floor":7,"key":"Toxic Egg 2"},{"floor":14,"key":"Odd Mushroom"},{"floor":21,"key":"MawBank"},{"floor":23,"key":"MutagenicStrength"},{"floor":24,"key":"Gremlin Horn"},{"floor":26,"key":"Omamori"},{"floor":30,"key":"Prayer Wheel"},{"floor":30,"key":"Shuriken"},{"floor":36,"key":"Matryoshka"},{"floor":41,"key":"Regal Pillow"},{"floor":41,"key":"InkBottle"},{"floor":42,"key":"Bag of Preparation"},{"floor":42,"key":"Anchor"},{"floor":47,"key":"Juzu Bracelet"}],"event_choices":[{"cards_removed":["Slimebound:Tackle"],"damage_healed":0,"gold_gain":0,"player_choice":"Card Removal","damage_taken":0,"max_hp_gain":0,"max_hp_loss":0,"event_name":"Wheel of Change","floor":12,"gold_loss":0},{"damage_healed":0,"gold_gain":0,"player_choice":"Fought Mushrooms","damage_taken":0,"max_hp_gain":0,"max_hp_loss":0,"event_name":"Mushrooms","floor":14,"gold_loss":0},{"cards_removed":["Slimebound:LeechEnergy"],"damage_healed":0,"gold_gain":0,"player_choice":"Removed Attack","damage_taken":0,"max_hp_gain":0,"max_hp_loss":0,"event_name":"Falling","floor":40,"gold_loss":0}],"is_beta":false,"boss_relics":[{"not_picked":["Black Star","Tiny House"],"picked":"Ectoplasm"},{"not_picked":["Runic Dome","Velvet Choker"],"picked":"SlaversCollar"}],"items_purged_floors":[3],"is_endless":false,"potions_floor_spawned":[5,8,13,14,15,21,22,29,30,32,39,43,49],"ascension_level":0}}