{"host":"hd247izqelijquzb","time":1608078604,"event":{"mods":["BaseMod","Dio Mod","Hubris","Infinite Spire","Minty Spire (QoL Compilation)","Quick Restart","StSLib"],"gold_per_floor":[117,136,136,136,152,187,207,225,225,38,38,38,54,69,69,274,274,392,410,420,194,205,205,219,219,219,232,302,327,340,357,357,456,456,476,541,552,613,663,663,663],"floor_reached":40,"playtime":1540,"items_purged":["Strike_G"],"score":445,"play_id":"f77d8c8d-d05a-4bad-b200-71c4e194c725","local_time":"20201216003004","is_ascension_mode":false,"campfire_choices":[{"floor":15,"key":"REST"},{"floor":23,"key":"REST"},{"floor":32,"key":"REST"}],"circlet_count":0,"master_deck":["Strike_G","Strike_G","Strike_G","Defend_G","Defend_G","Defend_G","Defend_G","Defend_G","Survivor","Neutralize","Finisher","Slice","Dagger Spray","Deadly Poison","Noxious Fumes+1","Crippling Poison","infinitespire:Neurotoxin","Poisoned Stab","Bouncing Flask","Backflip","infinitespire:Neurotoxin","Bane","Caltrops+1","infinitespire:Neurotoxin","Poisoned Stab+1","Burst","Slice+1","Catalyst+1"],"relics":["Ring of the Snake","NeowsBlessing","Bronze Scales","Frozen Egg 2","Meat on the Bone","infinitespire:Lucky Rock","hubris:Icosahedron","Sozu","DollysMirror","SsserpentHead","Gremlin Horn","Centennial Puzzle","Fusion Hammer","hubris:Towel"],"acts_visited":["Exordium","TheCity","TheBeyond"],"potions_floor_usage":[6,28,30],"damage_taken":[{"damage":0,"enemies":"Small Slimes","floor":1,"turns":1},{"damage":0,"enemies":"2 Louse","floor":2,"turns":1},{"damage":0,"enemies":"Cultist","floor":5,"turns":1},{"damage":24,"enemies":"3 Sentries","floor":6,"turns":9},{"damage":11,"enemies":"Lots of Slimes","floor":7,"turns":3},{"damage":5,"enemies":"Gremlin Gang","floor":8,"turns":5},{"damage":2,"enemies":"Large Slime","floor":13,"turns":5},{"damage":10,"enemies":"Looter","floor":14,"turns":3},{"damage":33,"enemies":"Slime Boss","floor":16,"turns":10},{"damage":29,"enemies":"2 Thieves","floor":18,"turns":4},{"damage":12,"enemies":"3 Byrds","floor":19,"turns":3},{"damage":20,"enemies":"3 Cultists","floor":20,"turns":4},{"damage":13,"enemies":"Snake Plant","floor":22,"turns":3},{"damage":16,"enemies":"Sentry and Sphere","floor":24,"turns":4},{"damage":10,"enemies":"Chosen and Byrds","floor":27,"turns":4},{"damage":12,"enemies":"Centurion and Healer","floor":28,"turns":4},{"damage":19,"enemies":"Nightmare","floor":29,"turns":5},{"damage":16,"enemies":"Snake Plant","floor":30,"turns":3},{"damage":0,"enemies":"Snecko","floor":31,"turns":3},{"damage":46,"enemies":"Automaton","floor":33,"turns":8},{"damage":7,"enemies":"Orb Walker","floor":35,"turns":2},{"damage":34,"enemies":"3 Darklings","floor":36,"turns":4},{"damage":39,"enemies":"Spire Growth","floor":37,"turns":4},{"damage":6,"enemies":"4 Shapes","floor":38,"turns":4},{"damage":21,"enemies":"Reptomancer","floor":40,"turns":2}],"seed_played":"-8418230846604115122","potions_obtained":[{"floor":5,"key":"Regen Potion"},{"floor":8,"key":"Weak Potion"},{"floor":13,"key":"GamblersBrew"},{"floor":16,"key":"Block Potion"}],"is_trial":false,"path_per_floor":["M","M","?","?","M","E","M","M","T","$","?","?","M","M","R","B",null,"M","M","M","$","M","R","M","?","T","M","M","NM","M","M","R","B",null,"M","M","M","M","?","E"],"character_chosen":"THE_SILENT","items_purchased":["Noxious Fumes+1","infinitespire:Lucky Rock","DollysMirror"],"campfire_rested":3,"item_purchase_floors":[10,10,21],"current_hp_per_floor":[70,70,63,56,56,47,36,31,31,31,31,31,41,43,64,43,70,41,41,33,33,32,53,37,37,37,39,39,32,28,40,61,27,70,63,41,14,20,20,0,0],"gold":663,"neow_bonus":"THREE_ENEMY_KILL","is_daily":false,"chose_seed":false,"campfire_upgraded":0,"win_rate":0.0,"timestamp":1608078604,"path_taken":["M","M","?","?","M","E","M","M","T","$","?","?","M","M","R","BOSS","M","M","M","$","M","R","M","?","T","M","?","NM","M","M","R","BOSS","M","?","M","?","?","E"],"items_purchased_type":["Card","Relic","Relic"],"build_version":"2020-12-13","purchased_purges":1,"victory":false,"max_hp_per_floor":[70,70,70,70,70,70,70,70,70,70,70,70,70,70,70,70,70,70,70,70,70,70,70,70,70,70,70,70,70,70,70,70,70,70,70,70,70,70,70,70,70],"card_choices":[{"not_picked":["Concentrate","PiercingWail","Eviscerate"],"picked":"SKIP","floor":1},{"not_picked":["Dagger Throw","Dodge and Roll"],"picked":"Finisher","floor":2},{"not_picked":["Flechettes","Acrobatics"],"picked":"Slice","floor":5},{"not_picked":["Tactician","PiercingWail","Dodge and Roll"],"picked":"SKIP","floor":6},{"not_picked":["Prepared","Sucker Punch"],"picked":"Dagger Spray","floor":7},{"not_picked":["Deflect","Underhanded Strike"],"picked":"Deadly Poison","floor":8},{"not_picked":["Dagger Throw","Underhanded Strike"],"picked":"Crippling Poison","floor":13},{"not_picked":["Footwork+1","Setup","Flying Knee"],"picked":"SKIP","floor":14},{"not_picked":["Venomology","Die Die Die"],"picked":"infinitespire:Neurotoxin","floor":16},{"not_picked":["Finisher","Setup"],"picked":"Poisoned Stab","floor":18},{"not_picked":["Flechettes","Flying Knee"],"picked":"Bouncing Flask","floor":19},{"not_picked":["Blade Dance","Underhanded Strike"],"picked":"Backflip","floor":20},{"not_picked":["hubris:Sniper+1","Dagger Spray","Expertise"],"picked":"SKIP","floor":22},{"not_picked":["Deflect+1","Endless Agony"],"picked":"Bane","floor":24},{"not_picked":["Dagger Spray","Accuracy+1"],"picked":"Caltrops+1","floor":27},{"not_picked":["Well Laid Plans+1","Blade Dance","Heel Hook"],"picked":"SKIP","floor":28},{"not_picked":["Deadly Poison+1","Reflex+1"],"picked":"infinitespire:Neurotoxin","floor":29},{"not_picked":["Expertise","Deadly Poison"],"picked":"Poisoned Stab+1","floor":30},{"not_picked":["Crippling Poison+1","Acrobatics","Expertise"],"picked":"SKIP","floor":31},{"not_picked":["After Image+1","infinitespire:Neurotoxin"],"picked":"Burst","floor":33},{"not_picked":["hubris:Sniper+1","Deadly Poison"],"picked":"Slice+1","floor":35},{"not_picked":["Sucker Punch+1","Dash","hubris:SlightOfHand+1"],"picked":"SKIP","floor":36},{"not_picked":["Dagger Spray+1","Choke+1","Footwork+1"],"picked":"SKIP","floor":37},{"not_picked":["Bouncing Flask","Poisoned Stab+1"],"picked":"Catalyst+1","floor":38}],"player_experience":429570,"relics_obtained":[{"floor":6,"key":"Frozen Egg 2"},{"floor":9,"key":"Meat on the Bone"},{"floor":26,"key":"Gremlin Horn"},{"floor":29,"key":"Centennial Puzzle"}],"event_choices":[{"cards_removed":["Strike_G"],"damage_healed":0,"gold_gain":0,"player_choice":"Card Removal","damage_taken":7,"max_hp_gain":0,"max_hp_loss":0,"event_name":"Golden Wing","floor":3,"gold_loss":0},{"damage_healed":0,"gold_gain":0,"player_choice":"Success","damage_taken":7,"relics_obtained":["Bronze Scales"],"max_hp_gain":0,"max_hp_loss":0,"event_name":"Scrap Ooze","floor":4,"gold_loss":0},{"damage_healed":0,"gold_gain":0,"player_choice":"Trade","damage_taken":0,"relics_obtained":["SsserpentHead"],"max_hp_gain":0,"max_hp_loss":0,"event_name":"FaceTrader","floor":25,"gold_loss":0}],"is_beta":false,"boss_relics":[{"not_picked":["hubris:GrandSneckoEye","hubris:HollowSoul"],"picked":"Sozu"},{"not_picked":["hubris:CrackedHourglass","hubris:TerracottaHorce"],"picked":"Fusion Hammer"}],"items_purged_floors":[21],"is_endless":true,"potions_floor_spawned":[5,8,13,16,18,19,22,29,35,36,38],"killed_by":"Reptomancer","ascension_level":0}}