{"host":"y76clbnovzmw9ubx","time":1608129316,"event":{"mods":["AchievementEnabler","BaseMod","Minty Spire (QoL Compilation)","Permanent Neow","Relic Stats"],"gold_per_floor":[111,111,128,146,146,146,161,196,196,216,226,252,281,313,325,337,337],"floor_reached":16,"playtime":839,"items_purged":[],"score":232,"play_id":"7f5d08ed-ec6a-4f64-9007-f5c7cb4ffec6","local_time":"20201216093516","is_ascension_mode":true,"campfire_choices":[{"data":"Skewer","floor":6,"key":"SMITH"},{"floor":15,"key":"REST"}],"circlet_count":0,"master_deck":["AscendersBane","Strike_G","Strike_G+1","Strike_G","Strike_G","Strike_G","Defend_G","Defend_G","Defend_G","Defend_G","Defend_G+1","Survivor","Neutralize","CurseOfTheBell","Sucker Punch","Skewer+1","Quick Slash","Endless Agony","Cloak And Dagger","Dagger Spray","Noxious Fumes","Finisher"],"relics":["Calling Bell","Happy Flower","HornCleat","Mango","Gremlin Horn","Darkstone Periapt","MawBank"],"acts_visited":["Exordium"],"potions_floor_usage":[8,12,13,16,16],"damage_taken":[{"damage":1,"enemies":"Jaw Worm","floor":1,"turns":4},{"damage":1,"enemies":"Cultist","floor":3,"turns":5},{"damage":0,"enemies":"2 Louse","floor":4,"turns":2},{"damage":1,"enemies":"Looter","floor":7,"turns":4},{"damage":7,"enemies":"Gremlin Nob","floor":8,"turns":4},{"damage":0,"enemies":"2 Fungi Beasts","floor":10,"turns":4},{"damage":1,"enemies":"Blue Slaver","floor":11,"turns":3},{"damage":18,"enemies":"Lagavulin","floor":12,"turns":7},{"damage":0,"enemies":"Red Slaver","floor":13,"turns":1},{"damage":0,"enemies":"2 Fungi Beasts","floor":14,"turns":3},{"damage":49,"enemies":"Hexaghost","floor":16,"turns":9}],"seed_played":"377580187280342119","potions_obtained":[{"floor":3,"key":"Weak Potion"},{"floor":4,"key":"LiquidMemories"},{"floor":5,"key":"Block Potion"},{"floor":11,"key":"Fire Potion"},{"floor":13,"key":"ColorlessPotion"},{"floor":14,"key":"Dexterity Potion"}],"is_trial":false,"path_per_floor":["M","?","M","M","?","R","M","E","T","M","M","E","M","M","R","B"],"character_chosen":"THE_SILENT","items_purchased":[],"campfire_rested":1,"item_purchase_floors":[],"current_hp_per_floor":[72,48,47,47,47,47,46,39,39,39,38,20,20,20,44,0,0],"gold":337,"neow_bonus":"BOSS_RELIC","is_daily":false,"chose_seed":false,"campfire_upgraded":1,"win_rate":0.0,"timestamp":1608129316,"path_taken":["M","?","M","M","?","R","M","E","T","M","M","E","?","M","R","BOSS"],"items_purchased_type":[],"build_version":"2020-12-13","purchased_purges":0,"victory":false,"max_hp_per_floor":[80,80,80,80,80,80,80,80,80,80,80,80,80,80,80,80,80],"relic_stats":{"Darkstone Periapt":0,"Happy Flower":[15],"Gremlin Horn":[2,2],"counters":[11,46],"MawBank":48,"obtain_stats":[{"Calling Bell":0,"Darkstone Periapt":9,"HornCleat":0,"Happy Flower":0,"Gremlin Horn":8,"Mango":0,"MawBank":12,"Ring of the Snake":0},{"Calling Bell":0,"Darkstone Periapt":5,"HornCleat":0,"Happy Flower":0,"Gremlin Horn":5,"Mango":0,"MawBank":8,"Ring of the Snake":0},{"Calling Bell":0,"Darkstone Periapt":19,"HornCleat":0,"Happy Flower":0,"Gremlin Horn":19,"Mango":0,"MawBank":33,"Ring of the Snake":0}]},"card_choices":[{"not_picked":["Quick Slash","PiercingWail"],"picked":"Sucker Punch","floor":1},{"not_picked":["Prepared","Crippling Poison"],"picked":"Skewer","floor":3},{"not_picked":["Predator","Acrobatics"],"picked":"Quick Slash","floor":4},{"not_picked":["Acrobatics","Dodge and Roll"],"picked":"Endless Agony","floor":7},{"not_picked":["Tools of the Trade","Accuracy","Cloak And Dagger"],"picked":"SKIP","floor":8},{"not_picked":["Tools of the Trade","Accuracy"],"picked":"Cloak And Dagger","floor":8},{"not_picked":["Sucker Punch","Dodge and Roll"],"picked":"Dagger Spray","floor":10},{"not_picked":["Bane","Unload"],"picked":"Noxious Fumes","floor":11},{"not_picked":["Dash","Terror","Skewer"],"picked":"SKIP","floor":12},{"not_picked":["Outmaneuver","Deflect"],"picked":"Finisher","floor":13},{"not_picked":["Setup","Bane","Reflex"],"picked":"SKIP","floor":14}],"player_experience":2879459,"relics_obtained":[{"floor":0,"key":"Happy Flower"},{"floor":0,"key":"HornCleat"},{"floor":0,"key":"Mango"},{"floor":8,"key":"Gremlin Horn"},{"floor":9,"key":"Darkstone Periapt"},{"floor":12,"key":"MawBank"}],"event_choices":[{"damage_healed":0,"gold_gain":0,"player_choice":"Entered Light","damage_taken":24,"max_hp_gain":0,"max_hp_loss":0,"event_name":"Shining Light","floor":2,"gold_loss":0,"cards_upgraded":["Defend_G","Strike_G"]},{"damage_healed":0,"gold_gain":0,"player_choice":"Got Potions","damage_taken":0,"max_hp_gain":0,"max_hp_loss":0,"event_name":"Lab","floor":5,"gold_loss":0}],"is_beta":false,"boss_relics":[],"items_purged_floors":[],"is_endless":false,"potions_floor_spawned":[3,4,11,13,14],"killed_by":"Hexaghost","ascension_level":20}}