{"host":"6vv0uythevi5qk1w","time":1608124388,"event":{"mods":["Act Like it!","BaseMod","Downfall","Gensokyo","Minty Spire (QoL Compilation)","Remilia£®¿Ÿ√◊¿Ú—«£©","Replay The Spire","StSLib"],"gold_per_floor":[99,131,131,123,156,184,184,225,253,253,253,290,314,314,331,331,356,465,465,240,268,300,300,324,383,383,409,430,468,500,522,82,133,143,251,251,251,284,293,312,312,346,373,408,422,464,479,504,45,69,83,83,83,110,30,30,30],"floor_reached":58,"playtime":6065,"items_purged":["Spreading Infection","hexamod:Strike"],"score":2021,"play_id":"82d0c065-1d13-44d0-91a2-1d6c15f03ca3","local_time":"20201216211308","is_ascension_mode":true,"campfire_choices":[{"floor":1.0,"key":"RECALL"},{"data":"hexamod:NecessarySacrifice","floor":20.0,"key":"SMITH"},{"floor":37,"key":"DIG"},{"floor":41,"key":"DIG"},{"floor":56,"key":"DIG"}],"circlet_count":0,"master_deck":["hexamod:Strike","hexamod:Strike+1","hexamod:Defend+1","hexamod:Defend","hexamod:Defend","hexamod:Defend+1","hexamod:Float","hexamod:FastForward+1","hexamod:FastForward+1","hexamod:Hexaguard","hexamod:NecessarySacrifice+1","hexamod:TimeWarp+1","hexamod:WildfireWeapon+1","AbeCurse","hexamod:GhostOfSpirePast+1","hexamod:RecurringNightmare+1","hexamod:TurnItUp","hexamod:Again+1","hexamod:TimeOfNeed","hexamod:TimeWarp+1","hexamod:Haunt+1","hexamod:SpectralAdrenaline+1","hexamod:GhostOfSpireFuture","hexamod:TimeOfNeed"],"relics":["hexamod:SpiritBrand","downfall:HeartsMalice","The Courier","Replay:Mystery Machine","Question Card","Counterbalance","Ring of Misfortune","Ring of Fury","Abe\u0027s Treasure","downfall:HeartBlessingRed","downfall:HeartBlessingGreen","downfall:HeartBlessingBlue","Boot","hexamod:TheBrokenSeal","CeramicFish","Kunai","Replay:Bottled Steam","hexamod:TheBrokenSeal","Bag of Preparation","Shovel","Replay:Rubber Ducky","Painkiller Herb","ReplayTheSpireMod:Ninjato","Replay:Ringing Soul","Turnip","Bird Faced Urn","Vajra","Shuriken","Happy Flower","hexamod:SoulOfChaos","OrangePellets","ReplayTheSpireMod:TigerMarble","Divine Protection","hexamod:MatchstickCase","ReplayTheSpireMod:Lightbulb","Replay:WaspNest"],"acts_visited":["Exordium","TheCity","TheBeyond","TheEnding"],"potions_floor_usage":[24,24,25,25,25,25,28,30,31,57,57],"damage_taken":[{"damage":0.0,"enemies":"3 Sentries","floor":2.0,"turns":1.0},{"damage":0.0,"enemies":"Jaw Worm","floor":3.0,"turns":1.0},{"damage":0.0,"enemies":"Gremlin Nob","floor":5.0,"turns":1.0},{"damage":18.0,"enemies":"2 Louse","floor":6.0,"turns":4.0},{"damage":0.0,"enemies":"Replay:BlueRogue","floor":8.0,"turns":6.0},{"damage":3.0,"enemies":"Small Slimes","floor":9.0,"turns":4.0},{"damage":0.0,"enemies":"Gremlin Nob","floor":12.0,"turns":4.0},{"damage":0.0,"enemies":"2 Fungi Beasts","floor":13.0,"turns":3.0},{"damage":0.0,"enemies":"Red Slaver","floor":15.0,"turns":1.0},{"damage":22.0,"enemies":"Lots of Slimes","floor":17.0,"turns":3.0},{"damage":20.0,"enemies":"downfall:Defect","floor":18.0,"turns":5.0},{"damage":8.0,"enemies":"3 Byrds","floor":21.0,"turns":4.0},{"damage":7.0,"enemies":"Replay:Snechameleon","floor":22.0,"turns":8.0},{"damage":14,"enemies":"Cultist and Chosen","floor":24,"turns":8},{"damage":18,"enemies":"Gremlin Leader","floor":25,"turns":8},{"damage":0,"enemies":"Snake Plant","floor":27,"turns":3},{"damage":13,"enemies":"Shelled Parasite and Fungi","floor":28,"turns":4},{"damage":20,"enemies":"Book of Stabbing","floor":29,"turns":6},{"damage":17,"enemies":"Centurion and Healer","floor":30,"turns":4},{"damage":5,"enemies":"Snecko","floor":31,"turns":4},{"damage":0,"enemies":"downfall:FleeingMerchant","floor":32,"turns":4},{"damage":0,"enemies":"Cultist and Chosen","floor":34,"turns":3},{"damage":0,"enemies":"downfall:Ironclad","floor":35,"turns":5},{"damage":0,"enemies":"Giant Head","floor":38,"turns":6},{"damage":0,"enemies":"Orb Walker","floor":40,"turns":1},{"damage":0,"enemies":"R_Hoarder","floor":42,"turns":5},{"damage":0,"enemies":"Reptomancer","floor":44,"turns":3},{"damage":14,"enemies":"3 Darklings","floor":45,"turns":3},{"damage":0,"enemies":"R_Hoarder","floor":46,"turns":3},{"damage":0,"enemies":"Spire Growth","floor":47,"turns":2},{"damage":0,"enemies":"Transient","floor":48,"turns":5},{"damage":0,"enemies":"downfall:FleeingMerchant","floor":49,"turns":2},{"damage":0,"enemies":"Writhing Mass","floor":50,"turns":2},{"damage":0,"enemies":"Maw","floor":51,"turns":1},{"damage":6,"enemies":"downfall:Silent","floor":52,"turns":3},{"damage":0,"enemies":"downfall:CharBossMerchant","floor":54,"turns":4},{"damage":0,"enemies":"downfall:NeowBoss","floor":57,"turns":10}],"seed_played":"6943846252829702487","potions_obtained":[{"floor":6.0,"key":"EntropicBrew"},{"floor":6.0,"key":"Dexterity Potion"},{"floor":8.0,"key":"Fire Potion"},{"floor":9.0,"key":"LiquidMemories"},{"floor":12.0,"key":"BlessingOfTheForge"},{"floor":13.0,"key":"ColorlessPotion"},{"floor":13.0,"key":"Fire Potion"},{"floor":15.0,"key":"PowerPotion"},{"floor":17.0,"key":"Adrenaline Potion"},{"floor":18.0,"key":"Fruit Juice"},{"floor":21.0,"key":"DuplicationPotion"},{"floor":22.0,"key":"FearPotion"},{"floor":24,"key":"Fruit Juice"},{"floor":24,"key":"EntropicBrew"},{"floor":28,"key":"Energy Potion"},{"floor":29,"key":"Fruit Juice"},{"floor":30,"key":"DistilledChaos"},{"floor":31,"key":"FearPotion"},{"floor":50,"key":"Swift Potion"}],"is_trial":false,"path_per_floor":["R","E","M","?","E","M","T","E","M","PTL","PTL","E","M","?","M","?","M","B",null,"R","M","E","?","M","E","T","M","M","E","M","M","$","T","M","B",null,"T","E","?","?","T","E","T","E","?","E","?","?","T","?","?","B",null,"E","T","T","B",null],"character_chosen":"THE_SPIRIT","items_purchased":["Bag of Preparation","Shovel","hexamod:SoulOfChaos","OrangePellets","ReplayTheSpireMod:TigerMarble","Divine Protection","hexamod:MatchstickCase"],"campfire_rested":0,"item_purchase_floors":[32,32,49,49,49,49,49],"current_hp_per_floor":[70,70,70,70,70,52,52,52,49,49,49,49,49,49,49,49,27,7,70,80,77,77,77,70,100,100,100,87,67,55,115,115,115,115,115,115,115,115,118,118,118,118,118,118,108,117,121,124,127,130,130,126,130,130,130,130,130],"gold":30,"neow_bonus":"THREE_ENEMY_KILL","is_daily":false,"chose_seed":false,"campfire_upgraded":1,"win_rate":0.0,"timestamp":1608124388,"path_taken":["R","E","M","?","E","M","T","E","M","PTL","PTL","E","M","?","M","?","M","BOSS","R","M","E","?","M","E","T","?","M","E","M","M","$","?","M","BOSS","T","E","?","?","T","E","T","E","?","E","?","?","T","?","?","BOSS","E","T","T","BOSS"],"items_purchased_type":["Relic","Relic","Relic","Relic","Relic","Relic","Relic"],"build_version":"2020-12-13","purchased_purges":2,"victory":true,"max_hp_per_floor":[70,70,70,70,70,70,70,70,70,70,70,70,70,70,70,70,70,70,70,80,85,85,85,85,100,100,100,100,100,105,115,115,115,115,115,115,115,115,118,118,118,118,118,118,118,121,121,124,127,130,130,130,130,130,130,130,130],"card_choices":[{"not_picked":["hexamod:PowerFromBeyond","hexamod:SwordOfDarkness","hexamod:BurningTouch"],"picked":"SKIP","floor":2.0},{"not_picked":["hexamod:BacktrackSmack","hexamod:NightmareStrike"],"picked":"hexamod:FourthSeal","floor":3.0},{"not_picked":["hexamod:ShieldOfDarkness","hexamod:ExtraCrispy"],"picked":"hexamod:ThirdSeal","floor":5.0},{"not_picked":["hexamod:SwordOfDarkness","hexamod:NightmareStrike"],"picked":"hexamod:FastForward","floor":6.0},{"not_picked":["hexamod:StepThrough","hexamod:AdvancingGuard"],"picked":"hexamod:FastForward","floor":6.0},{"not_picked":["hexamod:BacktrackSmack","hexamod:FastForward"],"picked":"hexamod:Hexaguard","floor":8.0},{"not_picked":["hexamod:SpectersWail","hexamod:Hexaguard"],"picked":"hexamod:NecessarySacrifice","floor":8.0},{"not_picked":["hexamod:ShieldOfDarkness","hexamod:NightmareStrike","hexamod:FastForward"],"picked":"hexamod:TimeWarp","floor":9.0},{"not_picked":["hexamod:StepThrough","hexamod:RainOfEmbers","hexamod:GhostShield","hexamod:NightmareStrike"],"picked":"SKIP","floor":9.0},{"not_picked":["hexamod:RetreatToShadows","hexamod:SuperheatedStrike","hexamod:PhantomCloak","hexamod:BacktrackSmack"],"picked":"SKIP","floor":12.0},{"not_picked":["hexamod:EmpoweredFlame","hexamod:SoulSteal","hexamod:NightmareStrike","hexamod:RainOfEmbers"],"picked":"SKIP","floor":12.0},{"not_picked":["hexamod:InspiringFlames","hexamod:ThermalTransfer","hexamod:FastForward"],"picked":"hexamod:WildfireWeapon","floor":13.0},{"not_picked":["hexamod:BurningTouch","hexamod:SoulSteal","hexamod:EtherealExpedition","hexamod:GhostLash"],"picked":"SKIP","floor":13.0},{"not_picked":["hexamod:AdvancingGuard","hexamod:ShieldOfDarkness","hexamod:DynamicBlow","hexamod:NightmareStrike"],"picked":"SKIP","floor":15.0},{"not_picked":["hexamod:GhostflameBarrier","hexamod:NightmareStrike","hexamod:CatchUp","hexamod:BacktrackSmack"],"picked":"SKIP","floor":15.0},{"not_picked":["hexamod:AdvancingGuard","hexamod:Hexaguard","hexamod:SuperheatedStrike","hexamod:ShieldOfDarkness"],"picked":"SKIP","floor":17.0},{"not_picked":["hexamod:Toasty","hexamod:SearingWound","hexamod:UnlimitedPower"],"picked":"hexamod:FifthSeal","floor":18.0},{"not_picked":["hexamod:SearingWound","hexamod:ApocalypseNow","hexamod:GhostflameInferno"],"picked":"hexamod:SixthSeal","floor":18.0},{"not_picked":["hexamod:SecondSeal","hexamod:ThirdSeal","hexamod:FourthSeal"],"picked":"hexamod:FirstSeal","floor":21.0},{"not_picked":["hexamod:CrushingStance","hexamod:ThirdSeal","hexamod:NightmareGuise"],"picked":"hexamod:GhostOfSpirePast+1","floor":21.0},{"not_picked":["hexamod:BacktrackSmack+1","hexamod:NightmareStrike+1","hexamod:GhostShield","hexamod:ShieldOfDarkness"],"picked":"SKIP","floor":21.0},{"not_picked":["hexamod:ThirdSeal","hexamod:FourthSeal","hexamod:FirstSeal"],"picked":"hexamod:FifthSeal","floor":22.0},{"not_picked":["hexamod:BacktrackSmack","hexamod:Hexaguard","hexamod:SpectralAdrenaline","hexamod:Again"],"picked":"SKIP","floor":22.0},{"not_picked":["hexamod:Hexaguard","hexamod:ShieldOfDarkness","hexamod:EmpoweredFlame","hexamod:SuperheatedStrike+1"],"picked":"SKIP","floor":22.0},{"not_picked":["hexamod:SwordOfDarkness","hexamod:NecessarySacrifice","hexamod:PowerFromBeyond+1"],"picked":"hexamod:SixthSeal","floor":24},{"not_picked":["hexamod:RadiantFlame","hexamod:FastForward","hexamod:HauntingEcho","hexamod:ExtraCrispy+1"],"picked":"SKIP","floor":24},{"not_picked":["hexamod:SecondSeal","hexamod:FifthSeal","hexamod:FourthSeal"],"picked":"hexamod:ThirdSeal","floor":25},{"not_picked":["hexamod:ShieldOfDarkness","hexamod:GhostOfSpireFuture","hexamod:GhostShield+1"],"picked":"hexamod:TurnItUp","floor":25},{"not_picked":["hexamod:NightmareStrike","hexamod:EtherealExpedition","hexamod:Incineration"],"picked":"hexamod:Again+1","floor":27},{"not_picked":["hexamod:SpectersWail+1","hexamod:BurningTouch","hexamod:ChargedBarrage","hexamod:Firestarter"],"picked":"SKIP","floor":27},{"not_picked":["hexamod:FifthSeal","hexamod:SecondSeal","hexamod:FirstSeal"],"picked":"hexamod:FourthSeal","floor":28},{"not_picked":["hexamod:SoulSteal","hexamod:SpectersWail","hexamod:NightmareStrike","hexamod:GhostLash"],"picked":"SKIP","floor":28},{"not_picked":["hexamod:ThermalTransfer","hexamod:GhostflameBarrier","hexamod:HauntingEcho","hexamod:Hexaguard"],"picked":"SKIP","floor":28},{"not_picked":["hexamod:FirstSeal","hexamod:FourthSeal","hexamod:ThirdSeal"],"picked":"hexamod:SecondSeal","floor":29},{"not_picked":["hexamod:RainOfEmbers","hexamod:HauntingEcho","hexamod:AdvancingGuard","hexamod:Hexaguard"],"picked":"SKIP","floor":29},{"not_picked":["hexamod:SwordOfDarkness","hexamod:Toasty","hexamod:ShieldOfDarkness+1","hexamod:NightmareStrike"],"picked":"SKIP","floor":29},{"not_picked":["hexamod:ThirdSeal","hexamod:FourthSeal","hexamod:FifthSeal"],"picked":"hexamod:FirstSeal","floor":30},{"not_picked":["hexamod:FlamesFromBeyond","hexamod:CatchUp","hexamod:AdvancingGuard","hexamod:HauntingEcho"],"picked":"SKIP","floor":30},{"not_picked":["hexamod:RainOfEmbers","hexamod:GhostLash+1","hexamod:HauntingEcho","hexamod:PowerFromBeyond"],"picked":"SKIP","floor":30},{"not_picked":["hexamod:HeatCrush","hexamod:ChargedBarrage","hexamod:InspiringFlames","hexamod:ShieldOfDarkness"],"picked":"SKIP","floor":31},{"not_picked":["hexamod:ExtraCrispy+1","hexamod:Incineration","hexamod:HauntingEcho","hexamod:BacktrackSmack"],"picked":"SKIP","floor":32},{"not_picked":["hexamod:FlamesFromBeyond","hexamod:RainOfEmbers","hexamod:NightmareStrike","hexamod:SpectralAdrenaline"],"picked":"SKIP","floor":34},{"not_picked":["hexamod:Toasty","hexamod:SixthSeal","hexamod:ApocalypseNow"],"picked":"hexamod:TimeOfNeed","floor":35},{"not_picked":["hexamod:DynamicBlow","hexamod:Firestarter+1","hexamod:SwordOfDarkness","hexamod:GhostLash"],"picked":"SKIP","floor":38},{"not_picked":["hexamod:Again+1","hexamod:HauntingEcho+1","hexamod:ChargedBarrage","hexamod:Incineration"],"picked":"SKIP","floor":40},{"not_picked":["hexamod:HeatCrush","hexamod:RainOfEmbers+1","hexamod:FirstSeal","hexamod:FastForward+1"],"picked":"SKIP","floor":42},{"not_picked":["hexamod:GhostOfSpirePresent+1","hexamod:GhostOfSpirePast","hexamod:CatchUp","hexamod:TurnItUp"],"picked":"SKIP","floor":44},{"not_picked":["hexamod:RecurringNightmare","hexamod:ShieldOfDarkness+1","hexamod:NightmareStrike+1","hexamod:RainOfEmbers"],"picked":"SKIP","floor":45},{"not_picked":["hexamod:SpectersWail","hexamod:HeatShield+1","hexamod:AdvancingGuard"],"picked":"hexamod:Haunt+1","floor":46},{"not_picked":["hexamod:BurningTouch+1","hexamod:SpectersWail","hexamod:Firestarter","hexamod:ThermalTransfer"],"picked":"SKIP","floor":47},{"not_picked":["hexamod:BacktrackSmack+1","hexamod:HauntingEcho+1","hexamod:FastForward"],"picked":"hexamod:SpectralAdrenaline+1","floor":48},{"not_picked":["hexamod:GhostLash","hexamod:NightmareGuise+1","hexamod:HauntingEcho"],"picked":"hexamod:GhostOfSpireFuture","floor":49},{"not_picked":["hexamod:Firestarter+1","hexamod:PhantomFireball+1","hexamod:FirstSeal"],"picked":"hexamod:TimeOfNeed","floor":50},{"not_picked":["hexamod:EtherealExpedition","hexamod:SpectersWail","hexamod:HeatMetal","hexamod:ShieldOfDarkness+1"],"picked":"SKIP","floor":51},{"not_picked":["hexamod:NightmareGuise","hexamod:SwordOfDarkness","hexamod:SpectralSpark","hexamod:BacktrackSmack+1"],"picked":"SKIP","floor":54}],"player_experience":365845,"relics_obtained":[{"floor":2.0,"key":"The Courier"},{"floor":5.0,"key":"Replay:Mystery Machine"},{"floor":8.0,"key":"Question Card"},{"floor":12.0,"key":"Counterbalance"},{"floor":14.0,"key":"Ring of Misfortune"},{"floor":14.0,"key":"Ring of Fury"},{"floor":22.0,"key":"Boot"},{"floor":25,"key":"CeramicFish"},{"floor":26,"key":"Kunai"},{"floor":29,"key":"Replay:Bottled Steam"},{"floor":33,"key":"Replay:Rubber Ducky"},{"floor":37,"key":"ReplayTheSpireMod:Ninjato"},{"floor":38,"key":"Replay:Ringing Soul"},{"floor":41,"key":"Turnip"},{"floor":42,"key":"Bird Faced Urn"},{"floor":43,"key":"Vajra"},{"floor":44,"key":"Shuriken"},{"floor":46,"key":"Happy Flower"},{"floor":54,"key":"ReplayTheSpireMod:Lightbulb"},{"floor":56,"key":"Replay:WaspNest"}],"event_choices":[{"damage_healed":0.0,"max_hp_gain":0.0,"max_hp_loss":0.0,"gold_gain":0.0,"cards_transformed":["hexamod:Strike"],"event_name":"Transmorgrifier","player_choice":"Transformed","floor":23.0,"gold_loss":0.0,"damage_taken":0.0,"cards_obtained":["hexamod:RecurringNightmare"]},{"damage_healed":0,"gold_gain":0,"player_choice":"Copied","damage_taken":0,"max_hp_gain":0,"max_hp_loss":0,"event_name":"Duplicator","floor":39,"gold_loss":0,"cards_obtained":["hexamod:TimeWarp"]}],"is_beta":false,"boss_relics":[{"not_picked":["Astrolabe","Velvet Choker"],"picked":"Abe\u0027s Treasure"},{"not_picked":["Tiny House","Runic Pyramid"],"picked":"Painkiller Herb"}],"items_purged_floors":[32,55],"is_endless":false,"potions_floor_spawned":[6,13,15,17,24,28,34,35,38,45,46,50,51,54],"ascension_level":2}}