{"host":"6vv0uythevi5qk1w","time":1608098493,"event":{"mods":["Act Like it!","BaseMod","Downfall","Gensokyo","Minty Spire (QoL Compilation)","Remilia£®¿Ÿ√◊¿Ú—«£©","Replay The Spire","StSLib"],"gold_per_floor":[99,99,24,42,67,64,128,151,163,201,213,297,309,351,379,391,391],"floor_reached":16,"playtime":978,"items_purged":[],"score":117,"play_id":"1e743839-b753-41ba-8d6b-644f8d6896fb","local_time":"20201216140133","is_ascension_mode":true,"campfire_choices":[{"floor":1.0,"key":"RECALL"},{"data":"hexamod:Sear","floor":3.0,"key":"SMITH"},{"data":"hexamod:CatchUp","floor":9.0,"key":"SMITH"}],"circlet_count":0,"master_deck":["hexamod:Strike","hexamod:Strike+1","hexamod:Strike","hexamod:Strike","hexamod:Defend","hexamod:Defend","hexamod:Defend","hexamod:Sear+1","hexamod:Float","hexamod:RetreatToShadows","hexamod:CatchUp+1","hexamod:HeatShield","hexamod:SixthSeal","hexamod:GhostOfSpirePast","hexamod:ThirdSeal"],"relics":["hexamod:SpiritBrand","TungstenRod","downfall:HeartBlessingRed","MawBank","Replay:Mystery Machine","Akabeko","Letter Opener","Counterbalance","Odd Mushroom"],"acts_visited":["Exordium"],"potions_floor_usage":[16,16],"damage_taken":[{"damage":2.0,"enemies":"Jaw Worm","floor":4.0,"turns":3.0},{"damage":18.0,"enemies":"3 Sentries","floor":5.0,"turns":8.0},{"damage":0.0,"enemies":"downfall:FleeingMerchant","floor":6.0,"turns":4.0},{"damage":5.0,"enemies":"2 Louse","floor":8.0,"turns":2.0},{"damage":10.0,"enemies":"Lagavulin","floor":10.0,"turns":7.0},{"damage":2.0,"enemies":"The Mushroom Lair","floor":14.0,"turns":4.0},{"damage":0.0,"enemies":"Small Slimes","floor":15.0,"turns":2.0},{"damage":7,"enemies":"downfall:Ironclad","floor":16,"turns":5}],"seed_played":"-8932014256238756768","potions_obtained":[{"floor":5.0,"key":"DuplicationPotion"},{"floor":8.0,"key":"Dexterity Potion"},{"floor":10.0,"key":"SpeedPotion"},{"floor":15.0,"key":"LiquidBronze"}],"is_trial":false,"path_per_floor":["R","?","R","M","E","$","T","M","R","E","?","T","?","?","M","B"],"character_chosen":"THE_SPIRIT","items_purchased":[],"campfire_rested":0,"item_purchase_floors":[],"current_hp_per_floor":[70,70,70,68,50,50,50,45,45,35,35,35,8,6,6,0,0],"gold":391,"neow_bonus":"ONE_RARE_RELIC","is_daily":false,"chose_seed":false,"campfire_upgraded":2,"win_rate":0.0,"timestamp":1608098493,"path_taken":["R","?","R","M","E","$","T","M","R","E","?","?","?","?","M","BOSS"],"items_purchased_type":[],"build_version":"2020-12-13","purchased_purges":0,"victory":false,"max_hp_per_floor":[70,70,70,70,70,70,70,70,70,70,70,70,70,70,70,70,70],"card_choices":[{"not_picked":["hexamod:DynamicBlow","hexamod:NightmareGuise"],"picked":"hexamod:RetreatToShadows","floor":4.0},{"not_picked":["hexamod:InspiringFlames","hexamod:ThermalTransfer"],"picked":"hexamod:CatchUp","floor":5.0},{"not_picked":["hexamod:ThermalTransfer","hexamod:GhostLash","hexamod:Firestarter"],"picked":"SKIP","floor":6.0},{"not_picked":["hexamod:ThermalTransfer","hexamod:ShieldOfDarkness"],"picked":"hexamod:HeatShield","floor":8.0},{"not_picked":["hexamod:NightmareGuise","hexamod:SpectralSpark"],"picked":"hexamod:SixthSeal","floor":10.0},{"not_picked":["hexamod:EtherealExpedition","hexamod:ChargedBarrage"],"picked":"hexamod:GhostOfSpirePast","floor":14.0},{"not_picked":["hexamod:SpectersWail","hexamod:PowerFromBeyond"],"picked":"hexamod:ThirdSeal","floor":15.0}],"player_experience":362235,"relics_obtained":[{"floor":5.0,"key":"MawBank"},{"floor":7.0,"key":"Replay:Mystery Machine"},{"floor":10.0,"key":"Akabeko"},{"floor":12.0,"key":"Letter Opener"},{"floor":14.0,"key":"Odd Mushroom"}],"event_choices":[{"cards_removed":["Decay"],"damage_healed":0.0,"max_hp_gain":0.0,"max_hp_loss":0.0,"gold_gain":0.0,"event_name":"The Cleric","player_choice":"Card Removal","floor":11.0,"gold_loss":0.0,"damage_taken":0.0},{"damage_healed":0.0,"max_hp_gain":0.0,"max_hp_loss":0.0,"gold_gain":0.0,"event_name":"Scrap Ooze","player_choice":"Success","floor":13.0,"gold_loss":0.0,"damage_taken":33.0,"relics_obtained":["Counterbalance"]},{"damage_healed":0.0,"max_hp_gain":0.0,"max_hp_loss":0.0,"gold_gain":0.0,"event_name":"Mushrooms","player_choice":"Fought Mushrooms","floor":14.0,"gold_loss":0.0,"damage_taken":0.0}],"is_beta":false,"boss_relics":[],"items_purged_floors":[],"is_endless":false,"potions_floor_spawned":[5,8,10,15],"killed_by":"downfall:Ironclad","ascension_level":2}}