{"host":"Ian","time":1608116370,"event":{"mods":["BaseMod","Bestiary","Block Reminder","Colored Map","Highlight Path","Key Reminder","Minty Spire (QoL Compilation)","Relic Stats"],"gold_per_floor":[119,133,143,68,143,168,168,168,168,181,192,211,0,0,0,77,77,95,107,122,15,26,26,57,75,75,75,75,88,118,137,137,137,137],"floor_reached":33,"playtime":1272,"items_purged":["Strike_R","Strike_R"],"score":582,"play_id":"c8bf0e0f-ba0b-4a03-bc19-afc6e6d94cca","local_time":"20201216105930","is_ascension_mode":true,"campfire_choices":[{"data":"Immolate","floor":8.0,"key":"SMITH"},{"data":"Bludgeon","floor":15.0,"key":"SMITH"},{"floor":23.0,"key":"REST"},{"floor":27.0,"key":"REST"},{"floor":32,"key":"REST"}],"circlet_count":0,"master_deck":["AscendersBane","Strike_R","Strike_R","Defend_R","Defend_R","Defend_R","Defend_R","Bash","Flame Barrier","Wild Strike","Immolate+1","Spot Weakness","Shrug It Off","Thunderclap","Bludgeon+1","Double Tap","Disarm","Metallicize","Immolate","Pommel Strike+1","Disarm","Armaments"],"relics":["Burning Blood","NeowsBlessing","Torii","HornCleat","Membership Card","Fusion Hammer","Lantern","Sundial","Singing Bowl","Ice Cream"],"acts_visited":["Exordium","TheCity"],"potions_floor_usage":[30,33],"damage_taken":[{"damage":0.0,"enemies":"Cultist","floor":1.0,"turns":1.0},{"damage":0.0,"enemies":"Small Slimes","floor":2.0,"turns":1.0},{"damage":0.0,"enemies":"Jaw Worm","floor":3.0,"turns":1.0},{"damage":48.0,"enemies":"Gremlin Nob","floor":6.0,"turns":5.0},{"damage":1.0,"enemies":"Blue Slaver","floor":10.0,"turns":3.0},{"damage":7.0,"enemies":"Lots of Slimes","floor":11.0,"turns":2.0},{"damage":0.0,"enemies":"Large Slime","floor":12.0,"turns":4.0},{"damage":8.0,"enemies":"Hexaghost","floor":16.0,"turns":9.0},{"damage":19.0,"enemies":"Spheric Guardian","floor":18.0,"turns":4.0},{"damage":11.0,"enemies":"2 Thieves","floor":19.0,"turns":3.0},{"damage":23.0,"enemies":"Shelled Parasite and Fungi","floor":20.0,"turns":3.0},{"damage":26.0,"enemies":"Sentry and Sphere","floor":22.0,"turns":6.0},{"damage":28.0,"enemies":"Slavers","floor":24.0,"turns":5.0},{"damage":1.0,"enemies":"Snake Plant","floor":25.0,"turns":4.0},{"damage":0.0,"enemies":"3 Cultists","floor":29.0,"turns":2.0},{"damage":20,"enemies":"Gremlin Leader","floor":30,"turns":6},{"damage":0,"enemies":"Centurion and Healer","floor":31,"turns":4},{"damage":55,"enemies":"Automaton","floor":33,"turns":8}],"seed_played":"2170797258079695014","potions_obtained":[{"floor":2.0,"key":"GamblersBrew"},{"floor":3.0,"key":"HeartOfIron"},{"floor":16.0,"key":"Regen Potion"},{"floor":19.0,"key":"EssenceOfSteel"},{"floor":22.0,"key":"Strength Potion"},{"floor":24.0,"key":"EntropicBrew"},{"floor":31,"key":"SpeedPotion"}],"is_trial":false,"path_per_floor":["M","M","M","$","?","E","?","R","T","M","M","M","$","?","R","B",null,"M","M","M","$","M","R","E","M","T","R","?","M","E","M","R","B"],"character_chosen":"IRONCLAD","items_purchased":["Membership Card","Lantern","Metallicize"],"campfire_rested":3,"item_purchase_floors":[13,21,21],"current_hp_per_floor":[74,75,75,75,64,22,22,22,22,27,26,32,32,32,32,30,64,51,46,29,29,24,46,24,29,29,51,30,36,24,30,54,0,0],"gold":137,"neow_bonus":"THREE_ENEMY_KILL","is_daily":false,"chose_seed":false,"campfire_upgraded":2,"win_rate":0.0,"timestamp":1608116370,"path_taken":["M","?","M","$","?","E","?","R","T","M","M","M","$","?","R","BOSS","M","M","?","$","M","R","E","M","T","R","?","M","E","M","R","BOSS"],"items_purchased_type":["Relic","Relic","Card"],"build_version":"2020-12-07","purchased_purges":2,"victory":false,"max_hp_per_floor":[75,75,75,75,75,75,75,75,75,75,75,75,75,75,75,75,75,75,75,75,75,75,75,75,75,75,75,80,80,82,82,82,82,82],"relic_stats":{"Torii":22,"Singing Bowl":2,"counters":[18,71],"Sundial":[2],"obtain_stats":[{"Ice Cream":30,"Lantern":21,"HornCleat":9,"NeowsBlessing":0,"Torii":6,"Singing Bowl":26,"Sundial":24,"Fusion Hammer":17,"Membership Card":13,"Burning Blood":0},{"Ice Cream":16,"Lantern":11,"HornCleat":4,"NeowsBlessing":0,"Torii":4,"Singing Bowl":14,"Sundial":13,"Fusion Hammer":8,"Membership Card":7,"Burning Blood":0},{"Ice Cream":59,"Lantern":36,"HornCleat":8,"NeowsBlessing":0,"Torii":8,"Singing Bowl":51,"Sundial":47,"Fusion Hammer":26,"Membership Card":17,"Burning Blood":0}],"Burning Blood":91},"card_choices":[{"not_picked":["Sword Boomerang","Iron Wave"],"picked":"Flame Barrier","floor":1.0},{"not_picked":["Iron Wave","Metallicize"],"picked":"Wild Strike","floor":2.0},{"not_picked":["Flex","Clash","Sword Boomerang"],"picked":"SKIP","floor":3.0},{"not_picked":["Thunderclap","Pommel Strike"],"picked":"Immolate","floor":6.0},{"not_picked":["Warcry","Anger"],"picked":"Spot Weakness","floor":10.0},{"not_picked":["Seeing Red","True Grit"],"picked":"Shrug It Off","floor":11.0},{"not_picked":["Pommel Strike","Twin Strike"],"picked":"Thunderclap","floor":12.0},{"not_picked":["Limit Break","Berserk"],"picked":"Double Tap","floor":16.0},{"not_picked":["Warcry+1","Havoc"],"picked":"Disarm","floor":18.0},{"not_picked":["Combust","True Grit","Whirlwind"],"picked":"SKIP","floor":19.0},{"not_picked":["Blood for Blood","Body Slam","Perfected Strike+1"],"picked":"SKIP","floor":20.0},{"not_picked":["Clash","Rupture","Hemokinesis"],"picked":"SKIP","floor":22.0},{"not_picked":["Dropkick","Combust"],"picked":"Immolate","floor":24.0},{"not_picked":["Cleave","Anger"],"picked":"Pommel Strike+1","floor":25.0},{"not_picked":["Warcry","Body Slam"],"picked":"Disarm","floor":29.0},{"not_picked":["Feel No Pain","Thunderclap","Anger"],"picked":"Singing Bowl","floor":30},{"not_picked":["Power Through","Sentinel"],"picked":"Armaments","floor":31}],"player_experience":2535041,"relics_obtained":[{"floor":6.0,"key":"Torii"},{"floor":9.0,"key":"HornCleat"},{"floor":24.0,"key":"Sundial"},{"floor":26.0,"key":"Singing Bowl"},{"floor":30,"key":"Ice Cream"}],"event_choices":[{"damage_healed":0.0,"max_hp_gain":0.0,"max_hp_loss":0.0,"gold_gain":75.0,"event_name":"World of Goop","player_choice":"Gather Gold","floor":5.0,"gold_loss":0.0,"damage_taken":11.0},{"damage_healed":0.0,"max_hp_gain":0.0,"max_hp_loss":0.0,"gold_gain":0.0,"event_name":"Shining Light","player_choice":"Ignored","floor":7.0,"gold_loss":0.0,"damage_taken":0.0},{"damage_healed":0.0,"max_hp_gain":0.0,"max_hp_loss":0.0,"gold_gain":0.0,"cards_transformed":["Strike_R"],"event_name":"Transmorgrifier","player_choice":"Transformed","floor":14.0,"gold_loss":0.0,"damage_taken":0.0,"cards_obtained":["Bludgeon"]},{"damage_healed":0.0,"max_hp_gain":5.0,"max_hp_loss":0.0,"gold_gain":0.0,"event_name":"Forgotten Altar","player_choice":"Shed Blood","floor":28.0,"gold_loss":0.0,"damage_taken":26.0}],"is_beta":true,"boss_relics":[{"not_picked":["Astrolabe","Philosopher\u0027s Stone"],"picked":"Fusion Hammer"}],"items_purged_floors":[4,13],"is_endless":false,"potions_floor_spawned":[2,3,16,19,22,24,25,31],"killed_by":"Automaton","ascension_level":20}}