{"host":"wha9hktbkslqvblg","time":1608102265,"event":{"mods":["BaseMod","Colored Map","Minty Spire (QoL Compilation)","Relic Stats","SuperFastMode","everything is the same but u backflip on backflip"],"gold_per_floor":[119,194,211,211,211,211,236,236,236,236,249,265,279,306,306,377,377,391,391,316,30,46,46,79,79,106,6,16,16,16],"floor_reached":29,"playtime":481,"items_purged":["Strike_R","Strike_R"],"score":652,"play_id":"2c6c1b58-21b3-4c2b-a441-a4be5a205328","local_time":"20201216160425","is_ascension_mode":true,"campfire_choices":[{"data":"Sword Boomerang","floor":6.0,"key":"SMITH"},{"data":"Carnage","floor":8.0,"key":"SMITH"},{"data":"Bash","floor":10.0,"key":"SMITH"},{"data":"Fire Breathing","floor":15.0,"key":"SMITH"},{"data":"Berserk","floor":23.0,"key":"SMITH"},{"floor":25,"key":"REST"}],"circlet_count":0,"master_deck":["AscendersBane","Strike_R","Defend_R","Defend_R","Defend_R","Defend_R","Bash+1","Sword Boomerang+1","Carnage+1","Wild Strike","Fire Breathing+1","Berserk+1","Power Through","Shrug It Off","Offering+1"],"relics":["Burning Blood","NeowsBlessing","Toy Ornithopter","Turnip","Kunai","SacredBark","PreservedInsect","Toxic Egg 2"],"acts_visited":["Exordium","TheCity"],"potions_floor_usage":[29],"damage_taken":[{"damage":0.0,"enemies":"Jaw Worm","floor":1.0,"turns":1.0},{"damage":0.0,"enemies":"2 Louse","floor":3.0,"turns":1.0},{"damage":0.0,"enemies":"3 Sentries","floor":7.0,"turns":2.0},{"damage":0.0,"enemies":"Small Slimes","floor":11.0,"turns":2.0},{"damage":22.0,"enemies":"Gremlin Gang","floor":12.0,"turns":4.0},{"damage":12.0,"enemies":"Large Slime","floor":13.0,"turns":3.0},{"damage":30.0,"enemies":"Lagavulin","floor":14.0,"turns":4.0},{"damage":0.0,"enemies":"Slime Boss","floor":16.0,"turns":5.0},{"damage":12.0,"enemies":"Chosen","floor":18.0,"turns":3.0},{"damage":8.0,"enemies":"3 Byrds","floor":22.0,"turns":4.0},{"damage":61,"enemies":"Slavers","floor":24,"turns":5},{"damage":15,"enemies":"Snecko","floor":28,"turns":5},{"damage":17,"enemies":"Book of Stabbing","floor":29,"turns":4}],"seed_played":"-8505115530178825315","potions_obtained":[{"floor":7.0,"key":"DistilledChaos"},{"floor":13.0,"key":"DuplicationPotion"},{"floor":14.0,"key":"FearPotion"},{"floor":28,"key":"Swift Potion"}],"is_trial":false,"path_per_floor":["M","?","M","?","?","R","E","R","T","R","M","M","M","E","R","B",null,"M","?","?","$","M","R","E","R","T","$","M","E"],"character_chosen":"IRONCLAD","items_purchased":["Shrug It Off","PreservedInsect"],"campfire_rested":1,"item_purchase_floors":[21,21],"current_hp_per_floor":[74,63,69,69,69,69,75,75,75,75,75,59,53,29,29,40,66,65,65,65,65,63,63,8,30,30,30,21,9,9],"gold":16,"neow_bonus":"THREE_ENEMY_KILL","is_daily":false,"chose_seed":false,"campfire_upgraded":5,"win_rate":0.0,"timestamp":1608102265,"path_taken":["M","?","M","?","?","R","E","R","T","R","?","M","?","E","R","BOSS","M","?","?","$","M","R","E","R","T","?","?","E"],"items_purchased_type":["Card","Relic"],"build_version":"2020-12-13","purchased_purges":2,"victory":false,"max_hp_per_floor":[75,75,75,75,75,75,75,75,75,75,75,75,75,75,75,75,75,75,75,75,75,75,75,75,75,75,75,75,75,75],"relic_stats":{"counters":[13,43],"Turnip":[7],"PreservedInsect":93,"Kunai":[1],"obtain_stats":[{"NeowsBlessing":0,"SacredBark":17,"Turnip":9,"PreservedInsect":21,"Kunai":14,"Toxic Egg 2":24,"Burning Blood":0,"Toy Ornithopter":7},{"NeowsBlessing":0,"SacredBark":8,"Turnip":3,"PreservedInsect":9,"Kunai":7,"Toxic Egg 2":11,"Burning Blood":0,"Toy Ornithopter":3},{"NeowsBlessing":0,"SacredBark":22,"Turnip":4,"PreservedInsect":25,"Kunai":17,"Toxic Egg 2":34,"Burning Blood":0,"Toy Ornithopter":4}],"Burning Blood":66,"Toy Ornithopter":15},"card_choices":[{"not_picked":["Armaments","Disarm","Thunderclap"],"picked":"SKIP","floor":1.0},{"not_picked":["Feel No Pain","Reckless Charge"],"picked":"Sword Boomerang","floor":3.0},{"not_picked":["Rage","True Grit"],"picked":"Carnage","floor":7.0},{"not_picked":["Dropkick","Flex"],"picked":"Wild Strike","floor":11.0},{"not_picked":["Havoc","Shockwave"],"picked":"Fire Breathing","floor":12.0},{"not_picked":["Reckless Charge","Spot Weakness","Havoc"],"picked":"SKIP","floor":13.0},{"not_picked":["True Grit","Thunderclap","Sentinel"],"picked":"SKIP","floor":14.0},{"not_picked":["Brutality","Exhume"],"picked":"Berserk","floor":16.0},{"not_picked":["Flex","Clothesline","Ghostly Armor"],"picked":"SKIP","floor":18.0},{"not_picked":["Clothesline","Shrug It Off","Havoc"],"picked":"SKIP","floor":22.0},{"not_picked":["Clothesline","Shrug It Off","Havoc"],"picked":"SKIP","floor":22.0},{"not_picked":["Iron Wave","Headbutt","Metallicize"],"picked":"SKIP","floor":24},{"not_picked":["Rage+1","Heavy Blade"],"picked":"Offering+1","floor":28}],"player_experience":853915,"relics_obtained":[{"floor":7.0,"key":"Toy Ornithopter"},{"floor":9.0,"key":"Turnip"},{"floor":14.0,"key":"Kunai"},{"floor":24,"key":"Toxic Egg 2"}],"event_choices":[{"damage_healed":0.0,"max_hp_gain":0.0,"max_hp_loss":0.0,"gold_gain":75.0,"event_name":"World of Goop","player_choice":"Gather Gold","floor":2.0,"gold_loss":0.0,"damage_taken":11.0},{"damage_healed":0.0,"max_hp_gain":0.0,"max_hp_loss":0.0,"gold_gain":0.0,"event_name":"Liars Game","player_choice":"Ignored","floor":4.0,"gold_loss":0.0,"damage_taken":0.0},{"cards_removed":["Strike_R"],"damage_healed":0.0,"max_hp_gain":0.0,"max_hp_loss":0.0,"gold_gain":0.0,"event_name":"Bonfire Elementals","player_choice":"Offered Basic","floor":5.0,"gold_loss":0.0,"damage_taken":0.0},{"damage_healed":0.0,"max_hp_gain":0.0,"max_hp_loss":0.0,"gold_gain":0.0,"event_name":"The Library","player_choice":"Read","floor":19.0,"gold_loss":0.0,"damage_taken":0.0,"cards_obtained":["Power Through"]},{"cards_removed":["Strike_R"],"damage_healed":0.0,"max_hp_gain":0.0,"max_hp_loss":0.0,"gold_gain":0.0,"event_name":"Beggar","player_choice":"Gave Gold","floor":20.0,"gold_loss":75.0,"damage_taken":0.0}],"is_beta":false,"boss_relics":[{"not_picked":["Philosopher\u0027s Stone","Tiny House"],"picked":"SacredBark"}],"items_purged_floors":[21,27],"is_endless":false,"potions_floor_spawned":[7,13,14,28],"killed_by":"Book of Stabbing","ascension_level":20}}