{"host":"flm17o2q7bfjyna6","time":1608148514,"event":{"mods":["2.2 Compatiblity","Act Like it!","BaseMod","Better Altar","Better Match","Better Note","Better Sensory Stone","Better Skull","Better Third Choice","Better Vampires","Colored Map","Colored Powertips","DeckTracker","Hermit","Minty Spire (QoL Compilation)","Quick Restart","Replay The Spire","Spicy Shops","StSLib","Wandering Minibosses"],"gold_per_floor":[117,42,42,42,54,54,54,54,81,113,128,128,128,128,128],"floor_reached":14,"playtime":492,"items_purged":["Strike_B"],"score":129,"play_id":"fa5f08e9-b724-4b92-9dae-8309df659321","local_time":"20201216145514","is_ascension_mode":true,"campfire_choices":[{"data":"Doom and Gloom","floor":6,"key":"SMITH"},{"data":"Streamline","floor":8,"key":"SMITH"},{"data":"Conserve Battery","floor":12,"key":"SMITH"}],"circlet_count":0,"master_deck":["AscendersBane","Strike_B+1","Strike_B+1","Strike_B","Defend_B","Defend_B","Defend_B+1","Zap+1","Dualcast","Doom and Gloom+1","Genetic Algorithm+1","Streamline+1","Regret","Conserve Battery+1"],"relics":["Snecko Heart","Omamori","War Paint","Matryoshka"],"acts_visited":["Exordium"],"potions_floor_usage":[],"damage_taken":[{"damage":7,"enemies":"Small Slimes","floor":1,"turns":3},{"damage":8,"enemies":"Jaw Worm","floor":5,"turns":4},{"damage":29,"enemies":"Replay:BlueRogue","floor":10,"turns":6},{"damage":0,"enemies":"2 Louse","floor":11,"turns":1},{"damage":11,"enemies":"Lagavulin","floor":14,"turns":2}],"seed_played":"3508215194737138368","potions_obtained":[{"floor":1,"key":"AttackPotion"},{"floor":10,"key":"AttackPotion"},{"floor":11,"key":"FearPotion"}],"is_trial":false,"path_per_floor":["M","$","?","?","M","R","?","R","T","E","M","R","?","E"],"character_chosen":"DEFECT","items_purchased":[],"campfire_rested":0,"item_purchase_floors":[],"current_hp_per_floor":[61,61,61,61,53,53,53,53,53,24,24,24,9,0,0],"gold":128,"neow_bonus":"BOSS_RELIC","is_daily":false,"chose_seed":false,"campfire_upgraded":3,"win_rate":0.0,"timestamp":1608148514,"path_taken":["M","$","?","?","M","R","?","R","T","E","M","R","?","E"],"items_purchased_type":[],"build_version":"2020-12-13","purchased_purges":1,"victory":false,"max_hp_per_floor":[75,75,75,75,75,75,75,75,75,75,75,75,75,75,75],"card_choices":[{"not_picked":["Reprogram","Go for the Eyes"],"picked":"Doom and Gloom","floor":1},{"not_picked":["Force Field","BootSequence"],"picked":"Streamline","floor":5},{"not_picked":["Leap","Cold Snap","Auto Shields"],"picked":"SKIP","floor":10},{"not_picked":["Time Bomb","Beam Cell"],"picked":"Conserve Battery","floor":11}],"player_experience":1580611,"relics_obtained":[{"floor":9,"key":"War Paint"},{"floor":10,"key":"Matryoshka"}],"event_choices":[{"damage_healed":0,"gold_gain":0,"player_choice":"Leave","damage_taken":0,"max_hp_gain":0,"max_hp_loss":0,"event_name":"The Cleric","floor":4,"gold_loss":0},{"damage_healed":0,"gold_gain":0,"player_choice":"Box","damage_taken":0,"relics_obtained":["Omamori"],"max_hp_gain":0,"max_hp_loss":0,"event_name":"Big Fish","floor":7,"gold_loss":0,"cards_obtained":["Regret"]},{"damage_healed":24,"gold_gain":0,"player_choice":"Upgrade","damage_taken":15,"max_hp_gain":0,"max_hp_loss":75,"event_name":"betterThird:BetterShining","floor":13,"gold_loss":0,"cards_upgraded":["Strike_B","Strike_B"]}],"is_beta":false,"boss_relics":[],"items_purged_floors":[2],"is_endless":false,"potions_floor_spawned":[1,10,11],"killed_by":"Lagavulin","ascension_level":10}}