{"host":"u1hqaokslqu8yxtr","time":1608127674,"event":{"mods":["Act Like it!","BaseMod","Downfall","Minty Spire (QoL Compilation)","Replay The Spire","StSLib"],"gold_per_floor":[197,216,216,216,236,250,250,100,114,147,247,267,278,295,311,406,406,406,418,438,538,565,665,665,665,690,690,335,349,365,83,93,198,198,198,228,238,53,53,53,53,72,82,110,127,127,177,191,208,208],"floor_reached":51,"playtime":4910,"items_purged":[],"score":1003,"play_id":"ce2d1bd0-22f5-47a3-a712-f723d3eac262","local_time":"20201216220754","is_ascension_mode":false,"campfire_choices":[{"floor":3,"key":"RECALL"},{"data":"hexamod:Float","floor":8,"key":"SMITH"},{"data":"hexamod:GiftsFromTheDead","floor":25,"key":"SMITH"},{"data":"hexamod:FastForward","floor":27,"key":"SMITH"},{"data":"hexamod:WildfireWeapon","floor":35,"key":"SMITH"}],"circlet_count":0,"master_deck":["hexamod:Strike+1","hexamod:Strike+1","hexamod:Defend+1","hexamod:Defend+1","hexamod:Defend+1","hexamod:Sear","hexamod:Float+1","hexamod:SpectersWail","hexamod:GhostShield","hexamod:CrushingStance","hexamod:GhostLash","hexamod:NightmareGuise","hexamod:FastForward+1","hexamod:GhostShield","hexamod:Hexaguard","hexamod:GiftsFromTheDead+1","hexamod:RadiantFlame+1","hexamod:NightmareStrike","hexamod:WildfireWeapon+1","hexamod:GhostLash","hexamod:SpectersWail+1","hexamod:FlamesFromBeyond+1","hexamod:PhantomCloak+1","hexamod:GhostLash","hexamod:SpectersWail+1","hexamod:UnleashSpirits+1","hexamod:RecurringNightmare+1","hexamod:Hexaguard+1","hexamod:Hexaguard","hexamod:GiftsFromTheDead+1","hexamod:NightmareStrike","hexamod:NightmareGuise","hexamod:Hexaguard+1","ReplayUltimateDefense+1","expansioncontent:GoopSpray+1","hexamod:GiftsFromTheDead+1","hexamod:NightmareGuise+1","hexamod:Incineration","hexamod:NightmareGuise"],"relics":["hexamod:SpiritBrand","downfall:HeartBlessingRed","downfall:HeartBlessingBlue","Pen Nib","Empty Cage","Nunchaku","Potion Belt","Pear","Golden Egg","Torii","Snecko Eye","The Courier","Frozen Egg 2","Lee\u0027s Waffle","Boot","HornCleat","Girya"],"acts_visited":["Exordium","TheCity","TheBeyond"],"potions_floor_usage":[16,20,22,26,30,36,36,37,47,50],"damage_taken":[{"damage":0,"enemies":"2 Louse","floor":2,"turns":3},{"damage":0,"enemies":"Cultist","floor":5,"turns":3},{"damage":0,"enemies":"Jaw Worm","floor":6,"turns":3},{"damage":0,"enemies":"Exordium Wildlife","floor":9,"turns":3},{"damage":7,"enemies":"Replay:BlueRogue","floor":10,"turns":6},{"damage":0,"enemies":"Red Slaver","floor":12,"turns":3},{"damage":0,"enemies":"3 Louse","floor":13,"turns":2},{"damage":0,"enemies":"2 Fungi Beasts","floor":14,"turns":2},{"damage":1,"enemies":"Red Slaver","floor":15,"turns":2},{"damage":4,"enemies":"downfall:Watcher","floor":16,"turns":7},{"damage":0,"enemies":"Chosen","floor":19,"turns":3},{"damage":4,"enemies":"Spheric Guardian","floor":20,"turns":4},{"damage":1,"enemies":"Slavers","floor":22,"turns":5},{"damage":0,"enemies":"downfall:LadyInBlue","floor":23,"turns":6},{"damage":12,"enemies":"Replay:Snechameleon","floor":26,"turns":4},{"damage":0,"enemies":"downfall:FleeingMerchant","floor":28,"turns":4},{"damage":1,"enemies":"Centurion and Healer","floor":29,"turns":5},{"damage":1,"enemies":"Shelled Parasite and Fungi","floor":30,"turns":5},{"damage":0,"enemies":"downfall:FleeingMerchant","floor":31,"turns":4},{"damage":6,"enemies":"Cultist and Chosen","floor":32,"turns":4},{"damage":0,"enemies":"downfall:Defect","floor":33,"turns":6},{"damage":20,"enemies":"Reptomancer","floor":36,"turns":4},{"damage":0,"enemies":"Orb Walker","floor":37,"turns":3},{"damage":1,"enemies":"downfall:FleeingMerchant","floor":38,"turns":3},{"damage":1,"enemies":"3 Shapes","floor":42,"turns":4},{"damage":0,"enemies":"Sphere and 2 Shapes","floor":43,"turns":3},{"damage":0,"enemies":"Giant Head","floor":44,"turns":6},{"damage":15,"enemies":"Jaw Worm Horde","floor":45,"turns":3},{"damage":13,"enemies":"Mind Bloom Boss Battle","floor":47,"turns":5},{"damage":11,"enemies":"Maw","floor":48,"turns":5},{"damage":0,"enemies":"Sphere and 2 Shapes","floor":49,"turns":5},{"damage":49,"enemies":"downfall:Silent","floor":50,"turns":5}],"seed_played":"5578674789641513347","potions_obtained":[{"floor":2,"key":"CultistPotion"},{"floor":6,"key":"SpeedPotion"},{"floor":13,"key":"LiquidMemories"},{"floor":16,"key":"Fire Potion"},{"floor":23,"key":"LiquidMemories"},{"floor":23,"key":"Weak Potion"},{"floor":23,"key":"Swift Potion"},{"floor":26,"key":"BlessingOfTheForge"},{"floor":29,"key":"SkillPotion"},{"floor":30,"key":"Dexterity Potion"},{"floor":32,"key":"champ:CounterPotion"},{"floor":36,"key":"Fire Potion"},{"floor":43,"key":"SpeedPotion"},{"floor":47,"key":"SteroidPotion"},{"floor":48,"key":"Adrenaline Potion"}],"is_trial":false,"path_per_floor":["R","M","R","?","M","M","T","R","M","E","?","M","M","M","M","B",null,"R","M","M","?","E","?","T","R","E","R","$","M","M","$","M","B",null,"R","E","M","$","$","?","T","M","M","E","M","?","?","M","M","B",null],"character_chosen":"THE_SPIRIT","items_purchased":["Torii","hexamod:PhantomCloak+1","hexamod:UnleashSpirits","hexamod:RecurringNightmare","hexamod:Hexaguard","Frozen Egg 2","ReplayUltimateDefense+1","expansioncontent:GoopSpray","Lee\u0027s Waffle"],"campfire_rested":0,"item_purchase_floors":[28,28,31,31,31,38,38,38,38],"current_hp_per_floor":[77,77,77,77,77,77,77,87,87,80,80,80,80,80,79,75,87,87,87,83,83,82,82,92,92,80,80,80,79,78,78,72,72,97,97,77,77,104,104,114,114,113,113,113,98,98,85,74,74,25],"gold":208,"neow_bonus":"TEN_PERCENT_HP_BONUS","is_daily":false,"chose_seed":false,"campfire_upgraded":4,"win_rate":0.0,"timestamp":1608127674,"path_taken":["R","M","R","?","?","M","T","R","M","E","?","M","M","M","M","BOSS","R","M","M","?","E","?","T","R","E","R","$","M","?","$","M","BOSS","R","E","M","$","$","?","T","M","M","E","M","?","?","?","M","BOSS"],"items_purchased_type":["Relic","Card","Card","Card","Card","Relic","Card","Card","Relic"],"build_version":"2020-12-13","purchased_purges":0,"victory":true,"max_hp_per_floor":[77,77,77,77,77,77,77,87,87,87,87,87,87,87,87,87,87,87,87,87,87,87,87,97,97,97,97,97,97,97,97,97,97,97,97,97,97,104,104,114,114,114,114,114,114,114,114,114,114,114],"card_choices":[{"not_picked":["hexamod:HeatMetal","hexamod:NightmareStrike"],"picked":"hexamod:SpectersWail","floor":2},{"not_picked":["hexamod:BurningTouch","hexamod:NightmareGuise"],"picked":"hexamod:GhostShield","floor":5},{"not_picked":["hexamod:SecondSeal","hexamod:FastForward"],"picked":"hexamod:CrushingStance","floor":6},{"not_picked":["hexamod:RecurringNightmare","hexamod:NecessarySacrifice"],"picked":"hexamod:GhostLash","floor":9},{"not_picked":["hexamod:SecondSeal","hexamod:EmpoweringStance"],"picked":"hexamod:TimeWarp","floor":10},{"not_picked":["hexamod:InspiringFlames","hexamod:ShieldOfDarkness"],"picked":"hexamod:NightmareGuise","floor":12},{"not_picked":["hexamod:SpectersWail","hexamod:InspiringFlames"],"picked":"hexamod:FastForward","floor":13},{"not_picked":["hexamod:SwordOfDarkness","hexamod:HeatShield"],"picked":"hexamod:GhostShield","floor":14},{"not_picked":["hexamod:RainOfEmbers","hexamod:HauntingEcho"],"picked":"hexamod:Hexaguard","floor":15},{"not_picked":["hexamod:SearingWound","hexamod:FifthSeal"],"picked":"hexamod:GiftsFromTheDead","floor":16},{"not_picked":["hexamod:BurningTouch","hexamod:AdvancingGuard"],"picked":"hexamod:RadiantFlame+1","floor":19},{"not_picked":["hexamod:FirstSeal","hexamod:SwordOfDarkness"],"picked":"hexamod:NightmareStrike","floor":20},{"not_picked":["hexamod:NightmareGuise","hexamod:Firestarter"],"picked":"hexamod:WildfireWeapon","floor":22},{"not_picked":["hexamod:ChargedBarrage","hexamod:GhostShield"],"picked":"hexamod:GhostLash","floor":23},{"not_picked":["hexamod:TimeOfNeed","hexamod:NightmareStrike"],"picked":"hexamod:SpectersWail+1","floor":26},{"not_picked":["hexamod:NecessarySacrifice","hexamod:SpectersWail"],"picked":"hexamod:FlamesFromBeyond","floor":28},{"not_picked":["hexamod:SpectersWail","hexamod:GhostflameBarrier"],"picked":"hexamod:GhostLash","floor":29},{"not_picked":["hexamod:SkipABeat+1","hexamod:BacktrackSmack"],"picked":"hexamod:SpectersWail+1","floor":30},{"not_picked":["hexamod:GhostLash+1","hexamod:BacktrackSmack+1","hexamod:HauntingEcho"],"picked":"SKIP","floor":31},{"not_picked":["hexamod:Haunt","hexamod:GhostLash+1"],"picked":"hexamod:Hexaguard","floor":32},{"not_picked":["hexamod:TimeWarp","hexamod:GhostflameInferno"],"picked":"hexamod:GiftsFromTheDead","floor":33},{"not_picked":["hexamod:FirstSeal","hexamod:RainOfEmbers"],"picked":"hexamod:NightmareStrike","floor":36},{"not_picked":["hexamod:SecondSeal","hexamod:FastForward+1"],"picked":"hexamod:NightmareGuise","floor":37},{"not_picked":["hexamod:GhostOfSpirePresent","hexamod:InspiringFlames+1"],"picked":"hexamod:Hexaguard+1","floor":38},{"not_picked":["hexamod:GhostOfSpirePresent+1","hexamod:FastForward"],"picked":"hexamod:GiftsFromTheDead+1","floor":42},{"not_picked":["hexamod:Hexaguard","hexamod:GhostShield+1","hexamod:GhostLash+1"],"picked":"SKIP","floor":43},{"not_picked":["hexamod:ThermalTransfer+1","hexamod:HauntingEcho"],"picked":"hexamod:NightmareGuise+1","floor":44},{"not_picked":["hexamod:BurningTouch","hexamod:AdvancingGuard+1","hexamod:GhostLash+1"],"picked":"SKIP","floor":45},{"not_picked":["hexamod:RadiantFlame+1","hexamod:SixthSeal"],"picked":"hexamod:Incineration","floor":47},{"not_picked":["hexamod:Rewind","hexamod:InspiringFlames+1"],"picked":"hexamod:NightmareGuise","floor":48},{"not_picked":["hexamod:InspiringFlames+1","hexamod:HauntingEcho","hexamod:Haunt"],"picked":"SKIP","floor":49}],"player_experience":134849,"relics_obtained":[{"floor":10,"key":"Pen Nib"},{"floor":22,"key":"Nunchaku"},{"floor":23,"key":"Potion Belt"},{"floor":24,"key":"Pear"},{"floor":26,"key":"Golden Egg"},{"floor":36,"key":"The Courier"},{"floor":41,"key":"Boot"},{"floor":44,"key":"HornCleat"},{"floor":47,"key":"Girya"}],"event_choices":[{"cards_removed":["hexamod:Strike"],"damage_healed":0,"gold_gain":0,"player_choice":"Purged","damage_taken":0,"max_hp_gain":0,"max_hp_loss":0,"event_name":"Purifier","floor":4,"gold_loss":0},{"damage_healed":0,"gold_gain":0,"player_choice":"Simplicity","damage_taken":0,"max_hp_gain":0,"max_hp_loss":0,"event_name":"Back to Basics","floor":18,"gold_loss":0,"cards_upgraded":["hexamod:Strike","hexamod:Strike","hexamod:Defend","hexamod:Defend","hexamod:Defend"]},{"cards_removed":["hexamod:TimeWarp"],"damage_healed":0,"gold_gain":0,"player_choice":"Offered Rare","damage_taken":0,"max_hp_gain":10,"max_hp_loss":0,"event_name":"Bonfire Elementals","floor":40,"gold_loss":0}],"is_beta":false,"boss_relics":[{"not_picked":["Replay:Bronze Core","ChewingGum"],"picked":"Empty Cage"},{"not_picked":["Philosopher\u0027s Stone","Painkiller Herb"],"picked":"Snecko Eye"}],"items_purged_floors":[],"is_endless":false,"potions_floor_spawned":[2,6,13,16,19,26,29,30,32,36,43,47,48],"ascension_level":0}}