{"host":"1rf9pknejqhzkc4o","time":1608139412,"event":{"mods":["Aspiration","BaseMod","Better Altar","Better Match","Better Note","Better Sensory Stone","Better Skull","Better Third Choice","Colored Map","Colored Powertips","Communication Mod","Conspire","Energized Spire","Hubris","Infinite Spire","Ironclad Rager","Minty Spire (QoL Compilation)","Quick Restart","RNG Fix","Rare Cards Sparkle","Relic Stats","Replay The Spire","Retaliation","Spicy Shops","StSLib","The Blue Laboratory","Trackpad"],"gold_per_floor":[110,80,80,80,95,112,37,52,102,102,112,112,138,13,13,111,111,128,3,13,13,23,50,68,78,78,78,78,97,117,127,127,224,224,236,236,236,336,46,46,41,41,68,86,131,145,145,164,164,164],"floor_reached":51,"playtime":1931,"items_purged":["Normality","infinitespire:Pacifist"],"score":744,"play_id":"90cbc6cd-ad75-49ca-92df-a5ff3b906e13","local_time":"20201216202332","is_ascension_mode":false,"campfire_choices":[{"data":"hubris:Counter","floor":10,"key":"SMITH"},{"data":"ICR:PowerAttack","floor":12,"key":"SMITH"},{"floor":15,"key":"DIG"},{"floor":27,"key":"REST"},{"data":"Double Tap","floor":27,"key":"SMITH"},{"floor":32,"key":"REST"},{"data":"Double Tap","floor":32,"key":"SMITH"},{"floor":40,"key":"REST"},{"data":"infinitespire:DeathsTouch","floor":40,"key":"SMITH"},{"floor":42,"key":"REST"},{"data":"Massacre","floor":42,"key":"SMITH"},{"floor":47,"key":"REST"},{"data":"infinitespire:OneForAll","floor":47,"key":"SMITH"},{"floor":49,"key":"REST"}],"circlet_count":0,"master_deck":["Bash","ICR:RageStrike","ICR:RageStrike","ICR:RageStrike","ICR:RageStrike","ICR:RageStrike","ICR:ShieldBash","Spot Weakness","hubris:Counter+1","Quick Slash","ICR:VenomStrike","Pommel Strike","Anger","ICR:PowerAttack+1","Headbutt+1","Double Tap+1","Double Tap+1","Shockwave+1","Heavy Blade+1","Havoc","Havoc","ReplayTheSpireMod:Stacked","DDmod:SpikeInjectionSkill","infinitespire:OneForAll+1","Replay:Undeath\u0027s Touch","Whirlwind","infinitespire:DeathsTouch+1","Disarm+1","Flex+1","Life Link+1","Immolate","Seeing Red+1","conspire:NecroticWound","Heavy Blade","Heavy Blade","DDmod:SpikedSkill+1","Armaments","DDmod:EasePowerCard","Massacre+1","hubris:SharpeningStone+1","CommonCold","Immolate","Pummel","Combust+1","Twin Strike+1"],"relics":["Burning Blood","Ring of Panic","ReplayTheSpireMod:Ring of Collecting","Ring of Greed","Blue Doll","The Courier","aspiration:HiddenCompartment","trackpad:Mousetrap","Gremlin Food","Bronze Scales","SacredBark","Ring of Searing","infinitespire:CursedDice","infinitespire:Magic Flask","ReplayTheSpireMod:Ring of Addiction","Potion Belt","White Beast Statue","Self Forming Clay","trackpad:Trackpad","DDmod:BarbedSlagRelic","BargainBundle","aspiration:TomeofQuesting","Vajra","trackpad:PetRock","ReplayTheSpireMod:Ring of Exchange","conspire:GiftBox"],"acts_visited":["Exordium","TheCity","TheBeyond"],"potions_floor_usage":[16,25,33,33,50,50,50,50,50],"damage_taken":[{"damage":3,"enemies":"Jaw Worm","floor":1,"turns":4},{"damage":12,"enemies":"2 Louse","floor":5,"turns":3},{"damage":8,"enemies":"Small Slimes","floor":6,"turns":3},{"damage":5,"enemies":"3 Louse","floor":8,"turns":2},{"damage":0,"enemies":"Gremlin Gang","floor":11,"turns":3},{"damage":32,"enemies":"3 Sentries","floor":13,"turns":6},{"damage":70,"enemies":"Fading Forest","floor":16,"turns":11},{"damage":8,"enemies":"3 Byrds","floor":18,"turns":3},{"damage":23,"enemies":"Shell Parasite","floor":20,"turns":3},{"damage":37,"enemies":"conspire:HollyBat","floor":22,"turns":7},{"damage":33,"enemies":"conspire:SneckoGhost","floor":23,"turns":3},{"damage":15,"enemies":"Snake Plant","floor":24,"turns":3},{"damage":8,"enemies":"3 Cultists","floor":25,"turns":3},{"damage":0,"enemies":"Centurion and Healer","floor":29,"turns":3},{"damage":42,"enemies":"conspire:HollyBat","floor":30,"turns":9},{"damage":11,"enemies":"Shelled Parasite and Fungi","floor":31,"turns":3},{"damage":48,"enemies":"Pondfish","floor":33,"turns":6},{"damage":28,"enemies":"3 Darklings","floor":35,"turns":3},{"damage":18,"enemies":"3 Shapes","floor":44,"turns":2},{"damage":21,"enemies":"2 Orb Walkers","floor":45,"turns":3},{"damage":29,"enemies":"Spire Growth","floor":46,"turns":3},{"damage":26,"enemies":"Sphere and 2 Shapes","floor":48,"turns":4},{"damage":38,"enemies":"Time Eater","floor":50,"turns":4}],"seed_played":"-4564306247432333224","potions_obtained":[{"floor":1,"key":"SmokeBomb"},{"floor":2,"key":"blueLaboratory:ImpenetrablePotion"},{"floor":2,"key":"blueLaboratory:ExaltedPotion"},{"floor":13,"key":"FairyPotion"},{"floor":16,"key":"LiquidBronze"},{"floor":20,"key":"BlessingOfTheForge"},{"floor":26,"key":"EntropicBrew"},{"floor":26,"key":"SteroidPotion"},{"floor":26,"key":"FairyPotion"},{"floor":29,"key":"Strength Potion"},{"floor":33,"key":"blueLaboratory:BottleOfRum"},{"floor":35,"key":"blueLaboratory:SmithPotion"},{"floor":46,"key":"blueLaboratory:RememoryPotion"}],"is_trial":false,"path_per_floor":["M","?","?","?","M","M","$","M","T","R","M","R","E","$","R_BF","B",null,"M","$","M","T","M","E","M","M","T","R","?","M","M","M","R","B",null,"M","?","?","?","$","R","$","R","T","M","?","M","R","M","R","B",null],"character_chosen":"IRONCLAD","items_purchased":["Gremlin Food","Heavy Blade+1","Havoc","BargainBundle","aspiration:TomeofQuesting","Heavy Blade","DDmod:SpikedSkill+1","Armaments","DDmod:EasePowerCard","DuplicationPotion","Vajra","Massacre"],"campfire_rested":6,"item_purchase_floors":[14,19,19,39,39,39,39,39,39,39,39,41],"current_hp_per_floor":[80,80,80,80,74,72,72,73,73,73,79,79,53,53,53,30,80,78,78,61,61,30,35,26,24,24,48,48,54,18,13,36,39,76,54,54,54,54,54,72,72,72,70,58,43,20,40,23,42,10],"gold":164,"neow_bonus":"IRONCLAD_RAGER","is_daily":false,"chose_seed":false,"campfire_upgraded":7,"win_rate":0.0,"timestamp":1608139412,"path_taken":["M","?","?","?","M","M","$","M","T","R","M","R","E","?","R_BF","BOSS","M","$","?","?","M","E","M","M","T","R","?","M","M","M","R","BOSS","M","?","?","?","?","R","$","R","T","M","?","?","R","M","R","BOSS"],"items_purchased_type":["Relic","Card","Card","Relic","Relic","Card","Card","Card","Card","Potion","Relic","Card"],"build_version":"2020-12-13","purchased_purges":2,"victory":true,"max_hp_per_floor":[80,80,80,80,80,80,80,80,80,80,80,80,80,80,80,80,80,80,80,80,80,80,80,80,80,80,80,80,80,78,78,78,76,76,76,76,74,74,74,72,72,72,70,70,70,68,68,68,66,66],"relic_stats":{"counters":[23,93],"Self Forming Clay":[129],"Bronze Scales":[200],"obtain_stats":[{"trackpad:Mousetrap":13,"ReplayTheSpireMod:Ring of Exchange":43,"SacredBark":17,"Vajra":39,"Blue Doll":9,"aspiration:TomeofQuesting":39,"trackpad:PetRock":43,"Burning Blood":0,"Ring of Searing":21,"Ring of Panic":4,"Gremlin Food":14,"Potion Belt":26,"BargainBundle":39,"infinitespire:CursedDice":21,"Self Forming Clay":26,"trackpad:Trackpad":34,"ReplayTheSpireMod:Ring of Addiction":26,"The Courier":9,"Ring of Greed":9,"infinitespire:Magic Flask":23,"aspiration:HiddenCompartment":9,"White Beast Statue":26,"conspire:GiftBox":45,"ReplayTheSpireMod:Ring of Collecting":4,"Bronze Scales":15,"DDmod:BarbedSlagRelic":37},{"trackpad:Mousetrap":6,"ReplayTheSpireMod:Ring of Exchange":18,"SacredBark":7,"Vajra":18,"Blue Doll":4,"aspiration:TomeofQuesting":18,"trackpad:PetRock":18,"Burning Blood":0,"Ring of Searing":9,"Ring of Panic":1,"Gremlin Food":6,"Potion Belt":13,"BargainBundle":18,"infinitespire:CursedDice":9,"Self Forming Clay":13,"trackpad:Trackpad":17,"ReplayTheSpireMod:Ring of Addiction":13,"The Courier":4,"Ring of Greed":4,"infinitespire:Magic Flask":11,"aspiration:HiddenCompartment":4,"White Beast Statue":13,"conspire:GiftBox":20,"ReplayTheSpireMod:Ring of Collecting":1,"Bronze Scales":6,"DDmod:BarbedSlagRelic":18},{"trackpad:Mousetrap":21,"ReplayTheSpireMod:Ring of Exchange":78,"SacredBark":32,"Vajra":78,"Blue Doll":12,"aspiration:TomeofQuesting":78,"trackpad:PetRock":78,"Burning Blood":0,"Ring of Searing":38,"Ring of Panic":4,"Gremlin Food":21,"Potion Belt":54,"BargainBundle":78,"infinitespire:CursedDice":38,"Self Forming Clay":54,"trackpad:Trackpad":75,"ReplayTheSpireMod:Ring of Addiction":54,"The Courier":12,"Ring of Greed":12,"infinitespire:Magic Flask":48,"aspiration:HiddenCompartment":12,"White Beast Statue":54,"conspire:GiftBox":83,"ReplayTheSpireMod:Ring of Collecting":4,"Bronze Scales":21,"DDmod:BarbedSlagRelic":78}],"Burning Blood":135},"card_choices":[{"not_picked":["Rage","Evolve"],"picked":"Spot Weakness","floor":1},{"not_picked":["DDmod:CallousedSkill","Havoc"],"picked":"Pommel Strike","floor":5},{"not_picked":["Uppercut","Run Through"],"picked":"Anger","floor":6},{"not_picked":["ReplayTheSpireMod:Strike From Hell","Run Through"],"picked":"ICR:PowerAttack","floor":8},{"not_picked":["ReplayTheSpireMod:Strike From Hell","Sever Soul"],"picked":"Headbutt","floor":11},{"not_picked":["ICR:Frenzy","Pommel Strike"],"picked":"Double Tap","floor":13},{"not_picked":["DDmod:AllInSkill","Offering"],"picked":"Double Tap","floor":16},{"not_picked":["Battle Trance","Clothesline"],"picked":"Shockwave+1","floor":18},{"not_picked":["Warcry","Body Slam+1"],"picked":"ReplayTheSpireMod:Stacked","floor":20},{"not_picked":["conspire:Charge+1","Twin Strike"],"picked":"DDmod:SpikeInjectionSkill","floor":22},{"not_picked":["Replay:Undeath\u0027s Touch+1","Replay:Many Hands"],"picked":"infinitespire:OneForAll","floor":23},{"not_picked":["Flame Barrier","DDmod:PokeAttack+1"],"picked":"Replay:Undeath\u0027s Touch","floor":24},{"not_picked":["Cleave","infinitespire:OneForAll"],"picked":"Whirlwind","floor":25},{"not_picked":["hubris:ReadiedAction","Replay:Undeath\u0027s Touch"],"picked":"Disarm+1","floor":29},{"not_picked":["Dropkick","DDmod:UnstoppableAttack"],"picked":"Flex+1","floor":30},{"not_picked":["Thunderclap+1","DDmod:UnstoppableAttack"],"picked":"Life Link+1","floor":31},{"not_picked":["Exhume","DDmod:GrandUltimatumAttack"],"picked":"Immolate","floor":33},{"not_picked":["Entrench","ReplayTheSpireMod:Strike From Hell+1"],"picked":"Seeing Red+1","floor":35},{"not_picked":["DDmod:EasePowerCard+1","Warcry+1"],"picked":"hubris:SharpeningStone+1","floor":44},{"not_picked":["DDmod:GrandUltimatumAttack","Corruption"],"picked":"Immolate","floor":45},{"not_picked":["Havoc","infinitespire:OneForAll+1"],"picked":"Pummel","floor":45},{"not_picked":["Havoc","DDmod:PokeAttack"],"picked":"Combust+1","floor":46},{"not_picked":["Replay:Undeath\u0027s Touch","Rage+1"],"picked":"Twin Strike+1","floor":48}],"player_experience":139003,"relics_obtained":[{"floor":4,"key":"Ring of Panic"},{"floor":4,"key":"ReplayTheSpireMod:Ring of Collecting"},{"floor":9,"key":"Ring of Greed"},{"floor":9,"key":"Blue Doll"},{"floor":9,"key":"The Courier"},{"floor":9,"key":"aspiration:HiddenCompartment"},{"floor":13,"key":"trackpad:Mousetrap"},{"floor":15,"key":"Bronze Scales"},{"floor":21,"key":"Ring of Searing"},{"floor":21,"key":"infinitespire:CursedDice"},{"floor":23,"key":"infinitespire:Magic Flask"},{"floor":26,"key":"ReplayTheSpireMod:Ring of Addiction"},{"floor":26,"key":"Potion Belt"},{"floor":26,"key":"White Beast Statue"},{"floor":26,"key":"Self Forming Clay"},{"floor":43,"key":"trackpad:PetRock"},{"floor":43,"key":"ReplayTheSpireMod:Ring of Exchange"},{"floor":45,"key":"conspire:GiftBox"}],"event_choices":[{"damage_healed":0,"gold_gain":0,"player_choice":"Bought 2 Potions","damage_taken":0,"max_hp_gain":0,"max_hp_loss":0,"event_name":"The Woman in Blue","floor":2,"gold_loss":0},{"cards_removed":["infinitespire:DeathsTouch"],"damage_healed":0,"gold_gain":0,"player_choice":"Take \u0026 Give","damage_taken":0,"max_hp_gain":0,"max_hp_loss":0,"event_name":"betterNote:BetterNote","floor":28,"gold_loss":0,"cards_obtained":["infinitespire:DeathsTouch"]},{"cards_removed":["Pain"],"damage_healed":0,"gold_gain":0,"player_choice":"Removed Curses","damage_taken":0,"max_hp_gain":0,"max_hp_loss":0,"event_name":"Fountain of Cleansing","floor":36,"gold_loss":0},{"damage_healed":0,"gold_gain":100,"player_choice":"Pray","damage_taken":0,"max_hp_gain":0,"max_hp_loss":0,"event_name":"Golden Shrine","floor":38,"gold_loss":0},{"damage_healed":0,"gold_gain":0,"player_choice":"Fight","damage_taken":0,"max_hp_gain":0,"max_hp_loss":0,"event_name":"Mysterious Sphere","floor":45,"gold_loss":0}],"is_beta":false,"boss_relics":[{"not_picked":["aspiration:WatcherSkillbook","Tiny House"],"picked":"SacredBark"},{"not_picked":["Replay:Wanted Poster","Empty Cage"],"picked":"trackpad:Trackpad"}],"items_purged_floors":[7,19],"is_endless":false,"potions_floor_spawned":[1,11,13,16,20,22,23,25,29,30,31,33,35,44,45,46,48],"ascension_level":0}}