{"host":"tknto047uabgu3zm","time":1608101412,"event":{"mods":["AchievementEnabler","BaseMod","Bestiary","Block Reminder","Colored Map","Colored Powertips","Highlight Path","Minty Spire (QoL Compilation)","MonsterHotkey","Permanent Neow","Random Character Button","Rare Cards Sparkle","Relic Sorter","Relic Stats","StSLib"],"gold_per_floor":[116,131,206,224,236,236,268,268,317,330,341,341,359,79,79,154,154,174,174,273,291,144,144,144,158,236,254,254,272,14,28,28,102,102,120,136,136,87,87,87,106,106,152,152,152,8,20,45,45,45],"floor_reached":51,"playtime":2840,"items_purged":[],"score":1043,"play_id":"22cb91aa-e981-40a4-b454-47e5fff0ecfa","local_time":"20201215225012","is_ascension_mode":true,"campfire_choices":[{"data":"TalkToTheHand","floor":6.0,"key":"SMITH"},{"data":"Adaptation","floor":12.0,"key":"SMITH"},{"data":"Bandage Up","floor":15.0,"key":"SMITH"},{"data":"Vault","floor":23,"key":"SMITH"},{"data":"Study","floor":28,"key":"SMITH"},{"data":"Alpha","floor":32,"key":"SMITH"},{"data":"EmptyMind","floor":40,"key":"SMITH"},{"data":"ThirdEye","floor":42,"key":"SMITH"},{"data":"Evaluate","floor":44,"key":"SMITH"},{"data":"Wireheading","floor":49,"key":"SMITH"}],"circlet_count":0,"master_deck":["AscendersBane","Eruption","Vigilance","TalkToTheHand+1","Protect","CutThroughFate+1","EmptyFist","Crescendo","Adaptation+1","WindmillStrike","Wireheading+1","Bandage Up+1","Alpha+1","WindmillStrike","Ragnarok","ForeignInfluence","Ragnarok","Study+1","Pray","Vault+1","JustLucky","ClearTheMind","EmptyMind+1","Conclude+1","DeusExMachina","ThirdEye+1","Writhe","Evaluate+1"],"relics":["Coffee Dripper","Mercury Hourglass","Anchor","Oddly Smooth Stone","Pandora\u0027s Box","Enchiridion","Lee\u0027s Waffle","Meat on the Bone","Singing Bowl","Busted Crown","Regal Pillow","HornCleat","Bag of Preparation","Pocketwatch"],"acts_visited":["Exordium","TheCity","TheBeyond"],"potions_floor_usage":[33,50],"damage_taken":[{"damage":0.0,"enemies":"Jaw Worm","floor":1.0,"turns":3.0},{"damage":0.0,"enemies":"Cultist","floor":2.0,"turns":4.0},{"damage":2.0,"enemies":"2 Louse","floor":4.0,"turns":4.0},{"damage":9.0,"enemies":"Exordium Wildlife","floor":5.0,"turns":7.0},{"damage":9.0,"enemies":"Gremlin Nob","floor":7.0,"turns":4.0},{"damage":0.0,"enemies":"Large Slime","floor":10.0,"turns":2.0},{"damage":1.0,"enemies":"Blue Slaver","floor":11.0,"turns":3.0},{"damage":2.0,"enemies":"Exordium Wildlife","floor":13.0,"turns":3.0},{"damage":23.0,"enemies":"Slime Boss","floor":16.0,"turns":6.0},{"damage":0.0,"enemies":"Spheric Guardian","floor":18.0,"turns":3.0},{"damage":5.0,"enemies":"Shell Parasite","floor":21.0,"turns":4.0},{"damage":16,"enemies":"Centurion and Healer","floor":25,"turns":5},{"damage":7,"enemies":"3 Cultists","floor":27,"turns":5},{"damage":38,"enemies":"Snake Plant","floor":29,"turns":3},{"damage":0,"enemies":"Centurion and Healer","floor":31,"turns":3},{"damage":27,"enemies":"Automaton","floor":33,"turns":7},{"damage":30,"enemies":"3 Darklings","floor":35,"turns":3},{"damage":19,"enemies":"3 Shapes","floor":36,"turns":4},{"damage":14,"enemies":"3 Darklings","floor":41,"turns":4},{"damage":5,"enemies":"Maw","floor":47,"turns":6},{"damage":3,"enemies":"Mind Bloom Boss Battle","floor":48,"turns":6},{"damage":30,"enemies":"Donu and Deca","floor":50,"turns":6}],"seed_played":"4787457513877900345","potions_obtained":[{"floor":4.0,"key":"AttackPotion"},{"floor":5.0,"key":"Block Potion"},{"floor":7.0,"key":"ColorlessPotion"},{"floor":18.0,"key":"EntropicBrew"},{"floor":21.0,"key":"FairyPotion"},{"floor":29,"key":"PowerPotion"},{"floor":33,"key":"Regen Potion"}],"is_trial":false,"path_per_floor":["M","M","?","M","M","R","E","?","T","M","M","R","M","$","R","B",null,"M","?","?","M","$","R","$","M","T","M","R","M","$","M","R","B",null,"M","M","?","$","?","R","M","R","T","R","T","$","M","?","R","B",null],"character_chosen":"WATCHER","items_purchased":["Wireheading","Bandage Up","Oddly Smooth Stone","Lee\u0027s Waffle","Singing Bowl","ThirdEye","Bag of Preparation"],"campfire_rested":0,"item_purchase_floors":[14,14,14,22,30,38,46],"current_hp_per_floor":[61,61,50,48,39,39,30,30,30,30,29,29,27,27,27,10,54,60,44,44,45,75,75,75,65,65,64,64,44,44,52,52,43,69,47,48,48,48,68,68,60,60,60,60,60,60,63,68,68,59],"gold":45,"neow_bonus":"BOSS_RELIC","is_daily":false,"chose_seed":false,"campfire_upgraded":10,"win_rate":0.0,"timestamp":1608101412,"path_taken":["M","M","?","M","M","R","E","?","T","?","M","R","M","$","R","BOSS","M","?","?","M","$","R","$","M","T","M","R","M","$","M","R","BOSS","M","M","?","$","?","R","M","R","T","R","?","$","?","?","R","BOSS"],"items_purchased_type":["Card","Card","Relic","Relic","Relic","Card","Relic"],"build_version":"2020-12-13","purchased_purges":0,"victory":true,"max_hp_per_floor":[68,68,68,68,68,68,68,68,68,68,68,68,68,68,68,68,68,68,68,68,68,75,75,75,75,75,75,75,75,75,77,77,77,77,79,81,81,81,81,81,81,81,81,81,81,81,83,85,85,85],"relic_stats":{"Lee\u0027s Waffle":30,"Regal Pillow":0,"Busted Crown":10,"Singing Bowl":10,"counters":[22,95],"Pandora\u0027s Box":["WindmillStrike","Ragnarok","ForeignInfluence","Ragnarok","Study","Pray","Vault","JustLucky"],"Bag of Preparation":[6],"obtain_stats":[{"Lee\u0027s Waffle":22,"Regal Pillow":43,"Singing Bowl":30,"Oddly Smooth Stone":14,"Enchiridion":19,"Bag of Preparation":46,"Mercury Hourglass":7,"Anchor":9,"Busted Crown":34,"HornCleat":45,"Pandora\u0027s Box":17,"Coffee Dripper":0,"PureWater":0,"Meat on the Bone":26,"Pocketwatch":48},{"Lee\u0027s Waffle":11,"Regal Pillow":19,"Singing Bowl":14,"Oddly Smooth Stone":8,"Enchiridion":10,"Bag of Preparation":19,"Mercury Hourglass":5,"Anchor":5,"Busted Crown":16,"HornCleat":19,"Pandora\u0027s Box":9,"Coffee Dripper":0,"PureWater":0,"Meat on the Bone":12,"Pocketwatch":21},{"Lee\u0027s Waffle":43,"Regal Pillow":77,"Singing Bowl":56,"Oddly Smooth Stone":30,"Enchiridion":39,"Bag of Preparation":77,"Mercury Hourglass":22,"Anchor":22,"Busted Crown":66,"HornCleat":77,"Pandora\u0027s Box":36,"Coffee Dripper":0,"PureWater":0,"Meat on the Bone":48,"Pocketwatch":89}],"Mercury Hourglass":[304],"Meat on the Bone":36,"Pocketwatch":[0]},"card_choices":[{"not_picked":["Protect","Study"],"picked":"TalkToTheHand","floor":1.0},{"not_picked":["EmptyFist","SashWhip"],"picked":"Protect","floor":2.0},{"not_picked":["Evaluate","Pray"],"picked":"CutThroughFate","floor":4.0},{"not_picked":["EmptyBody","BowlingBash"],"picked":"EmptyFist","floor":5.0},{"not_picked":["Prostrate","CrushJoints"],"picked":"Crescendo","floor":7.0},{"not_picked":["FlyingSleeves","SignatureMove"],"picked":"Halt","floor":10.0},{"not_picked":["Collect","CrushJoints"],"picked":"Adaptation","floor":11.0},{"not_picked":["FearNoEvil","SignatureMove"],"picked":"WindmillStrike","floor":13.0},{"not_picked":["ConjureBlade","SpiritShield"],"picked":"Alpha","floor":16.0},{"not_picked":["EmptyFist","LikeWater"],"picked":"ClearTheMind","floor":18.0},{"not_picked":["Crescendo","PathToVictory","JustLucky"],"picked":"SKIP","floor":21.0},{"not_picked":["Study","BowlingBash"],"picked":"EmptyMind","floor":25},{"not_picked":["Halt","EmptyFist"],"picked":"Conclude+1","floor":27},{"not_picked":["FlyingSleeves","SashWhip","SignatureMove+1"],"picked":"SKIP","floor":29},{"not_picked":["Study","Protect","Consecrate"],"picked":"Singing Bowl","floor":31},{"not_picked":["ConjureBlade","MasterReality"],"picked":"DeusExMachina","floor":33},{"not_picked":["EmptyMind"],"picked":"Singing Bowl","floor":35},{"not_picked":["Meditate"],"picked":"Singing Bowl","floor":36},{"not_picked":[],"picked":"Evaluate","floor":41},{"not_picked":["FollowUp"],"picked":"Singing Bowl","floor":47},{"not_picked":["ThirdEye"],"picked":"Singing Bowl","floor":48}],"player_experience":449467,"relics_obtained":[{"floor":7.0,"key":"Mercury Hourglass"},{"floor":9.0,"key":"Anchor"},{"floor":19.0,"key":"Enchiridion"},{"floor":26,"key":"Meat on the Bone"},{"floor":43,"key":"Regal Pillow"},{"floor":45,"key":"HornCleat"},{"floor":48,"key":"Pocketwatch"}],"event_choices":[{"damage_healed":0.0,"max_hp_gain":0.0,"max_hp_loss":0.0,"gold_gain":75.0,"event_name":"World of Goop","player_choice":"Gather Gold","floor":3.0,"gold_loss":0.0,"damage_taken":11.0},{"damage_healed":0.0,"max_hp_gain":0.0,"max_hp_loss":0.0,"gold_gain":0.0,"event_name":"Accursed Blacksmith","player_choice":"Forge","floor":8.0,"gold_loss":0.0,"damage_taken":0.0,"cards_upgraded":["CutThroughFate"]},{"damage_healed":0.0,"max_hp_gain":0.0,"max_hp_loss":0.0,"gold_gain":0.0,"event_name":"Cursed Tome","player_choice":"Obtained Book","floor":19.0,"gold_loss":0.0,"damage_taken":16.0},{"damage_healed":0.0,"max_hp_gain":0.0,"max_hp_loss":0.0,"gold_gain":99.0,"event_name":"Nest","player_choice":"Stole From Cult","floor":20.0,"gold_loss":0.0,"damage_taken":0.0},{"cards_removed":["Halt"],"damage_healed":0,"gold_gain":0,"player_choice":"Removed Skill","damage_taken":0,"max_hp_gain":0,"max_hp_loss":0,"event_name":"Falling","floor":37,"gold_loss":0},{"damage_healed":20,"gold_gain":0,"player_choice":"Writhe","damage_taken":0,"max_hp_gain":0,"max_hp_loss":0,"event_name":"Winding Halls","floor":39,"gold_loss":0,"cards_obtained":["Writhe"]},{"damage_healed":0,"gold_gain":0,"player_choice":"Fight","damage_taken":0,"max_hp_gain":0,"max_hp_loss":0,"event_name":"MindBloom","floor":48,"gold_loss":0}],"is_beta":false,"boss_relics":[{"not_picked":["Ectoplasm","Tiny House"],"picked":"Pandora\u0027s Box"},{"not_picked":["Snecko Eye","Calling Bell"],"picked":"Busted Crown"}],"items_purged_floors":[],"is_endless":false,"potions_floor_spawned":[4,5,7,11,18,21,29,31,33,41,47,48],"ascension_level":14}}