{"host":"flm17o2q7bfjyna6","time":1608150539,"event":{"mods":["2.2 Compatiblity","Act Like it!","BaseMod","Better Altar","Better Match","Better Note","Better Sensory Stone","Better Skull","Better Third Choice","Better Vampires","Colored Map","Colored Powertips","DeckTracker","Hermit","Minty Spire (QoL Compilation)","Quick Restart","Replay The Spire","Spicy Shops","StSLib","Wandering Minibosses"],"gold_per_floor":[109,121,121,121,131,131,131,175,175,214,214,234,4,4,4,123,423,438,438,463,164,164,164,198,42,68,68,88,88,109,109,109,229,229,250,264,264,264,264,264,264],"floor_reached":40,"playtime":1910,"items_purged":["Strike_B","Strike_B"],"score":730,"play_id":"c174c4bc-1c62-4f57-8323-fec2810534c6","local_time":"20201216152859","is_ascension_mode":true,"campfire_choices":[{"data":"Darkness","floor":6,"key":"SMITH"},{"data":"Defragment","floor":11,"key":"SMITH"},{"data":"BasicCrystalCard","floor":15,"key":"SMITH"},{"floor":23,"key":"REST"},{"floor":27,"key":"REST"},{"floor":29,"key":"REST"},{"data":"Loop","floor":32,"key":"SMITH"}],"circlet_count":0,"master_deck":["AscendersBane","Strike_B","Strike_B","Defend_B","Defend_B","Defend_B","Defend_B","Zap","Dualcast","Darkness+1","Loop+1","Coolheaded","Injury","Defragment+1","FIFO Queue","BasicCrystalCard+1","Creative AI+1","CurseOfTheBell","Go for the Eyes","Coolheaded","ReplayUltimateDefense+1","Replay:Bootleg Shield Generator","Flash of Steel","Pot Of Greed","Pot Of Greed","BootSequence","Pot Of Greed","Glacier+1","Mirror Shield","Steam+1","Recycle+1","Trip","Replay:Bootleg Shield Generator"],"relics":["Cracked Core","NeowsBlessing","Ice Cream","Spirit Poop","Golden Idol","CaptainsWheel","Pantograph","Boot","Raider\u0027s Mask","ReplayTheSpireMod:Ninjato","Calling Bell","ReplayTheSpireMod:TigerMarble","Quantum Egg","Old Coin","MealTicket","Nloth\u0027s Gift","ReplayTheSpireMod:Shallot","Guide Book","Grinning Jar","Black Star"],"acts_visited":["Exordium","TheCity","TheBeyond"],"potions_floor_usage":[24,24,37],"damage_taken":[{"damage":0,"enemies":"Jaw Worm","floor":1,"turns":1},{"damage":0,"enemies":"2 Louse","floor":2,"turns":1},{"damage":0,"enemies":"Cultist","floor":5,"turns":1},{"damage":18,"enemies":"Gremlin Nob","floor":8,"turns":3},{"damage":2,"enemies":"Lagavulin","floor":10,"turns":5},{"damage":13,"enemies":"Looter","floor":12,"turns":4},{"damage":41,"enemies":"Hexaghost","floor":16,"turns":8},{"damage":25,"enemies":"3 Byrds","floor":18,"turns":4},{"damage":16,"enemies":"Shell Parasite","floor":20,"turns":4},{"damage":35,"enemies":"Slavers","floor":24,"turns":5},{"damage":30,"enemies":"Cultist and Chosen","floor":28,"turns":7},{"damage":11,"enemies":"Sentry and Sphere","floor":30,"turns":8},{"damage":0,"enemies":"Champ","floor":33,"turns":17},{"damage":12,"enemies":"Orb Walker","floor":35,"turns":4},{"damage":5,"enemies":"3 Shapes","floor":36,"turns":8},{"damage":38,"enemies":"Transient","floor":37,"turns":4},{"damage":32,"enemies":"Nemesis","floor":40,"turns":4}],"seed_played":"-3424809982867957717","potions_obtained":[{"floor":1,"key":"Ancient Potion"},{"floor":5,"key":"Toxic Potion"},{"floor":8,"key":"LiquidMemories"},{"floor":30,"key":"SpeedPotion"},{"floor":31,"key":"ColorlessPotion"},{"floor":31,"key":"SmokeBomb"}],"is_trial":false,"path_per_floor":["M","M","?","?","M","R","?","E","T","E","R","M","$","T","R","B",null,"M","?","M","$","?","R","E","$","T","R","M","R","M","?","R","B",null,"M","M","M","?","?","E"],"character_chosen":"DEFECT","items_purchased":["Raider\u0027s Mask","MealTicket","ReplayTheSpireMod:ShopPack","Guide Book"],"campfire_rested":3,"item_purchase_floors":[13,21,21,25],"current_hp_per_floor":[68,68,68,68,68,68,68,50,50,48,48,35,35,35,35,19,61,36,36,20,20,20,42,7,22,22,44,14,36,25,25,25,50,69,57,52,14,14,14,0,0],"gold":264,"neow_bonus":"THREE_ENEMY_KILL","is_daily":false,"chose_seed":false,"campfire_upgraded":4,"win_rate":0.0,"timestamp":1608150539,"path_taken":["M","M","?","?","?","R","?","E","T","E","R","M","?","?","R","BOSS","M","?","M","$","?","R","E","$","T","R","M","R","?","?","R","BOSS","M","?","?","?","?","E"],"items_purchased_type":["Relic","Relic","Relic","Relic"],"build_version":"2020-12-13","purchased_purges":2,"victory":false,"max_hp_per_floor":[75,75,75,75,75,75,75,75,75,75,75,75,75,75,75,75,75,75,75,75,75,75,75,75,75,75,75,75,75,75,75,75,75,75,75,75,75,75,75,75,75],"card_choices":[{"not_picked":["Auto Shields","Scrape"],"picked":"Darkness","floor":1},{"not_picked":["Redo","BasicCrystalCard"],"picked":"Loop","floor":2},{"not_picked":["Lockon","Go for the Eyes"],"picked":"Coolheaded","floor":5},{"not_picked":["Recycle","Hologram"],"picked":"Defragment","floor":8},{"not_picked":["Barrage","Reprogram"],"picked":"FIFO Queue","floor":10},{"not_picked":["Barrage","Steam"],"picked":"BasicCrystalCard","floor":12},{"not_picked":["Seek","ReplayRNGCard"],"picked":"Creative AI","floor":16},{"not_picked":["Sweeping Beam","Beam Cell+1"],"picked":"Go for the Eyes","floor":18},{"not_picked":["Hello World","Tempest"],"picked":"Coolheaded","floor":20},{"not_picked":["HandOfGreed","Violence"],"picked":"ReplayUltimateDefense","floor":21},{"not_picked":["Thinking Ahead","Finesse"],"picked":"Replay:Bootleg Shield Generator","floor":21},{"not_picked":["Blind","Dramatic Entrance"],"picked":"Flash of Steel","floor":21},{"not_picked":["Redo","All For One","Beam Cell+1"],"picked":"SKIP","floor":24},{"not_picked":["Double Energy+1","BasicCrystalCard"],"picked":"BootSequence","floor":28},{"not_picked":["Turbo","Fusion"],"picked":"Glacier+1","floor":30},{"not_picked":["ReplayTheSpireMod:Fabricate Wheel","Biased Cognition"],"picked":"Mirror Shield","floor":33},{"not_picked":["Capacitor+1","Gash"],"picked":"Steam+1","floor":35},{"not_picked":["Ball Lightning","ReplayTheSpireMod:Reroute Power"],"picked":"Recycle+1","floor":36},{"not_picked":["Impatience","Specialist"],"picked":"Trip","floor":38},{"not_picked":["Enlightenment","Crow Ritual"],"picked":"Replay:Bootleg Shield Generator","floor":38}],"player_experience":1580611,"relics_obtained":[{"floor":8,"key":"CaptainsWheel"},{"floor":9,"key":"Pantograph"},{"floor":10,"key":"Boot"},{"floor":14,"key":"ReplayTheSpireMod:Ninjato"},{"floor":17,"key":"ReplayTheSpireMod:TigerMarble"},{"floor":17,"key":"Quantum Egg"},{"floor":17,"key":"Old Coin"},{"floor":24,"key":"ReplayTheSpireMod:Shallot"},{"floor":26,"key":"Grinning Jar"}],"event_choices":[{"damage_healed":0,"gold_gain":0,"player_choice":"Box","damage_taken":0,"relics_obtained":["Ice Cream"],"max_hp_gain":0,"max_hp_loss":0,"event_name":"Big Fish","floor":3,"gold_loss":0,"cards_obtained":["Regret"]},{"cards_removed":["Regret"],"damage_healed":0,"gold_gain":0,"player_choice":"Offered Curse","damage_taken":0,"relics_obtained":["Spirit Poop"],"max_hp_gain":0,"max_hp_loss":0,"event_name":"Bonfire Elementals","floor":4,"gold_loss":0},{"damage_healed":0,"gold_gain":0,"player_choice":"Take Wound","damage_taken":0,"relics_obtained":["Golden Idol"],"max_hp_gain":0,"max_hp_loss":0,"event_name":"Golden Idol","floor":7,"gold_loss":0,"cards_obtained":["Injury"]},{"cards_removed":["Strike_B"],"damage_healed":0,"gold_gain":0,"player_choice":"Give","damage_taken":0,"max_hp_gain":0,"max_hp_loss":0,"event_name":"betterNote:BetterNote","floor":19,"gold_loss":0,"cards_obtained":["hermit:Defend_Hermit"]},{"damage_healed":0,"gold_gain":0,"player_choice":"Traded Relic","damage_taken":0,"relics_obtained":["Nloth\u0027s Gift"],"max_hp_gain":0,"max_hp_loss":0,"event_name":"N\u0027loth","floor":22,"relics_lost":["ReplayTheSpireMod:ShopPack"],"gold_loss":0},{"damage_healed":0,"gold_gain":0,"player_choice":"Got Potions","damage_taken":0,"max_hp_gain":0,"max_hp_loss":0,"event_name":"Lab","floor":31,"gold_loss":0},{"damage_healed":0,"gold_gain":3,"player_choice":"1","damage_taken":0,"max_hp_gain":0,"max_hp_loss":0,"event_name":"betterStone:BetterStone","floor":38,"gold_loss":0},{"damage_healed":0,"gold_gain":0,"player_choice":"Ignored","damage_taken":0,"max_hp_gain":0,"max_hp_loss":0,"event_name":"Mysterious Sphere","floor":39,"gold_loss":0}],"is_beta":false,"boss_relics":[{"not_picked":["Ring of Chaos","FrozenCore"],"picked":"Calling Bell"},{"not_picked":["Sozu","Replay:Wanted Poster"],"picked":"Black Star"}],"items_purged_floors":[13,21],"is_endless":false,"potions_floor_spawned":[1,5,8,18,30,36,37],"killed_by":"Nemesis","ascension_level":10}}