{"host":"2py7ki924ssbu6hl","time":1608159028,"event":{"mods":["Act Like it!","BaseMod","Better Match","CapriCore","Colored Powertips","Friendly Minions","Gensokyo","GifTheSpireLib","Hermit","Minty Spire (QoL Compilation)","Rare Cards Sparkle","Relic Stats","StSLib","everything is the same but u backflip on backflip"],"gold_per_floor":[118,48,48,67,82,114,114,19,43,43,62,62,82,110,110,205,205,224,242,242,96,113,152,168,192,192,212,212,240,252,252,252,359,359,377,652,668,686,706,706,706,733,733,765,780,814,814,839,839,839],"floor_reached":51,"playtime":5496,"items_purged":[],"score":891,"play_id":"c04c812a-eb9a-4f2f-b2aa-b75c4396122f","local_time":"20201216235028","is_ascension_mode":false,"campfire_choices":[{"data":"hermit:CursedWeapon","floor":7,"key":"SMITH"},{"data":"hermit:Cheat","floor":12,"key":"SMITH"},{"floor":15,"key":"REST"},{"data":"Gensokyo:Doppelganger","floor":28,"key":"SMITH"},{"floor":32,"key":"REST"},{"data":"hermit:Combo","floor":41,"key":"SMITH"},{"floor":49,"key":"REST"}],"circlet_count":0,"master_deck":["hermit:Strike_Hermit","hermit:Strike_Hermit","hermit:Strike_Hermit","hermit:Strike_Hermit","hermit:Defend_Hermit+1","hermit:Defend_Hermit","hermit:Defend_Hermit","hermit:Defend_Hermit+1","hermit:Snapshot","hermit:Covet","hermit:EyeOfTheStorm","hermit:Grudge+1","hermit:LuckOfTheDraw","hermit:Coalescence","hermit:CursedWeapon+1","hermit:Determination","hermit:LowProfile","hermit:Cheat+1","hermit:Dissolve","hermit:Roulette","hermit:FatalDesire","hermit:DeadMansHand","hermit:Gestalt","Gensokyo:Doppelganger+1","hermit:Scavenge","hermit:PistolWhip","hermit:Misfire+1","hermit:ShadowCloak","hermit:Vantage+1","hermit:Combo+1","hermit:Determination","hermit:FinalCanter","hermit:TrackingShot+1","hermit:FlashPowder+1","hermit:Midnight","hermit:FinalCanter","hermit:Dive+1","hermit:Quickdraw+1","Regret","hermit:Gestalt+1","hermit:Grudge+1","hermit:TrackingShot+1","hermit:Glare","Parasite","hermit:Deadeye+1","hermit:Snipe+1","hermit:BigShot","hermit:Virtue+1","hermit:Malice+1","hermit:SprayPray","hermit:OverwhelmingPower+1","hermit:ShadowCloak"],"relics":["hermit:ClaspedLocket","Vajra","Bronze Scales","Gensokyo:CelestialsFlawlessClothing","Meat on the Bone","Black Star","Matryoshka","Bag of Marbles","Bag of Preparation","Bottled Lightning","Peace Pipe","Prayer Wheel","Happy Flower","Darkstone Periapt","Letter Opener","Question Card","Eternal Feather","White Beast Statue","HornCleat","Molten Egg 2","Singing Bowl"],"acts_visited":["Gensokyo:Gensokyo","Gensokyo:Gensokyoer","TheBeyond"],"potions_floor_usage":[14,18,23,33,33,39,44,48,50,50],"damage_taken":[{"damage":6,"enemies":"Gensokyo:Python","floor":1,"turns":4},{"damage":0,"enemies":"Gensokyo:3_Fairies","floor":4,"turns":4},{"damage":7,"enemies":"Gensokyo:2_Kodama","floor":5,"turns":4},{"damage":27,"enemies":"Gensokyo:Mamizou","floor":6,"turns":10},{"damage":3,"enemies":"Gensokyo:VengefulSpirit","floor":11,"turns":4},{"damage":2,"enemies":"Gensokyo:LivingMonolith","floor":13,"turns":3},{"damage":12,"enemies":"Gensokyo:Aya","floor":14,"turns":4},{"damage":14,"enemies":"Gensokyo:Reimu","floor":16,"turns":9},{"damage":33,"enemies":"Gensokyo:3_Dogs","floor":18,"turns":5},{"damage":6,"enemies":"Gensokyo:CosmicMonolith","floor":19,"turns":4},{"damage":8,"enemies":"Gensokyo:Wraith","floor":22,"turns":4},{"damage":26,"enemies":"Gensokyo:Reisen","floor":23,"turns":7},{"damage":4,"enemies":"Gensokyo:3_Gloops","floor":24,"turns":5},{"damage":39,"enemies":"Gensokyo:Slime_Group","floor":25,"turns":4},{"damage":4,"enemies":"Gensokyo:Swordslinger","floor":27,"turns":1},{"damage":6,"enemies":"Gensokyo:Koishi","floor":29,"turns":5},{"damage":3,"enemies":"Gensokyo:Chomper_and_Gloop","floor":30,"turns":3},{"damage":7,"enemies":"Gensokyo:Eiki","floor":33,"turns":12},{"damage":18,"enemies":"3 Darklings","floor":35,"turns":7},{"damage":14,"enemies":"Orb Walker","floor":37,"turns":5},{"damage":4,"enemies":"Transient","floor":38,"turns":5},{"damage":27,"enemies":"Writhing Mass","floor":39,"turns":4},{"damage":4,"enemies":"Nemesis","floor":42,"turns":1},{"damage":7,"enemies":"Giant Head","floor":44,"turns":7},{"damage":18,"enemies":"3 Darklings","floor":45,"turns":7},{"damage":24,"enemies":"Nemesis","floor":46,"turns":5},{"damage":12,"enemies":"Spire Growth","floor":48,"turns":5},{"damage":57,"enemies":"Time Eater","floor":50,"turns":11}],"seed_played":"9123897769037080776","potions_obtained":[{"floor":5,"key":"hermit:Tonic"},{"floor":6,"key":"hermit:Tonic"},{"floor":13,"key":"SkillPotion"},{"floor":14,"key":"Energy Potion"},{"floor":19,"key":"FairyPotion"},{"floor":27,"key":"hermit:Tonic"},{"floor":33,"key":"PowerPotion"},{"floor":37,"key":"FearPotion"},{"floor":39,"key":"Weak Potion"},{"floor":44,"key":"BlessingOfTheForge"},{"floor":48,"key":"EssenceOfSteel"}],"is_trial":false,"path_per_floor":["M","?","?","M","M","E","R","$","T","?","M","R","M","E","R","B",null,"M","M","?","$","M","E","M","M","T","M","R","E","M","?","R","B",null,"M","?","M","M","M","T","R","E","T","E","M","E","?","M","R","B",null],"character_chosen":"HERMIT","items_purchased":["hermit:Determination","hermit:LowProfile","hermit:Scavenge","hermit:PistolWhip"],"campfire_rested":3,"item_purchase_floors":[8,8,21,21],"current_hp_per_floor":[76,76,76,76,69,42,42,42,42,22,19,19,17,5,29,27,82,49,43,43,43,47,33,41,14,14,22,22,28,37,37,59,52,74,56,56,42,39,25,25,25,33,33,39,34,22,22,25,76,33],"gold":839,"neow_bonus":"TEN_PERCENT_HP_BONUS","is_daily":false,"chose_seed":false,"campfire_upgraded":4,"win_rate":0.0,"timestamp":1608159028,"path_taken":["M","?","?","M","M","E","R","?","T","?","?","R","M","E","R","BOSS","M","M","?","$","M","E","M","M","T","M","R","E","M","?","R","BOSS","M","?","?","M","M","?","R","E","T","E","?","E","?","M","R","BOSS"],"items_purchased_type":["Card","Card","Card","Card"],"build_version":"2020-12-13","purchased_purges":0,"victory":true,"max_hp_per_floor":[82,82,82,82,82,82,82,82,82,82,82,82,82,82,82,82,82,82,82,74,74,74,74,74,74,74,74,74,74,74,74,74,74,74,74,74,74,74,74,74,74,74,74,74,74,74,74,76,76,76],"relic_stats":{"Darkstone Periapt":0,"Happy Flower":[12],"Singing Bowl":2,"counters":[28,149],"Eternal Feather":30,"Bag of Preparation":[28],"Letter Opener":[65],"Question Card":6,"Peace Pipe":0,"Bronze Scales":[332],"Prayer Wheel":7,"Black Star":5,"obtain_stats":[{"Darkstone Periapt":40,"hermit:ClaspedLocket":34,"Happy Flower":40,"Singing Bowl":46,"Vajra":6,"Eternal Feather":43,"Bag of Preparation":26,"Letter Opener":42,"Gensokyo:CelestialsFlawlessClothing":10,"Question Card":42,"White Beast Statue":44,"Peace Pipe":29,"Frozen Eye":29,"Matryoshka":23,"HornCleat":44,"Bronze Scales":9,"Prayer Wheel":29,"Molten Egg 2":46,"Black Star":17,"Bag of Marbles":23,"Bottled Lightning":26,"hermit:Momento":0,"Meat on the Bone":14},{"Darkstone Periapt":22,"hermit:ClaspedLocket":18,"Happy Flower":22,"Singing Bowl":26,"Vajra":4,"Eternal Feather":23,"Bag of Preparation":14,"Letter Opener":23,"Gensokyo:CelestialsFlawlessClothing":4,"Question Card":23,"White Beast Statue":24,"Peace Pipe":16,"Frozen Eye":15,"Matryoshka":12,"HornCleat":24,"Bronze Scales":4,"Prayer Wheel":16,"Molten Egg 2":26,"Black Star":8,"Bag of Marbles":12,"Bottled Lightning":14,"hermit:Momento":0,"Meat on the Bone":7},{"Darkstone Periapt":113,"hermit:ClaspedLocket":92,"Happy Flower":113,"Singing Bowl":133,"Vajra":22,"Eternal Feather":114,"Bag of Preparation":71,"Letter Opener":114,"Gensokyo:CelestialsFlawlessClothing":22,"Question Card":114,"White Beast Statue":121,"Peace Pipe":77,"Frozen Eye":72,"Matryoshka":62,"HornCleat":121,"Bronze Scales":22,"Prayer Wheel":77,"Molten Egg 2":133,"Black Star":42,"Bag of Marbles":62,"Bottled Lightning":71,"hermit:Momento":0,"Meat on the Bone":33}],"Meat on the Bone":180},"card_choices":[{"not_picked":["hermit:ItchyTrigger","hermit:Gestalt"],"picked":"hermit:EyeOfTheStorm","floor":1},{"not_picked":["hermit:HighCaliber","hermit:TrackingShot"],"picked":"hermit:LuckOfTheDraw","floor":4},{"not_picked":["hermit:BodyArmor","hermit:Desperado"],"picked":"hermit:Coalescence","floor":5},{"not_picked":["hermit:FullyLoaded","hermit:Ricochet"],"picked":"hermit:CursedWeapon","floor":6},{"not_picked":["hermit:Desperado","hermit:Gestalt"],"picked":"hermit:Cheat","floor":11},{"not_picked":["hermit:HighCaliber","hermit:Grudge"],"picked":"hermit:Dissolve","floor":13},{"not_picked":["hermit:BodyArmor","hermit:Vantage"],"picked":"hermit:Roulette","floor":14},{"not_picked":["hermit:Reprieve","hermit:FinalCanter"],"picked":"hermit:FatalDesire","floor":16},{"not_picked":["hermit:Manifest","hermit:NoHoldsBarred"],"picked":"hermit:DeadMansHand","floor":18},{"not_picked":["hermit:Manifest","hermit:WideOpen+1"],"picked":"hermit:Gestalt","floor":19},{"not_picked":["Gensokyo:GapWoman","Gensokyo:TekeTeke"],"picked":"Gensokyo:Doppelganger","floor":20},{"not_picked":["hermit:WideOpen+1","hermit:HighCaliber"],"picked":"hermit:Misfire+1","floor":22},{"not_picked":["hermit:HighCaliber","hermit:CalledShot"],"picked":"hermit:ShadowCloak","floor":23},{"not_picked":["hermit:Dive","hermit:LowProfile"],"picked":"hermit:Vantage+1","floor":24},{"not_picked":["hermit:GoldenBullet+1","hermit:Coalescence+1"],"picked":"hermit:Combo","floor":25},{"not_picked":["hermit:Feint","hermit:Misfire+1"],"picked":"hermit:Determination","floor":27},{"not_picked":["hermit:Gestalt","hermit:DeadMansHand"],"picked":"hermit:FinalCanter","floor":29},{"not_picked":["hermit:Ricochet","hermit:Vantage"],"picked":"hermit:TrackingShot+1","floor":30},{"not_picked":["hermit:Coalescence","hermit:HoleUp"],"picked":"hermit:FlashPowder+1","floor":30},{"not_picked":["hermit:HeroicBravado","hermit:FromBeyond"],"picked":"hermit:FinalCanter","floor":33},{"not_picked":["hermit:Coalescence+1","hermit:Roulette"],"picked":"hermit:Dive+1","floor":35},{"not_picked":["hermit:Desperado","hermit:CalledShot+1"],"picked":"hermit:Quickdraw+1","floor":35},{"not_picked":["hermit:Ricochet+1","hermit:Shortfuse+1"],"picked":"hermit:Gestalt+1","floor":37},{"not_picked":["hermit:ItchyTrigger","hermit:Manifest+1"],"picked":"hermit:Grudge+1","floor":37},{"not_picked":["hermit:Deadeye","hermit:ItchyTrigger+1"],"picked":"hermit:TrackingShot+1","floor":38},{"not_picked":["hermit:FullyLoaded","hermit:WideOpen"],"picked":"hermit:Glare","floor":38},{"not_picked":["hermit:GoldenBullet","hermit:Dive+1"],"picked":"hermit:Deadeye+1","floor":39},{"not_picked":["hermit:Desperado+1","hermit:Misfire+1"],"picked":"hermit:Snipe+1","floor":39},{"not_picked":["hermit:Gestalt+1","hermit:Misfire"],"picked":"hermit:BigShot","floor":42},{"not_picked":["hermit:WideOpen+1","hermit:Shortfuse+1","hermit:Purgatory"],"picked":"hermit:Virtue+1","floor":44},{"not_picked":["hermit:ItchyTrigger","hermit:Showdown+1","hermit:Midnight"],"picked":"hermit:Malice+1","floor":45},{"not_picked":["hermit:LowProfile","hermit:NoHoldsBarred","hermit:DeadMansHand+1"],"picked":"hermit:SprayPray","floor":45},{"not_picked":["hermit:Desperado+1","hermit:Dive","hermit:Coalescence+1"],"picked":"hermit:OverwhelmingPower","floor":46},{"not_picked":["hermit:BodyArmor","hermit:Quickdraw+1","hermit:FullyLoaded"],"picked":"hermit:ShadowCloak","floor":48},{"not_picked":["hermit:Purgatory+1","hermit:Maintenance+1","hermit:Headshot+1","hermit:PistolWhip+1"],"picked":"Singing Bowl","floor":48}],"player_experience":236664,"relics_obtained":[{"floor":6,"key":"Vajra"},{"floor":9,"key":"Bronze Scales"},{"floor":14,"key":"Meat on the Bone"},{"floor":23,"key":"Matryoshka"},{"floor":23,"key":"Bag of Marbles"},{"floor":26,"key":"Bag of Preparation"},{"floor":26,"key":"Bottled Lightning"},{"floor":29,"key":"Peace Pipe"},{"floor":29,"key":"Prayer Wheel"},{"floor":40,"key":"Happy Flower"},{"floor":40,"key":"Darkstone Periapt"},{"floor":42,"key":"Letter Opener"},{"floor":42,"key":"Question Card"},{"floor":43,"key":"Eternal Feather"},{"floor":44,"key":"White Beast Statue"},{"floor":44,"key":"HornCleat"},{"floor":46,"key":"Molten Egg 2"},{"floor":46,"key":"Singing Bowl"}],"event_choices":[{"damage_healed":0,"gold_gain":275,"player_choice":"Desecrate","damage_taken":0,"max_hp_gain":0,"max_hp_loss":0,"event_name":"Golden Shrine","floor":36,"gold_loss":0,"cards_obtained":["Regret"]},{"damage_healed":0,"gold_gain":0,"player_choice":"Upgraded","damage_taken":0,"max_hp_gain":0,"max_hp_loss":0,"event_name":"Upgrade Shrine","floor":47,"gold_loss":0,"cards_upgraded":["hermit:OverwhelmingPower"]}],"is_beta":false,"boss_relics":[{"not_picked":["Astrolabe","Runic Pyramid"],"picked":"Black Star"},{"not_picked":["Calling Bell","Runic Dome"],"picked":"hermit:ClaspedLocket"}],"items_purged_floors":[],"is_endless":false,"potions_floor_spawned":[5,6,13,14,19,22,27,33,37,39,42,44,45,46,48],"ascension_level":0}}