{"host":"mvz90ilxx8epviq1","time":1608086810,"event":{"mods":["2.2 Compatiblity","Act Like it!","BaseMod","Better Note","Better Third Choice","Better Vampires","Colored Map","Colored Powertips","Downfall","Gensokyo","Hallownest","Hermit","Hubris","Infinite Spire","Marisa????????","Minty Spire (QoL Compilation)","Replay The Spire","Shop Mod","Spicy Shops","StSLib","The Alterego","The Bug Knight","The Cursed","The Mystic","The Senshi","The Servant 0.9.4","The Wild Card","slay the spire mod where everything is the same but ironclad has a cowboy hat"],"gold_per_floor":[109,129,129,145,158,188,188,207,207,207,234,234,263,282,282,282,282],"floor_reached":16,"playtime":1531,"items_purged":[],"score":172,"play_id":"a9bcdf38-c1e7-40aa-b2c3-e7b434ce6c78","local_time":"20201215214650","is_ascension_mode":false,"campfire_choices":[{"data":"mysticmod:SpellCombat","floor":7,"key":"SMITH"},{"floor":12,"key":"DIG"},{"data":"mysticmod:Dedication","floor":15,"key":"SMITH"}],"circlet_count":0,"master_deck":["mysticmod:Strike_Mystic","mysticmod:Strike_Mystic","mysticmod:Strike_Mystic","mysticmod:Strike_Mystic","mysticmod:Defend_Mystic","mysticmod:Defend_Mystic","mysticmod:ShockingGrasp","mysticmod:LightningBolt","mysticmod:PowerSlash","mysticmod:Riposte","mysticmod:SpellCombat+1","mysticmod:AllIn","mysticmod:TomeOfSpells","mysticmod:Dedication+1","mysticmod:PowerSlash"],"relics":["mysticmod:SpellBook","Gensokyo:Justice","infinitespire:Beetle Shell","Replay:Multitool","Gensokyo:OccultBall","Question Card","Omamori","ReplayFunnel"],"acts_visited":["Exordium"],"potions_floor_usage":[11,16,16],"damage_taken":[{"damage":4,"enemies":"Gensokyo:Gryphon","floor":1,"turns":4},{"damage":0,"enemies":"Gensokyo:3_Fairies","floor":2,"turns":2},{"damage":0,"enemies":"Gensokyo:2_Kodama","floor":4,"turns":1},{"damage":6,"enemies":"Gensokyo:Gryphon_and_Rabbit","floor":5,"turns":3},{"damage":0,"enemies":"Gensokyo:Cirno","floor":6,"turns":4},{"damage":0,"enemies":"Gensokyo:LivingMonolith","floor":8,"turns":2},{"damage":3,"enemies":"Gensokyo:Aya","floor":11,"turns":5},{"damage":0,"enemies":"Gensokyo:Cirno","floor":13,"turns":4},{"damage":0,"enemies":"Gensokyo:Kitsune","floor":14,"turns":2},{"damage":49,"enemies":"Gensokyo:Yukari","floor":16,"turns":6}],"seed_played":"5378196414573452072","potions_obtained":[{"floor":1,"key":"champ:CounterPotion"},{"floor":5,"key":"hexamod:EctoCoolerPotion"},{"floor":8,"key":"Swift Potion"},{"floor":13,"key":"AttackPotion"}],"is_trial":false,"path_per_floor":["M","M","?","M","M","E","R","M","T","?","E","R","E","M","R","B"],"character_chosen":"MYSTIC_CLASS","items_purchased":[],"campfire_rested":0,"item_purchase_floors":[],"current_hp_per_floor":[52,52,52,52,46,46,46,46,46,46,43,43,43,43,43,0,0],"gold":282,"neow_bonus":"REMOVE_TWO","is_daily":false,"chose_seed":false,"campfire_upgraded":2,"win_rate":0.0,"timestamp":1608086810,"path_taken":["M","M","?","?","M","E","R","M","T","?","E","R","E","M","R","BOSS"],"items_purchased_type":[],"build_version":"2020-12-13","purchased_purges":0,"victory":false,"max_hp_per_floor":[77,77,77,77,77,77,77,77,77,77,77,77,77,77,77,77,77],"card_choices":[{"not_picked":["mysticmod:Stoneskin","mysticmod:Disengage"],"picked":"mysticmod:LightningBolt","floor":1},{"not_picked":["mysticmod:PureInstinct","mysticmod:LightningBolt"],"picked":"mysticmod:PowerSlash","floor":2},{"not_picked":["mysticmod:HeavyStrike","mysticmod:PreparedCaster"],"picked":"mysticmod:Fly","floor":4},{"not_picked":["mysticmod:LightningBolt","mysticmod:ComponentsPouch"],"picked":"mysticmod:Riposte","floor":5},{"not_picked":["mysticmod:PowerSlash","mysticmod:Fireball"],"picked":"mysticmod:SpellCombat","floor":6},{"not_picked":["mysticmod:CorrosiveTouch","mysticmod:Alacrity"],"picked":"mysticmod:AllIn","floor":8},{"not_picked":["mysticmod:LightningBolt","mysticmod:Alacrity"],"picked":"mysticmod:TomeOfSpells","floor":11},{"not_picked":["mysticmod:Flourish","mysticmod:MysticalShield","mysticmod:BulkUp"],"picked":"mysticmod:Dedication","floor":13},{"not_picked":["mysticmod:AllIn","mysticmod:Fireball","mysticmod:HeavyStrike"],"picked":"mysticmod:PowerSlash","floor":14}],"player_experience":379935,"relics_obtained":[{"floor":6,"key":"infinitespire:Beetle Shell"},{"floor":9,"key":"Replay:Multitool"},{"floor":11,"key":"Question Card"},{"floor":12,"key":"Omamori"},{"floor":13,"key":"ReplayFunnel"}],"event_choices":[],"is_beta":false,"boss_relics":[],"items_purged_floors":[],"is_endless":false,"potions_floor_spawned":[1,5,8,13],"killed_by":"Gensokyo:Yukari","ascension_level":0}}