{"host":"90jl2h70xtuoeg0i","time":1608097697,"event":{"mods":["AchievementEnabler","BaseMod","Colored Map","Colored Powertips","Minty Spire (QoL Compilation)","Relic Stats","ojb\u0027s Better Paths Mod","ojb\u0027s Info Mod"],"gold_per_floor":[117,128,147,167,67,94,94,126,150,150,181,181,216,238,250,336,348,376,224,259,279,17,17,44,57,57,57,111,139,156,181,181,256,256,266,276,292,337,337,337,354,379,379,379,47,80,80,108,108,108,108,108,49,80,80,80],"floor_reached":55,"playtime":8545,"items_purged":["Strike_G"],"score":1933,"play_id":"002885e5-c13e-423e-960f-89c929f499d1","local_time":"20201216004817","is_ascension_mode":true,"campfire_choices":[{"data":"Accuracy","floor":7.0,"key":"SMITH"},{"data":"Blade Dance","floor":12.0,"key":"SMITH"},{"data":"Blade Dance","floor":15.0,"key":"SMITH"},{"data":"Footwork","floor":23.0,"key":"SMITH"},{"data":"Burst","floor":27.0,"key":"SMITH"},{"data":"After Image","floor":32.0,"key":"SMITH"},{"floor":40.0,"key":"REST"},{"data":"Accuracy","floor":47.0,"key":"SMITH"},{"floor":49.0,"key":"RECALL"},{"data":"Finisher","floor":52,"key":"SMITH"}],"circlet_count":0,"master_deck":["AscendersBane","Strike_G","Strike_G","Defend_G","Defend_G+1","Defend_G","Defend_G+1","Defend_G","Survivor","Neutralize","Riddle With Holes","Blade Dance+1","Deadly Poison","Dash+1","Blade Dance+1","Accuracy+1","PiercingWail","Footwork+1","Deflect","Bouncing Flask+1","Adrenaline","Blade Dance+1","After Image+1","Backflip","Burst+1","Noxious Fumes+1","Adrenaline+1","Deadly Poison+1","Blade Dance+1","Finisher+1","Finisher+1","Panache","Leg Sweep+1","Accuracy+1","Footwork+1","Distraction+1","PiercingWail+1","Crippling Poison+1"],"relics":["Ring of the Snake","War Paint","Bottled Tornado","Bronze Scales","PreservedInsect","Toy Ornithopter","MawBank","Runic Dome","Red Mask","Ninja Scroll","Art of War","Anchor","Turnip","Toxic Egg 2","Empty Cage","Shovel","Shuriken","Nunchaku","Pantograph","Mercury Hourglass","Strawberry"],"acts_visited":["Exordium","TheCity","TheBeyond","TheEnding"],"potions_floor_usage":[54,55,55],"damage_taken":[{"damage":0.0,"enemies":"Small Slimes","floor":1.0,"turns":5.0},{"damage":3.0,"enemies":"Cultist","floor":2.0,"turns":4.0},{"damage":1.0,"enemies":"Jaw Worm","floor":3.0,"turns":2.0},{"damage":0.0,"enemies":"2 Fungi Beasts","floor":4.0,"turns":4.0},{"damage":6.0,"enemies":"3 Sentries","floor":6.0,"turns":6.0},{"damage":14.0,"enemies":"Lagavulin","floor":8.0,"turns":6.0},{"damage":2.0,"enemies":"3 Sentries","floor":11.0,"turns":4.0},{"damage":1.0,"enemies":"Gremlin Nob","floor":13.0,"turns":3.0},{"damage":0.0,"enemies":"Blue Slaver","floor":14.0,"turns":2.0},{"damage":11.0,"enemies":"Slime Boss","floor":16.0,"turns":7.0},{"damage":5.0,"enemies":"Shell Parasite","floor":18.0,"turns":4.0},{"damage":5.0,"enemies":"Masked Bandits","floor":20.0,"turns":3.0},{"damage":5.0,"enemies":"Chosen","floor":21.0,"turns":4.0},{"damage":2.0,"enemies":"Slavers","floor":24.0,"turns":4.0},{"damage":0.0,"enemies":"Sentry and Sphere","floor":25.0,"turns":3.0},{"damage":0.0,"enemies":"Gremlin Leader","floor":29.0,"turns":3.0},{"damage":4.0,"enemies":"Cultist and Chosen","floor":30.0,"turns":5.0},{"damage":0.0,"enemies":"Slavers","floor":31.0,"turns":2.0},{"damage":0.0,"enemies":"Champ","floor":33.0,"turns":10.0},{"damage":22.0,"enemies":"3 Darklings","floor":35.0,"turns":3.0},{"damage":0.0,"enemies":"3 Shapes","floor":36.0,"turns":7.0},{"damage":0.0,"enemies":"Transient","floor":37.0,"turns":6.0},{"damage":19.0,"enemies":"2 Orb Walkers","floor":38.0,"turns":3.0},{"damage":2.0,"enemies":"4 Shapes","floor":41.0,"turns":5.0},{"damage":0.0,"enemies":"Nemesis","floor":42.0,"turns":4.0},{"damage":0.0,"enemies":"Giant Head","floor":46.0,"turns":3.0},{"damage":0.0,"enemies":"Nemesis","floor":48.0,"turns":3.0},{"damage":16,"enemies":"Awakened One","floor":50,"turns":9},{"damage":63,"enemies":"Shield and Spear","floor":54,"turns":4},{"damage":46,"enemies":"The Heart","floor":55,"turns":5}],"seed_played":"-7877549138569683213","potions_obtained":[{"floor":2.0,"key":"Weak Potion"},{"floor":3.0,"key":"Regen Potion"},{"floor":4.0,"key":"Explosive Potion"},{"floor":11.0,"key":"PowerPotion"},{"floor":16.0,"key":"SpeedPotion"},{"floor":18.0,"key":"AttackPotion"},{"floor":20.0,"key":"SpeedPotion"},{"floor":24.0,"key":"Energy Potion"},{"floor":29.0,"key":"Block Potion"},{"floor":42.0,"key":"AttackPotion"},{"floor":48.0,"key":"Strength Potion"},{"floor":54,"key":"FearPotion"}],"is_trial":false,"path_per_floor":["M","M","M","M","$","E","R","E","T","?","E","R","E","M","R","B",null,"M","$","?","M","$","R","E","M","T","R","T","E","M","E","R","B",null,"M","M","M","?","?","R","M","E","T","?","$","E","R","E","R","B",null,"R","$","E","B"],"character_chosen":"THE_SILENT","items_purchased":["Blade Dance","Accuracy","After Image","Ninja Scroll","Leg Sweep+1","Accuracy","Nunchaku","PiercingWail+1"],"campfire_rested":1,"item_purchase_floors":[5,5,19,22,45,45,45,53],"current_hp_per_floor":[59,56,55,55,55,49,49,35,35,35,33,33,32,32,32,26,56,56,56,56,51,51,51,54,54,54,54,54,54,50,50,50,50,62,40,40,45,26,26,45,43,43,43,43,43,48,48,48,48,50,62,62,62,10,0,0],"gold":80,"neow_bonus":"RANDOM_COMMON_RELIC","is_daily":false,"chose_seed":false,"campfire_upgraded":8,"win_rate":0.0,"timestamp":1608097697,"path_taken":["M","M","M","M","$","E","R","E","T","?","E","R","E","M","R","BOSS","M","$","?","M","$","R","E","M","T","R","?","E","M","E","R","BOSS","M","M","M","?","?","R","?","E","T","?","$","E","R","E","R","BOSS","R","$","E","BOSS"],"items_purchased_type":["Card","Card","Card","Relic","Card","Card","Relic","Card"],"build_version":"2020-12-13","purchased_purges":1,"victory":false,"max_hp_per_floor":[66,66,66,66,66,66,66,66,66,66,66,66,66,66,66,66,66,66,66,66,66,66,66,66,66,66,66,66,66,66,66,66,66,66,66,66,66,66,66,66,66,66,66,66,66,66,66,66,66,66,66,66,66,73,73,73],"relic_stats":{"counters":[30,133],"PreservedInsect":491,"War Paint":["Defend_G","Defend_G"],"MawBank":72,"Mercury Hourglass":[66],"Nunchaku":[9],"Shovel":0,"Shuriken":[24],"Bronze Scales":[283],"Pantograph":43,"Turnip":[6],"Art of War":[10],"obtain_stats":[{"PreservedInsect":9,"War Paint":0,"Bottled Tornado":6,"MawBank":13,"Empty Cage":34,"Mercury Hourglass":48,"Runic Dome":17,"Anchor":28,"Nunchaku":45,"Shovel":38,"Ninja Scroll":22,"Shuriken":43,"Bronze Scales":8,"Pantograph":46,"Strawberry":54,"Turnip":29,"Red Mask":20,"Art of War":24,"Toxic Egg 2":31,"Toy Ornithopter":11,"Ring of the Snake":0},{"PreservedInsect":6,"War Paint":0,"Bottled Tornado":5,"MawBank":8,"Empty Cage":19,"Mercury Hourglass":27,"Runic Dome":10,"Anchor":15,"Nunchaku":25,"Shovel":23,"Ninja Scroll":13,"Shuriken":25,"Bronze Scales":6,"Pantograph":26,"Strawberry":29,"Turnip":16,"Red Mask":12,"Art of War":14,"Toxic Egg 2":18,"Toy Ornithopter":7,"Ring of the Snake":0},{"PreservedInsect":27,"War Paint":0,"Bottled Tornado":21,"MawBank":34,"Empty Cage":81,"Mercury Hourglass":115,"Runic Dome":43,"Anchor":61,"Nunchaku":109,"Shovel":100,"Ninja Scroll":54,"Shuriken":109,"Bronze Scales":27,"Pantograph":112,"Strawberry":128,"Turnip":64,"Red Mask":50,"Art of War":58,"Toxic Egg 2":71,"Toy Ornithopter":31,"Ring of the Snake":0}],"Toy Ornithopter":44,"Ring of the Snake":[60]},"card_choices":[{"not_picked":["Underhanded Strike","Footwork"],"picked":"Riddle With Holes","floor":1.0},{"not_picked":["Cloak And Dagger","Acrobatics"],"picked":"Blade Dance","floor":2.0},{"not_picked":["Acrobatics","Cloak And Dagger"],"picked":"Deadly Poison","floor":3.0},{"not_picked":["Riddle With Holes","Concentrate"],"picked":"Dash","floor":4.0},{"not_picked":["Quick Slash","Backflip"],"picked":"PiercingWail","floor":6.0},{"not_picked":["Choke","Cloak And Dagger"],"picked":"Footwork","floor":8.0},{"not_picked":["Dash","Deadly Poison"],"picked":"Deflect","floor":11.0},{"not_picked":["Bane","Outmaneuver","Calculated Gamble"],"picked":"SKIP","floor":13.0},{"not_picked":["Well Laid Plans","Blur"],"picked":"Bouncing Flask","floor":14.0},{"not_picked":["Envenom","Burst"],"picked":"Adrenaline","floor":16.0},{"not_picked":["Heel Hook","Acrobatics"],"picked":"Blade Dance+1","floor":18.0},{"not_picked":["Deflect","Flying Knee"],"picked":"Backflip","floor":20.0},{"not_picked":["Flying Knee","Bane","Setup"],"picked":"SKIP","floor":21.0},{"not_picked":["Reflex","Blade Dance"],"picked":"Burst","floor":24.0},{"not_picked":["Dodge and Roll+1","Cloak And Dagger"],"picked":"Noxious Fumes+1","floor":25.0},{"not_picked":["Tactician","All Out Attack","Outmaneuver"],"picked":"SKIP","floor":29.0},{"not_picked":["Dagger Throw","Underhanded Strike","Dodge and Roll"],"picked":"SKIP","floor":30.0},{"not_picked":["Quick Slash","A Thousand Cuts","Riddle With Holes"],"picked":"SKIP","floor":31.0},{"not_picked":["Storm of Steel+1","Envenom"],"picked":"Adrenaline+1","floor":33.0},{"not_picked":["Dodge and Roll+1","Acrobatics+1","Flying Knee"],"picked":"SKIP","floor":35.0},{"not_picked":["Slice","Flying Knee+1"],"picked":"Deadly Poison+1","floor":36.0},{"not_picked":["Underhanded Strike","Concentrate+1"],"picked":"Blade Dance+1","floor":37.0},{"not_picked":["Riddle With Holes","Tools of the Trade"],"picked":"Finisher+1","floor":38.0},{"not_picked":["Dagger Spray+1","Bane"],"picked":"Finisher","floor":41.0},{"not_picked":["Dagger Throw","Dodge and Roll+1","Outmaneuver+1"],"picked":"SKIP","floor":42.0},{"not_picked":["Dagger Throw","Dodge and Roll+1","Outmaneuver+1"],"picked":"SKIP","floor":42.0},{"not_picked":["Bandage Up+1","Finesse+1"],"picked":"Panache","floor":44.0},{"not_picked":["Noxious Fumes","Calculated Gamble+1"],"picked":"Footwork+1","floor":46.0},{"not_picked":["Flying Knee+1","Blade Dance+1"],"picked":"Distraction+1","floor":48.0},{"not_picked":["Dagger Spray","Corpse Explosion+1"],"picked":"Crippling Poison+1","floor":54}],"player_experience":1287098,"relics_obtained":[{"floor":6.0,"key":"Bottled Tornado"},{"floor":8.0,"key":"Bronze Scales"},{"floor":9.0,"key":"PreservedInsect"},{"floor":11.0,"key":"Toy Ornithopter"},{"floor":13.0,"key":"MawBank"},{"floor":20.0,"key":"Red Mask"},{"floor":24.0,"key":"Art of War"},{"floor":28.0,"key":"Anchor"},{"floor":29.0,"key":"Turnip"},{"floor":31.0,"key":"Toxic Egg 2"},{"floor":38.0,"key":"Shovel"},{"floor":43.0,"key":"Shuriken"},{"floor":46.0,"key":"Pantograph"},{"floor":48.0,"key":"Mercury Hourglass"},{"floor":54,"key":"Strawberry"}],"event_choices":[{"damage_healed":0.0,"max_hp_gain":0.0,"max_hp_loss":0.0,"gold_gain":0.0,"event_name":"Upgrade Shrine","player_choice":"Upgraded","floor":10.0,"gold_loss":0.0,"damage_taken":0.0,"cards_upgraded":["Dash"]},{"damage_healed":0.0,"max_hp_gain":0.0,"max_hp_loss":0.0,"gold_gain":0.0,"event_name":"Masked Bandits","player_choice":"Fought Bandits","floor":20.0,"gold_loss":0.0,"damage_taken":0.0},{"damage_healed":0.0,"max_hp_gain":0.0,"max_hp_loss":0.0,"gold_gain":0.0,"event_name":"Mysterious Sphere","player_choice":"Fight","floor":38.0,"gold_loss":0.0,"damage_taken":0.0},{"damage_healed":0.0,"max_hp_gain":0.0,"max_hp_loss":0.0,"gold_gain":0.0,"event_name":"Upgrade Shrine","player_choice":"Upgraded","floor":39.0,"gold_loss":0.0,"damage_taken":0.0,"cards_upgraded":["Bouncing Flask"]},{"damage_healed":0.0,"max_hp_gain":0.0,"max_hp_loss":0.0,"gold_gain":0.0,"event_name":"SensoryStone","player_choice":"Memory 1","floor":44.0,"gold_loss":0.0,"damage_taken":0.0}],"is_beta":false,"boss_relics":[{"not_picked":["Runic Pyramid","Philosopher\u0027s Stone"],"picked":"Runic Dome"},{"not_picked":["Coffee Dripper","HoveringKite"],"picked":"Empty Cage"}],"items_purged_floors":[19],"is_endless":false,"potions_floor_spawned":[2,3,4,11,16,18,20,24,29,33,35,42,48,54],"killed_by":"The Heart","ascension_level":18}}