{"host":"ipcfr4ajj2jkxvg7","time":1608096604,"event":{"mods":["BaseMod","Colored Powertips","GifTheSpireLib","Marisa（F雨　魔理沙）","Minty Spire (QoL Compilation)","Quick Restart","Remilia（蕾米莉亚）","Replay The Spire","RumiaBox-露米娅的神秘盒子","StSLib"],"gold_per_floor":[119,119,119,119,139,139,52,78,78,104,104,135,46,66,66,141,141,156,174,174,99,99,124,142,157,157,157,257,283,301,332,332,403,403,417,442,442,457,507,536,536,571,571,599,612,626,626,656,656,656,656,656,656,151,182,182,182],"floor_reached":56,"playtime":2942,"items_purged":["Defend_RM","Defend_RM"],"score":3178,"play_id":"cc2d7f3a-2b5a-484b-ba22-8d417b70e057","local_time":"20201216133004","is_ascension_mode":true,"campfire_choices":[{"data":"VampireKiss","floor":6.0,"key":"SMITH"},{"data":"BloodHunter","floor":11.0,"key":"SMITH"},{"data":"VampireKiss","floor":15.0,"key":"SMITH"},{"data":"BloodyMagicSquare","floor":27.0,"key":"SMITH"},{"data":"TwelveNightmare","floor":32.0,"key":"SMITH"},{"data":"HeartBreak","floor":41.0,"key":"SMITH"},{"floor":49.0,"key":"RECALL"},{"data":"CeilingFear","floor":53.0,"key":"SMITH"}],"circlet_count":0,"master_deck":["AscendersBane","Strike_RM+1","Strike_RM","Strike_RM","Defend_RM","Defend_RM+1","RedMoon","ScarletShoot","DiffusionOfMisfortune+1","VampireKiss+1","VampireSweep","BloodHunter+1","RedNightlessCastle","VampireKiss+1","HeartBreak+1","VampirishNight","TransientEternity","ScarletDevilSign","BloodHunter","BloodyMagicSquare+1","LeisurelyOfLord","TwelveNightmare+1","BombardNight","CeilingFear+1","NightDance","DevilSight","BloodAndWine+1","TransientEternity","DiffusionOfMisfortune","UltimateOffering","BloodHunter","NightLord"],"relics":["ScarletHat","MoreBug","AddBug","SecretRecord","SecretRecord","SecretRecord","SecretRecord"],"acts_visited":["Exordium","TheCity","TheBeyond","TheEnding"],"potions_floor_usage":[56],"damage_taken":[{"damage":0.0,"enemies":"2 Louse","floor":1.0,"turns":2.0},{"damage":0.0,"enemies":"Small Slimes","floor":5.0,"turns":3.0},{"damage":0.0,"enemies":"3 Sentries","floor":8.0,"turns":7.0},{"damage":5.0,"enemies":"Lagavulin","floor":10.0,"turns":4.0},{"damage":5.0,"enemies":"3 Sentries","floor":12.0,"turns":6.0},{"damage":0.0,"enemies":"Jaw Worm","floor":14.0,"turns":2.0},{"damage":26.0,"enemies":"The Guardian","floor":16.0,"turns":8.0},{"damage":9.0,"enemies":"3 Byrds","floor":18.0,"turns":7.0},{"damage":0.0,"enemies":"Spheric Guardian","floor":19.0,"turns":4.0},{"damage":27.0,"enemies":"Slavers","floor":23.0,"turns":5.0},{"damage":10.0,"enemies":"Centurion and Healer","floor":24.0,"turns":3.0},{"damage":23.0,"enemies":"Cultist and Chosen","floor":25.0,"turns":5.0},{"damage":6.0,"enemies":"Colosseum Slavers","floor":28.0,"turns":4.0},{"damage":5.0,"enemies":"Colosseum Nobs","floor":28.0,"turns":3.0},{"damage":7.0,"enemies":"Gremlin Leader","floor":29.0,"turns":2.0},{"damage":10.0,"enemies":"Chosen and Byrds","floor":30.0,"turns":3.0},{"damage":9.0,"enemies":"Book of Stabbing","floor":31.0,"turns":3.0},{"damage":17.0,"enemies":"Pondfish","floor":33.0,"turns":8.0},{"damage":36.0,"enemies":"3 Darklings","floor":35.0,"turns":2.0},{"damage":9.0,"enemies":"Orb Walker","floor":38.0,"turns":3.0},{"damage":8.0,"enemies":"Giant Head","floor":40.0,"turns":5.0},{"damage":33.0,"enemies":"Reptomancer","floor":42.0,"turns":2.0},{"damage":41.0,"enemies":"Giant Head","floor":44.0,"turns":7.0},{"damage":59.0,"enemies":"4 Shapes","floor":45.0,"turns":5.0},{"damage":4.0,"enemies":"3 Darklings","floor":46.0,"turns":2.0},{"damage":6.0,"enemies":"Reptomancer","floor":48.0,"turns":4.0},{"damage":3.0,"enemies":"Time Eater","floor":50.0,"turns":4.0},{"damage":28.0,"enemies":"Donu and Deca","floor":51.0,"turns":4.0},{"damage":55.0,"enemies":"Shield and Spear","floor":55.0,"turns":4.0},{"damage":84,"enemies":"The Heart","floor":56,"turns":2}],"seed_played":"7779356778653133284","potions_obtained":[{"floor":1.0,"key":"ColorlessPotion"},{"floor":18.0,"key":"Elixir"},{"floor":28.0,"key":"Adrenaline Potion"},{"floor":38.0,"key":"Fire Potion"}],"is_trial":false,"path_per_floor":["M","?","?","?","M","R","$","E","T","E","R","E","$","M","R","B",null,"M","M","?","$","?","E","M","M","T","R","?","E","M","E","R","B",null,"M","?","?","M","?","E","R","E","T","E","M","M","?","E","R","B","B",null,"R","$","E","B"],"character_chosen":"REMILIA","items_purchased":["VampireSweep","HeartBreak","NightLord","Frozen Eye","Blood Vial"],"campfire_rested":0,"item_purchase_floors":[7,13,54,54,54],"current_hp_per_floor":[45,50,27,27,27,27,27,27,27,25,25,22,22,22,22,26,63,74,75,54,54,33,20,22,12,12,12,14,19,17,20,20,49,72,39,13,13,15,15,54,54,52,52,55,7,5,5,5,5,48,54,74,74,74,44,0,0],"gold":182,"neow_bonus":"ONE_RARE_RELIC","is_daily":false,"chose_seed":false,"campfire_upgraded":7,"win_rate":0.0,"timestamp":1608096604,"path_taken":["M","?","?","?","M","R","$","E","T","E","R","E","?","M","R","BOSS","M","M","?","$","?","E","M","M","T","R","?","E","M","E","R","BOSS","M","?","?","M","?","E","R","E","T","E","?","M","?","E","R","BOSS","BOSS","R","$","E","BOSS"],"items_purchased_type":["Card","Card","Card","Relic","Relic"],"build_version":"2020-12-13","purchased_purges":2,"victory":false,"max_hp_per_floor":[70,75,75,75,75,75,75,75,75,75,75,75,75,75,75,75,75,75,75,80,80,80,80,80,80,80,80,80,80,80,80,80,80,80,80,80,80,80,80,80,80,80,80,80,80,80,80,80,80,80,80,80,80,80,80,80,80],"card_choices":[{"not_picked":["DevilSight","Stigmanizer"],"picked":"DiffusionOfMisfortune","floor":1.0},{"not_picked":["RedMagic","AfternoonTea"],"picked":"VampireKiss","floor":5.0},{"not_picked":["BadLadyScramble","Ultimatum"],"picked":"BloodHunter","floor":8.0},{"not_picked":["Stigmanizer","BlasphemousPunishment"],"picked":"RedNightlessCastle","floor":10.0},{"not_picked":["EmergencyRegeneration","UnstableMagic"],"picked":"VampireKiss","floor":12.0},{"not_picked":["VampireKiss","FitfulNightmare"],"picked":"VampirishNight","floor":14.0},{"not_picked":["BatForm","QueenOfMidnight"],"picked":"TransientEternity","floor":16.0},{"not_picked":["DevilSight","UnderTheZenith"],"picked":"ScarletDevilSign","floor":18.0},{"not_picked":["ScarletDevil","VampirishNight"],"picked":"BloodHunter","floor":19.0},{"not_picked":["VampireKiss","SuperhumanBloodyKnife"],"picked":"BloodyMagicSquare","floor":23.0},{"not_picked":["VampireSweep","DiffusionOfMisfortune","GlobalNightmare"],"picked":"SKIP","floor":24.0},{"not_picked":["UnderTheZenith","EndlessAdversity"],"picked":"LeisurelyOfLord","floor":25.0},{"not_picked":["Stigmanizer+1","BloodRain"],"picked":"TwelveNightmare","floor":28.0},{"not_picked":["ScarletSymphony","ScarletImprint","LeisurelyOfLord"],"picked":"SKIP","floor":29.0},{"not_picked":["StarOfDavid","VampireSweep","Stigmanizer"],"picked":"SKIP","floor":30.0},{"not_picked":["FavorOfDestiny","MillenniumVampire"],"picked":"BombardNight","floor":31.0},{"not_picked":["HeartBreak","BloodyHallows"],"picked":"CeilingFear","floor":33.0},{"not_picked":["VampireKiss","ForbiddenFruit+1"],"picked":"NightDance","floor":35.0},{"not_picked":["Stigmanizer","UnstableMagic","DiffusionOfMisfortune"],"picked":"SKIP","floor":38.0},{"not_picked":["UnderTheZenith","NightDance"],"picked":"DevilSight","floor":40.0},{"not_picked":["FavorOfDestiny","VampireKiss"],"picked":"BloodAndWine+1","floor":42.0},{"not_picked":["BlasphemousPunishment+1","ForbiddenFruit","ScarletSymphony"],"picked":"SKIP","floor":44.0},{"not_picked":["BadLadyScramble","ScarletImprint+1"],"picked":"TransientEternity","floor":45.0},{"not_picked":["AfternoonTea","BloodHunter"],"picked":"DiffusionOfMisfortune","floor":46.0},{"not_picked":["BombardNight","AfternoonTea"],"picked":"BloodHunter","floor":48.0},{"not_picked":["VampirishNight","BombardNight","Maim+1"],"picked":"SKIP","floor":55.0}],"player_experience":360009,"relics_obtained":[{"floor":1.0,"key":"AddBug"},{"floor":8.0,"key":"Durian"},{"floor":10.0,"key":"Chameleon Ring"},{"floor":12.0,"key":"Pocketwatch"},{"floor":18.0,"key":"SecretRecord"},{"floor":22.0,"key":"Enchiridion"},{"floor":23.0,"key":"Orichalcum"},{"floor":26.0,"key":"Garlic"},{"floor":28.0,"key":"Ice Cream"},{"floor":28.0,"key":"Meat on the Bone"},{"floor":29.0,"key":"Grinning Jar"},{"floor":31.0,"key":"Replay:PocketPolymizer"},{"floor":36.0,"key":"FairyMaid"},{"floor":38.0,"key":"SecretRecord"},{"floor":40.0,"key":"InkBottle"},{"floor":42.0,"key":"MagicDraw4"},{"floor":43.0,"key":"GodSword1"},{"floor":44.0,"key":"Dream Catcher"},{"floor":45.0,"key":"SecretRecord"},{"floor":48.0,"key":"Replay:Kaleidoscope"},{"floor":55.0,"key":"Bag of Marbles"}],"event_choices":[{"damage_healed":0.0,"max_hp_gain":5.0,"max_hp_loss":0.0,"gold_gain":0.0,"event_name":"Big Fish","player_choice":"Donut","floor":2.0,"gold_loss":0.0,"damage_taken":0.0},{"damage_healed":0.0,"max_hp_gain":0.0,"max_hp_loss":0.0,"gold_gain":0.0,"event_name":"Shining Light","player_choice":"Entered Light","floor":3.0,"gold_loss":0.0,"damage_taken":23.0,"cards_upgraded":["Strike_RM","Defend_RM"]},{"damage_healed":0.0,"max_hp_gain":0.0,"max_hp_loss":0.0,"gold_gain":0.0,"event_name":"Living Wall","player_choice":"Grow","floor":4.0,"gold_loss":0.0,"damage_taken":0.0,"cards_upgraded":["DiffusionOfMisfortune"]},{"damage_healed":0.0,"max_hp_gain":5.0,"max_hp_loss":0.0,"gold_gain":0.0,"event_name":"Forgotten Altar","player_choice":"Shed Blood","floor":20.0,"gold_loss":0.0,"damage_taken":26.0},{"damage_healed":0.0,"max_hp_gain":0.0,"max_hp_loss":0.0,"gold_gain":0.0,"event_name":"Cursed Tome","player_choice":"Obtained Book","floor":22.0,"gold_loss":0.0,"damage_taken":21.0},{"damage_healed":0.0,"max_hp_gain":0.0,"max_hp_loss":0.0,"gold_gain":0.0,"event_name":"Colosseum","player_choice":"Fight","floor":28.0,"gold_loss":0.0,"damage_taken":0.0},{"damage_healed":0.0,"max_hp_gain":0.0,"max_hp_loss":0.0,"gold_gain":0.0,"event_name":"Colosseum","player_choice":"Fought Nobs","floor":28.0,"gold_loss":0.0,"damage_taken":0.0},{"damage_healed":0.0,"max_hp_gain":0.0,"max_hp_loss":0.0,"gold_gain":0.0,"event_name":"Tomb of Lord Red Mask","player_choice":"Ignored","floor":37.0,"gold_loss":0.0,"damage_taken":0.0},{"damage_healed":0.0,"max_hp_gain":0.0,"max_hp_loss":0.0,"gold_gain":50.0,"event_name":"Golden Shrine","player_choice":"Pray","floor":39.0,"gold_loss":0.0,"damage_taken":0.0},{"damage_healed":0.0,"max_hp_gain":0.0,"max_hp_loss":0.0,"gold_gain":0.0,"cards_transformed":["Strike_RM"],"event_name":"Transmorgrifier","player_choice":"Transformed","floor":47.0,"gold_loss":0.0,"damage_taken":0.0,"cards_obtained":["UltimateOffering"]}],"is_beta":false,"boss_relics":[{"not_picked":["Sozu","SacredBark"],"picked":"Runic Dome"},{"not_picked":["Cursed Key","Replay:Bronze Core"],"picked":"SlaversCollar"}],"items_purged_floors":[21,54],"is_endless":false,"potions_floor_spawned":[1,12,18,19,28,31,38,46,48],"killed_by":"The Heart","ascension_level":20}}