{"host":"c2vrdknshfutmcsq","time":1608112419,"event":{"mods":["BaseMod","Minty Spire (QoL Compilation)"],"gold_per_floor":[19,19,36,48,63,90,90,100,123,168,180,206,244,267,279,391,403,430,442,369,381,393,405,405],"floor_reached":23,"playtime":1281,"items_purged":[],"score":338,"play_id":"6b979ba1-5e57-4d5c-a5c8-391ac111e2eb","local_time":"20201216105339","is_ascension_mode":true,"campfire_choices":[{"data":"Dualcast","floor":7.0,"key":"SMITH"},{"floor":11.0,"key":"REST"},{"data":"Zap","floor":15.0,"key":"SMITH"}],"circlet_count":0,"master_deck":["AscendersBane","Zap+1","Dualcast+1","Electrodynamics","Leap","BootSequence","Auto Shields","Streamline","Melter","Genetic Algorithm","Stack","Genetic Algorithm","All For One","Barrage","Sunder","Multi-Cast","White Noise","Loop","Glacier","Streamline","Fusion","Cold Snap","Darkness","Conserve Battery","RitualDagger"],"relics":["Cracked Core","Lantern","MawBank","Blood Vial","Boot","Pandora\u0027s Box","Nunchaku"],"acts_visited":["Exordium","TheCity"],"potions_floor_usage":[16,16,18],"damage_taken":[{"damage":0.0,"enemies":"2 Louse","floor":1.0,"turns":1.0},{"damage":5.0,"enemies":"Cultist","floor":3.0,"turns":4.0},{"damage":0.0,"enemies":"Small Slimes","floor":4.0,"turns":2.0},{"damage":1.0,"enemies":"3 Louse","floor":5.0,"turns":2.0},{"damage":27.0,"enemies":"Lagavulin","floor":6.0,"turns":7.0},{"damage":3.0,"enemies":"Blue Slaver","floor":8.0,"turns":5.0},{"damage":11.0,"enemies":"3 Sentries","floor":10.0,"turns":3.0},{"damage":0.0,"enemies":"2 Fungi Beasts","floor":12.0,"turns":3.0},{"damage":13.0,"enemies":"Gremlin Nob","floor":13.0,"turns":5.0},{"damage":0.0,"enemies":"Looter","floor":14.0,"turns":3.0},{"damage":36,"enemies":"The Guardian","floor":16,"turns":12},{"damage":0,"enemies":"Chosen","floor":18,"turns":4},{"damage":33,"enemies":"Slavers","floor":23,"turns":4}],"seed_played":"5056495387683420825","potions_obtained":[{"floor":6.0,"key":"Explosive Potion"},{"floor":8.0,"key":"ColorlessPotion"},{"floor":10.0,"key":"EssenceOfSteel"},{"floor":13.0,"key":"FearPotion"},{"floor":16,"key":"FearPotion"}],"is_trial":false,"path_per_floor":["M","?","M","M","M","E","R","M","T","E","R","M","E","M","R","B",null,"M","?","?","$","?","E"],"character_chosen":"DEFECT","items_purchased":[],"campfire_rested":1,"item_purchase_floors":[],"current_hp_per_floor":[68,68,63,63,62,35,35,32,32,21,43,45,34,36,36,2,57,59,53,53,53,39,8,8],"gold":405,"neow_bonus":"THREE_RARE_CARDS","is_daily":false,"chose_seed":false,"campfire_upgraded":2,"win_rate":0.0,"timestamp":1608112419,"path_taken":["M","?","M","M","M","E","R","M","T","E","R","M","E","?","R","BOSS","M","?","?","?","?","E"],"items_purchased_type":[],"build_version":"2020-12-13","purchased_purges":0,"victory":false,"max_hp_per_floor":[75,75,75,75,75,75,75,75,75,75,75,75,75,75,75,75,75,75,75,75,75,80,80,80],"card_choices":[{"not_picked":["Meteor Strike","Core Surge"],"picked":"Electrodynamics","floor":0.0},{"not_picked":["Steam","Stack"],"picked":"Leap","floor":1.0},{"not_picked":["Coolheaded","Turbo"],"picked":"Auto Shields","floor":3.0},{"not_picked":["Beam Cell","Cold Snap"],"picked":"Streamline","floor":4.0},{"not_picked":["Conserve Battery","Streamline"],"picked":"Melter","floor":5.0},{"not_picked":["Sunder","Barrage"],"picked":"Genetic Algorithm","floor":6.0},{"not_picked":["Sweeping Beam","Consume"],"picked":"Stack","floor":8.0},{"not_picked":["Double Energy","Force Field"],"picked":"Genetic Algorithm","floor":10.0},{"not_picked":["Beam Cell","Heatsinks"],"picked":"All For One","floor":12.0},{"not_picked":["Hologram","Redo"],"picked":"Barrage","floor":13.0},{"not_picked":["Turbo","Beam Cell"],"picked":"Sunder","floor":14.0},{"not_picked":["Amplify","Rainbow"],"picked":"Multi-Cast","floor":16},{"not_picked":["Gash","Scrape+1"],"picked":"Conserve Battery","floor":18}],"player_experience":1136308,"relics_obtained":[{"floor":6.0,"key":"Lantern"},{"floor":9.0,"key":"MawBank"},{"floor":10.0,"key":"Blood Vial"},{"floor":13.0,"key":"Boot"}],"event_choices":[{"damage_healed":0.0,"max_hp_gain":0.0,"max_hp_loss":0.0,"gold_gain":0.0,"cards_transformed":["Strike_B"],"event_name":"Transmorgrifier","player_choice":"Transformed","floor":2.0,"gold_loss":0.0,"damage_taken":0.0,"cards_obtained":["BootSequence"]},{"damage_healed":0,"gold_gain":0,"player_choice":"Joined the Cult","damage_taken":6,"max_hp_gain":0,"max_hp_loss":0,"event_name":"Nest","floor":19,"gold_loss":0,"cards_obtained":["RitualDagger"]},{"damage_healed":0,"gold_gain":0,"player_choice":"Obtained Relic","damage_taken":0,"relics_obtained":["Nunchaku"],"max_hp_gain":0,"max_hp_loss":0,"event_name":"Addict","floor":20,"gold_loss":85},{"damage_healed":0,"gold_gain":0,"player_choice":"Shed Blood","damage_taken":19,"max_hp_gain":5,"max_hp_loss":0,"event_name":"Forgotten Altar","floor":22,"gold_loss":0}],"is_beta":false,"boss_relics":[{"not_picked":["Runic Dome","Ectoplasm"],"picked":"Pandora\u0027s Box"}],"items_purged_floors":[],"is_endless":false,"potions_floor_spawned":[6,8,10,13,16],"killed_by":"Slavers","ascension_level":12}}