{"host":"ifd7sfhtlbe34qll","time":1608093113,"event":{"mods":["2.2 Compatiblity","BaseMod","Block Reminder","Colored Map","Downfall","Highlight Path","Minty Spire (QoL Compilation)","Potion Indicator Mod","Quick Restart","Random Character Button","Relic Stats","StSLib"],"gold_per_floor":[0,27,27,44,61,77,159,188,188,220,220,238,1,101,115,217,217,217,232,260,274,274,308,354,354,386,311,311,271,271,302,316,412,412,412,422,347,347,361,361,388,422,347,374,388,408,458,137,148,148,148,181,26,26,26],"floor_reached":56,"playtime":3297,"items_purged":["Regret","champ:EnGarde","Doubt"],"score":1647,"play_id":"7e81fcc8-d677-44ae-8ffc-fd9b9518a4ba","local_time":"20201215223153","is_ascension_mode":true,"campfire_choices":[{"data":"expansioncontent:QuickStudy","floor":1.0,"key":"SMITH"},{"data":"champ:StrikeOfGenius","floor":3.0,"key":"SMITH"},{"data":"champ:Taunt","floor":18.0,"key":"SMITH"},{"data":"champ:BladeFlurry","floor":22.0,"key":"SMITH"},{"data":"champ:BladeFlurry","floor":27.0,"key":"SMITH"},{"floor":35.0,"key":"RECALL"},{"data":"champ:PerfectForm","floor":37.0,"key":"SMITH"},{"data":"champ:CrownThrow","floor":40.0,"key":"SMITH"},{"data":"champ:EnchantCrown","floor":43.0,"key":"SMITH"},{"data":"champ:DancingMaster","floor":54,"key":"SMITH"}],"circlet_count":0,"master_deck":["champ:Defend+1","champ:Defend+1","champ:Defend+1","champ:Defend+1","champ:Execute+1","champ:Taunt+1","expansioncontent:QuickStudy+1","champ:StrikeOfGenius+1","champ:Circumvent","champ:BladeFlurry+1","champ:Circumvent","champ:EnchantCrown+1","champ:ArenaPreparation","champ:Circumvent","champ:FlashCut","champ:CrownThrow+1","champ:BladeFlurry+1","champ:ShieldSlam","champ:DefensiveStyle","Bite","Bite","Bite","Bite","Bite","champ:BladeFlurry+1","champ:CrookedStrike+1","champ:PerfectForm+1","champ:TornadoPunch+1","champ:ShieldWall+1","champ:ShieldThrow","champ:EnGarde","champ:VampiricStrike","champ:DancingMaster+1","champ:PerfectForm+1"],"relics":["champ:ChampionCrown","Akabeko","StrikeDummy","Bag of Marbles","champ:SpectersHand","Membership Card","CloakClasp","Coffee Dripper","Shuriken","Bottled Tornado","PreservedInsect","Boot","downfall:HeartBlessingGreen","Pocketwatch","Dead Branch","Red Mask","Cursed Key","downfall:HeartBlessingRed","Pantograph","downfall:HeartBlessingBlue","Smiling Mask","Incense Burner","Letter Opener","Lantern","Medical Kit","Sundial","DollysMirror","Guardian:PocketSentry"],"acts_visited":["Exordium","TheCity","TheBeyond","TheEnding"],"potions_floor_usage":[55],"damage_taken":[{"damage":14.0,"enemies":"Gremlin Nob","floor":2.0,"turns":3.0},{"damage":5.0,"enemies":"2 Louse","floor":4.0,"turns":2.0},{"damage":8.0,"enemies":"Jaw Worm","floor":5.0,"turns":4.0},{"damage":0.0,"enemies":"Small Slimes","floor":6.0,"turns":1.0},{"damage":12.0,"enemies":"3 Sentries","floor":8.0,"turns":6.0},{"damage":22.0,"enemies":"Lagavulin","floor":10.0,"turns":5.0},{"damage":0.0,"enemies":"2 Fungi Beasts","floor":12.0,"turns":2.0},{"damage":8.0,"enemies":"downfall:FleeingMerchant","floor":13.0,"turns":4.0},{"damage":33.0,"enemies":"downfall:FleeingMerchant","floor":14.0,"turns":3.0},{"damage":20.0,"enemies":"Large Slime","floor":15.0,"turns":4.0},{"damage":27.0,"enemies":"downfall:Silent","floor":16.0,"turns":9.0},{"damage":10.0,"enemies":"Shell Parasite","floor":19.0,"turns":3.0},{"damage":21.0,"enemies":"Slavers","floor":20.0,"turns":3.0},{"damage":0.0,"enemies":"Spheric Guardian","floor":21.0,"turns":1.0},{"damage":12.0,"enemies":"Book of Stabbing","floor":23.0,"turns":4.0},{"damage":5.0,"enemies":"Slavers","floor":26.0,"turns":1.0},{"damage":11.0,"enemies":"downfall:FleeingMerchant","floor":29.0,"turns":4.0},{"damage":5.0,"enemies":"Masked Bandits","floor":31.0,"turns":1.0},{"damage":5.0,"enemies":"Snake Plant","floor":32.0,"turns":1.0},{"damage":26.0,"enemies":"downfall:Defect","floor":33.0,"turns":4.0},{"damage":0.0,"enemies":"Orb Walker","floor":36.0,"turns":2.0},{"damage":5.0,"enemies":"3 Shapes","floor":39.0,"turns":4.0},{"damage":17.0,"enemies":"Giant Head","floor":42.0,"turns":5.0},{"damage":36.0,"enemies":"Nemesis","floor":44.0,"turns":3.0},{"damage":5.0,"enemies":"Sphere and 2 Shapes","floor":45.0,"turns":3.0},{"damage":0.0,"enemies":"3 Darklings","floor":46.0,"turns":3.0},{"damage":34.0,"enemies":"Mind Bloom Boss Battle","floor":47.0,"turns":5.0},{"damage":10.0,"enemies":"Transient","floor":49.0,"turns":5.0},{"damage":34.0,"enemies":"downfall:Watcher","floor":50.0,"turns":6.0},{"damage":27.0,"enemies":"downfall:CharBossMerchant","floor":52.0,"turns":3.0},{"damage":77,"enemies":"downfall:NeowBoss","floor":55,"turns":16}],"seed_played":"-5900456041892987953","potions_obtained":[{"floor":5.0,"key":"Ancient Potion"},{"floor":6.0,"key":"SteroidPotion"},{"floor":8.0,"key":"GamblersBrew"},{"floor":15.0,"key":"PowerPotion"},{"floor":20.0,"key":"Explosive Potion"},{"floor":23.0,"key":"CultistPotion"},{"floor":26.0,"key":"Regen Potion"}],"is_trial":false,"path_per_floor":["R","E","R","M","M","M","T","E","?","E","?","M","$","?","M","B",null,"R","M","E","M","R","E","T","?","E","R","?","$","?","?","M","B",null,"R","M","R","?","M","R","T","E","R","E","M","M","?","$","M","B",null,"E","$","R","B",null],"character_chosen":"THE_CHAMP","items_purchased":["Membership Card","champ:ArenaPreparation","Pocketwatch","Dead Branch","Letter Opener","Lantern","Medical Kit","DollysMirror","Guardian:PocketSentry"],"campfire_rested":0,"item_purchase_floors":[13,13,29,29,48,48,48,53,53],"current_hp_per_floor":[90,81,81,81,79,79,79,74,74,58,58,58,55,32,32,18,90,90,85,74,74,74,67,67,67,67,67,62,62,62,62,62,62,62,62,62,62,62,62,62,62,62,72,61,71,71,72,72,72,72,72,72,72,72,72],"gold":26,"neow_bonus":"RANDOM_COLORLESS_2","is_daily":false,"chose_seed":false,"campfire_upgraded":9,"win_rate":0.0,"timestamp":1608093113,"path_taken":["R","E","R","M","M","M","T","E","?","E","?","M","$","?","M","BOSS","R","M","E","M","R","E","T","?","E","R","?","$","?","?","M","BOSS","R","M","R","?","?","R","T","E","R","E","M","M","?","$","M","BOSS","E","$","R","BOSS"],"items_purchased_type":["Relic","Card","Relic","Relic","Relic","Relic","Relic","Relic","Relic"],"build_version":"2020-12-13","purchased_purges":3,"victory":true,"max_hp_per_floor":[90,90,90,90,90,90,90,90,90,90,90,90,90,90,90,90,90,90,90,90,90,90,90,90,90,90,90,62,62,62,62,62,62,62,62,62,62,62,62,62,62,62,72,72,72,72,72,72,72,72,72,72,72,72,72],"relic_stats":{"counters":[31,120],"Dead Branch":[47],"PreservedInsect":310,"CloakClasp":[266],"Letter Opener":[88],"Boot":[17],"Cursed Key":1,"Smiling Mask":13,"Medical Kit":[1],"Shuriken":[20],"Sundial":[2],"Pantograph":1,"obtain_stats":[{"Lantern":48,"champ:ChampionCrown":0,"downfall:HeartBlessingGreen":27,"CloakClasp":14,"Incense Burner":47,"Bottled Tornado":23,"Boot":26,"Cursed Key":34,"Smiling Mask":44,"downfall:HeartBlessingBlue":43,"Sundial":52,"DollysMirror":53,"Pantograph":42,"Red Mask":31,"downfall:HeartBlessingRed":37,"Dead Branch":29,"PreservedInsect":24,"Guardian:PocketSentry":53,"Letter Opener":48,"Medical Kit":48,"Akabeko":2,"Shuriken":20,"Bag of Marbles":8,"Coffee Dripper":17,"Membership Card":13,"StrikeDummy":7,"champ:SpectersHand":10,"Pocketwatch":29},{"Lantern":27,"champ:ChampionCrown":0,"downfall:HeartBlessingGreen":16,"CloakClasp":9,"Incense Burner":27,"Bottled Tornado":15,"Boot":16,"Cursed Key":20,"Smiling Mask":24,"downfall:HeartBlessingBlue":23,"Sundial":30,"DollysMirror":30,"Pantograph":23,"Red Mask":18,"downfall:HeartBlessingRed":21,"Dead Branch":17,"PreservedInsect":15,"Guardian:PocketSentry":30,"Letter Opener":27,"Medical Kit":27,"Akabeko":1,"Shuriken":13,"Bag of Marbles":5,"Coffee Dripper":11,"Membership Card":8,"StrikeDummy":4,"champ:SpectersHand":6,"Pocketwatch":17},{"Lantern":90,"champ:ChampionCrown":0,"downfall:HeartBlessingGreen":55,"CloakClasp":30,"Incense Burner":90,"Bottled Tornado":54,"Boot":55,"Cursed Key":65,"Smiling Mask":79,"downfall:HeartBlessingBlue":76,"Sundial":104,"DollysMirror":104,"Pantograph":76,"Red Mask":60,"downfall:HeartBlessingRed":67,"Dead Branch":59,"PreservedInsect":54,"Guardian:PocketSentry":104,"Letter Opener":90,"Medical Kit":90,"Akabeko":3,"Shuriken":49,"Bag of Marbles":16,"Coffee Dripper":43,"Membership Card":27,"StrikeDummy":10,"champ:SpectersHand":21,"Pocketwatch":59}],"Pocketwatch":[23]},"card_choices":[{"not_picked":["Metamorphosis","Mayhem"],"picked":"expansioncontent:QuickStudy","floor":0.0},{"not_picked":["champ:DefensiveShout","champ:CrookedStrike"],"picked":"champ:StrikeOfGenius","floor":2.0},{"not_picked":["champ:Encircle","champ:Haymaker"],"picked":"champ:Circumvent","floor":4.0},{"not_picked":["champ:PreciseThrust","champ:BringItOn","champ:FocusedGladiator"],"picked":"SKIP","floor":5.0},{"not_picked":["champ:Riposte","champ:BerserkersShout"],"picked":"champ:EnGarde","floor":6.0},{"not_picked":["champ:AdrenalArmor","champ:IronFortress","champ:BerserkersShout"],"picked":"SKIP","floor":8.0},{"not_picked":["champ:AdrenalArmor","champ:IronFortress"],"picked":"champ:BladeFlurry","floor":10.0},{"not_picked":["champ:BringItOn","champ:EnragedBash"],"picked":"champ:Circumvent","floor":12.0},{"not_picked":["champ:Haymaker","champ:BladeFlurry"],"picked":"champ:EnchantCrown","floor":13.0},{"not_picked":["champ:FanOfKnives","champ:FaceSlap"],"picked":"champ:Circumvent","floor":14.0},{"not_picked":["champ:FanOfKnives","champ:GutPunch"],"picked":"champ:FlashCut","floor":15.0},{"not_picked":["champ:MurderStrike","champ:SteelEdge"],"picked":"champ:CrownThrow","floor":16.0},{"not_picked":["champ:Haymaker","champ:EndlessRage","champ:FanOfKnives"],"picked":"SKIP","floor":19.0},{"not_picked":["champ:Haymaker","champ:EndlessRage","champ:FanOfKnives"],"picked":"SKIP","floor":19.0},{"not_picked":["champ:Aggression","champ:Circumvent","champ:StanceDance"],"picked":"SKIP","floor":20.0},{"not_picked":["champ:CrookedStrike","champ:FaceSlap"],"picked":"champ:BladeFlurry","floor":21.0},{"not_picked":["champ:FanOfKnives","champ:GladiatorStyle"],"picked":"champ:ShieldSlam","floor":23.0},{"not_picked":["champ:Control","champ:StanceDance"],"picked":"champ:DefensiveStyle","floor":26.0},{"not_picked":["champ:FlashCut","champ:AdrenalArmor"],"picked":"champ:BladeFlurry+1","floor":29.0},{"not_picked":["champ:GladiatorsShout","champ:Backstep+1","champ:CrookedStrike+1"],"picked":"SKIP","floor":32.0},{"not_picked":["champ:GladiatorsShout","champ:Backstep+1"],"picked":"champ:CrookedStrike+1","floor":32.0},{"not_picked":["champ:LastStand","champ:IgnorePain"],"picked":"champ:PerfectForm","floor":33.0},{"not_picked":["champ:BerserkersShout+1","champ:BladeFlurry"],"picked":"champ:TornadoPunch+1","floor":36.0},{"not_picked":["champ:CrookedStrike","champ:EndlessRage+1","champ:GladiatorsShout"],"picked":"SKIP","floor":39.0},{"not_picked":["champ:FlashCut+1","champ:StanceDance","champ:Encircle+1"],"picked":"SKIP","floor":42.0},{"not_picked":["champ:FocusedBerserking+1","champ:EnGarde+1"],"picked":"champ:ShieldWall+1","floor":44.0},{"not_picked":["champ:GladiatorsShout+1","champ:SkillfulDodge"],"picked":"champ:ShieldThrow","floor":45.0},{"not_picked":["champ:StanceDance","champ:TornadoPunch","champ:AdrenalArmor"],"picked":"SKIP","floor":46.0},{"not_picked":["champ:EnragedBash","champ:PerfectedStrike+1"],"picked":"champ:EnGarde","floor":47.0},{"not_picked":["champ:PerfectedStrike","champ:CrookedStrike"],"picked":"champ:VampiricStrike","floor":49.0},{"not_picked":["champ:BladeFlurry+1","champ:Encircle"],"picked":"champ:DancingMaster","floor":52}],"player_experience":1562579,"relics_obtained":[{"floor":2.0,"key":"Akabeko"},{"floor":7.0,"key":"StrikeDummy"},{"floor":8.0,"key":"Bag of Marbles"},{"floor":10.0,"key":"champ:SpectersHand"},{"floor":14.0,"key":"CloakClasp"},{"floor":20.0,"key":"Shuriken"},{"floor":23.0,"key":"Bottled Tornado"},{"floor":24.0,"key":"PreservedInsect"},{"floor":26.0,"key":"Boot"},{"floor":31.0,"key":"Red Mask"},{"floor":42.0,"key":"Pantograph"},{"floor":44.0,"key":"Smiling Mask"},{"floor":47.0,"key":"Incense Burner"},{"floor":52,"key":"Sundial"}],"event_choices":[{"damage_healed":0.0,"max_hp_gain":0.0,"max_hp_loss":0.0,"gold_gain":0.0,"event_name":"Back to Basics","player_choice":"Simplicity","floor":25.0,"gold_loss":0.0,"damage_taken":0.0,"cards_upgraded":["champ:Strike","champ:Strike","champ:Defend","champ:Defend","champ:Defend","champ:Defend"]},{"damage_healed":0.0,"max_hp_gain":0.0,"max_hp_loss":28.0,"gold_gain":0.0,"event_name":"Vampires","player_choice":"Became a vampire","floor":28.0,"gold_loss":0.0,"damage_taken":0.0,"cards_obtained":["Bite","Bite","Bite","Bite","Bite"]},{"damage_healed":0.0,"max_hp_gain":0.0,"max_hp_loss":0.0,"gold_gain":0.0,"event_name":"Masked Bandits","player_choice":"Fought Bandits","floor":31.0,"gold_loss":0.0,"damage_taken":0.0},{"damage_healed":0.0,"max_hp_gain":0.0,"max_hp_loss":0.0,"gold_gain":0.0,"event_name":"Lab","player_choice":"Got Potions","floor":38.0,"gold_loss":0.0,"damage_taken":0.0}],"is_beta":false,"boss_relics":[{"not_picked":["Runic Dome","Tiny House"],"picked":"Coffee Dripper"},{"not_picked":["SlaversCollar","sneckomod:SneckoTalon"],"picked":"Cursed Key"}],"items_purged_floors":[13,29,48],"is_endless":false,"potions_floor_spawned":[5,6,8,12,15,16,20,23,26,31,36,42,45,49],"ascension_level":3}}