{"host":"2461dio7vetlq1z3","time":1608132239,"event":{"mods":["2.2 Compatiblity","AchievementEnabler","Aspiration","BaseMod","Better Third Choice","Hermit","Minty Spire (QoL Compilation)","Relic Stats","Spicy Shops","StSLib","The Hierophant","Waifu the Spire"],"gold_per_floor":[118,118,136,3,3,3,30,30,106,106,122,138,138,168,168,168,168],"floor_reached":16,"playtime":415,"items_purged":[],"score":216,"play_id":"b9b6b7b3-700e-4281-b2aa-0d7b419380fa","local_time":"20201216162359","is_ascension_mode":true,"campfire_choices":[{"data":"Bash","floor":6,"key":"SMITH"},{"data":"Hemokinesis","floor":8,"key":"SMITH"},{"data":"Bash","floor":10,"key":"SMITH"},{"floor":13,"key":"REST"},{"floor":15,"key":"REST"}],"circlet_count":0,"master_deck":["AscendersBane","Strike_R","Strike_R","Strike_R","Strike_R","Defend_R","Defend_R","Defend_R","Defend_R","Bash+1","Perfected Strike","Feel No Pain","Bash+1","Hemokinesis+1","Infernal Blade"],"relics":["Busted Crown","Darkstone Periapt","Vajra","aspiration:SeaSaltIceCream","Black Star","Potion Belt","Toy Ornithopter"],"acts_visited":["Exordium"],"potions_floor_usage":[14,16],"damage_taken":[{"damage":4,"enemies":"Small Slimes","floor":1,"turns":4},{"damage":2,"enemies":"Cultist","floor":3,"turns":4},{"damage":28,"enemies":"Gremlin Nob","floor":7,"turns":4},{"damage":2,"enemies":"Jaw Worm","floor":11,"turns":3},{"damage":15,"enemies":"Lots of Slimes","floor":12,"turns":4},{"damage":25,"enemies":"Lagavulin","floor":14,"turns":4},{"damage":46,"enemies":"Hexaghost","floor":16,"turns":8}],"seed_played":"164869020070117270","potions_obtained":[{"floor":1,"key":"SkillPotion"},{"floor":7,"key":"SneckoOil"}],"is_trial":false,"path_per_floor":["M","?","M","$","?","R","E","R","T","R","M","M","R","E","R","B"],"character_chosen":"IRONCLAD","items_purchased":["Darkstone Periapt"],"campfire_rested":2,"item_purchase_floors":[4],"current_hp_per_floor":[64,64,62,62,62,62,34,34,34,34,32,17,39,14,36,0,0],"gold":168,"neow_bonus":"BOSS_RELIC","is_daily":false,"chose_seed":false,"campfire_upgraded":3,"win_rate":0.0,"timestamp":1608132239,"path_taken":["M","?","?","$","?","R","E","R","T","R","M","M","R","E","R","BOSS"],"items_purchased_type":["Relic"],"build_version":"2020-12-13","purchased_purges":0,"victory":false,"max_hp_per_floor":[75,75,75,75,75,75,75,75,75,75,75,75,75,75,75,75,75],"relic_stats":{"Darkstone Periapt":0,"Busted Crown":12,"counters":[7,31],"Black Star":1,"obtain_stats":[{"Darkstone Periapt":4,"Potion Belt":14,"Busted Crown":0,"Vajra":7,"Black Star":9,"aspiration:SeaSaltIceCream":9,"Burning Blood":0,"Toy Ornithopter":14},{"Darkstone Periapt":2,"Potion Belt":6,"Busted Crown":0,"Vajra":3,"Black Star":3,"aspiration:SeaSaltIceCream":3,"Burning Blood":0,"Toy Ornithopter":6},{"Darkstone Periapt":8,"Potion Belt":23,"Busted Crown":0,"Vajra":12,"Black Star":12,"aspiration:SeaSaltIceCream":12,"Burning Blood":0,"Toy Ornithopter":23}],"Toy Ornithopter":5},"card_choices":[{"not_picked":["Infernal Blade"],"picked":"SKIP","floor":1},{"not_picked":[],"picked":"Perfected Strike","floor":3},{"not_picked":[],"picked":"Hemokinesis","floor":7},{"not_picked":["Wild Strike"],"picked":"SKIP","floor":11},{"not_picked":["Sentinel"],"picked":"SKIP","floor":12},{"not_picked":[],"picked":"Infernal Blade","floor":14}],"player_experience":726162,"relics_obtained":[{"floor":7,"key":"Vajra"},{"floor":9,"key":"aspiration:SeaSaltIceCream"},{"floor":14,"key":"Potion Belt"},{"floor":14,"key":"Toy Ornithopter"}],"event_choices":[{"cards_removed":["Strike_R"],"damage_healed":0,"gold_gain":0,"player_choice":"Offered Basic","damage_taken":0,"max_hp_gain":0,"max_hp_loss":0,"event_name":"Bonfire Elementals","floor":2,"gold_loss":0},{"damage_healed":0,"gold_gain":0,"player_choice":"2 cards matched","damage_taken":0,"max_hp_gain":0,"max_hp_loss":0,"event_name":"Match and Keep!","floor":5,"gold_loss":0,"cards_obtained":["Feel No Pain","Bash"]}],"is_beta":false,"boss_relics":[],"items_purged_floors":[],"is_endless":false,"potions_floor_spawned":[1,7,12],"killed_by":"Hexaghost","ascension_level":20}}