{"host":"rjmu5g8hpiele53d","time":1608146166,"event":{"mods":["2.2 Compatiblity","BaseMod","Downfall","GifTheSpireLib","Minty Spire (QoL Compilation)","StSLib"],"gold_per_floor":[99,110,210,135,165,178,226,258,258,258,258,5,17,2,15,15,15],"floor_reached":16,"playtime":933,"items_purged":[],"score":108,"play_id":"b827e2b2-1bda-402e-9e69-a89af88ba671","local_time":"20201216191606","is_ascension_mode":false,"campfire_choices":[{"floor":1,"key":"RECALL"},{"data":"champ:Taunt","floor":4,"key":"SMITH"},{"floor":10,"key":"REST"}],"circlet_count":0,"master_deck":["champ:Strike+1","champ:Strike+1","champ:Strike","champ:Strike","champ:Defend+1","champ:Defend","champ:Defend","champ:Defend","champ:Execute","champ:Taunt+1","champ:RapidStrikes","champ:Encircle","champ:BladeFlurry","champ:GladiatorStyle","Regret","champ:Duel","champ:IronFortress","champ:SteelEdge","champ:BerserkersShout","champ:PreciseThrust"],"relics":["champ:ChampionCrown","downfall:HeartBlessingRed","Prayer Wheel","champ:FightingForDummies","Lantern","champ:LiftRelic","Letter Opener"],"acts_visited":["Exordium"],"potions_floor_usage":[16,16],"damage_taken":[{"damage":10,"enemies":"Small Slimes","floor":2,"turns":3},{"damage":35,"enemies":"3 Sentries","floor":5,"turns":8},{"damage":16,"enemies":"2 Louse","floor":6,"turns":3},{"damage":43,"enemies":"Lagavulin","floor":8,"turns":6},{"damage":20,"enemies":"downfall:FleeingMerchant","floor":12,"turns":4},{"damage":2,"enemies":"Jaw Worm","floor":13,"turns":3},{"damage":13,"enemies":"downfall:FleeingMerchant","floor":14,"turns":4},{"damage":11,"enemies":"Exordium Wildlife","floor":15,"turns":4},{"damage":48,"enemies":"downfall:Defect","floor":16,"turns":5}],"seed_played":"7265832130131485957","potions_obtained":[{"floor":2,"key":"LiquidBronze"},{"floor":13,"key":"Strength Potion"},{"floor":15,"key":"Guardian:BlockOnCardUsePotion"}],"is_trial":false,"path_per_floor":["R","M","?","R","E","M","T","E","?","R","?","$","M","$","M","B"],"character_chosen":"THE_CHAMP","items_purchased":["Letter Opener"],"campfire_rested":1,"item_purchase_floors":[12],"current_hp_per_floor":[99,94,94,94,74,65,65,24,24,53,53,47,47,41,38,0,0],"gold":15,"neow_bonus":"TEN_PERCENT_HP_BONUS","is_daily":false,"chose_seed":false,"campfire_upgraded":1,"win_rate":0.0,"timestamp":1608146166,"path_taken":["R","M","?","R","E","M","T","E","?","R","?","$","M","$","M","BOSS"],"items_purchased_type":["Relic"],"build_version":"2020-12-13","purchased_purges":0,"victory":false,"max_hp_per_floor":[99,99,99,99,99,99,99,99,99,99,99,99,99,99,99,99,99],"card_choices":[{"not_picked":["champ:FalseCounter","champ:HeartStrike"],"picked":"champ:RapidStrikes","floor":2},{"not_picked":["champ:ArenaPreparation","champ:CrookedStrike"],"picked":"champ:Encircle","floor":5},{"not_picked":["champ:PerfectedStrike","champ:TornadoPunch"],"picked":"champ:BladeFlurry","floor":6},{"not_picked":["champ:StanceDance","champ:FlashCut"],"picked":"champ:GladiatorStyle","floor":6},{"not_picked":["champ:SkillfulDodge","champ:BerserkersShout","champ:FightOn"],"picked":"SKIP","floor":8},{"not_picked":["champ:FlashCut","champ:PerfectedStrike"],"picked":"champ:Duel","floor":12},{"not_picked":["champ:AdrenalArmor","champ:CrookedStrike"],"picked":"champ:IronFortress","floor":13},{"not_picked":["champ:RecklessLeap","champ:BerserkersShout"],"picked":"champ:SteelEdge","floor":13},{"not_picked":["champ:FanOfKnives","champ:Encircle"],"picked":"champ:BerserkersShout","floor":14},{"not_picked":["champ:Haymaker","champ:FanOfKnives"],"picked":"champ:PreciseThrust","floor":15},{"not_picked":["champ:Encircle","champ:EndlessRage","champ:BladeFlurry"],"picked":"SKIP","floor":15}],"player_experience":1549107,"relics_obtained":[{"floor":5,"key":"Prayer Wheel"},{"floor":7,"key":"champ:FightingForDummies"},{"floor":8,"key":"Lantern"}],"event_choices":[],"is_beta":false,"boss_relics":[],"items_purged_floors":[],"is_endless":false,"potions_floor_spawned":[2,13,15],"killed_by":"downfall:Defect","ascension_level":0}}