{"host":"c9m2z2wmcavfgdp8","time":1608140629,"event":{"mods":["2.2 Compatiblity","Act Like it!","Aspiration","BaseMod","Better Third Choice","Conspire","Downfall","Ekko","Elementarium","Energized Spire","Friendly Minions","GifTheSpireLib","Hallownest","Hermit","Hubris","Infinite Spire","Jorbs\u0027s Wanderer Trilogy","Koishi","Luminous","Marisa????????","Menagerie","Minty Spire (QoL Compilation)","Pale of the Ancients","Permanent Neow","Potionbrewer","Prisma Mod","READ ME - Guardian Mod","Remilia??????","Replay The Spire","SCP261 Mod","Shop Mod","StSLib","The Animator","The Blackbeard","The Bug Knight","The Cursed","The Death Knight","The Disciple","The Exalted","The Hierophant","The Necromancer","The Servant 0.9.4","TheBandit","TheFirefly"],"gold_per_floor":[99,99,124,124,124,70,151,151,179,179,197,197,297,312,322,322,322],"floor_reached":16,"playtime":1072,"items_purged":[],"score":106,"play_id":"ca0ec1e3-1a59-43fa-a514-89e5e4fac83b","local_time":"20201216184349","is_ascension_mode":false,"campfire_choices":[{"floor":1,"key":"RECALL"},{"data":"champ:Taunt","floor":5,"key":"SMITH"},{"data":"champ:AdrenalArmor","floor":8,"key":"SMITH"},{"data":"champ:HeavySlash","floor":10,"key":"SMITH"}],"circlet_count":0,"master_deck":["champ:Strike","champ:Strike","champ:Strike","champ:Defend","champ:Defend","champ:Defend","champ:Defend","champ:Execute","champ:Taunt+1","champ:RecklessLeap","champ:FanOfKnives","champ:AdrenalArmor","champ:AdrenalArmor+1","champ:HeavySlash+1","champ:Encircle","champ:ViciousMockery","champ:ShieldWall","champ:EnGarde"],"relics":["champ:ChampionCrown","Mango","champ:LiftRelic","aspiration:AnachronicSnailShell","conspire:DeflatedDodgeball","Bromod:ArcaneConsequence","Toy Ornithopter"],"acts_visited":["Exordium"],"potions_floor_usage":[13,15,16],"damage_taken":[{"damage":36,"enemies":"Gremlin Nob","floor":3,"turns":4},{"damage":25,"enemies":"downfall:FleeingMerchant","floor":6,"turns":4},{"damage":36,"enemies":"Replay:BlueRogue","floor":9,"turns":5},{"damage":14,"enemies":"Small Slimes","floor":11,"turns":3},{"damage":44,"enemies":"downfall:LadyInBlue","floor":13,"turns":6},{"damage":4,"enemies":"conspire:RoseBush","floor":14,"turns":3},{"damage":26,"enemies":"infinitespire:Voidling","floor":15,"turns":4},{"damage":62,"enemies":"downfall:Ironclad","floor":16,"turns":4}],"seed_played":"-7290064483732009708","potions_obtained":[{"floor":9,"key":"SCP261:GirlTearsPotion"},{"floor":11,"key":"champ:CounterPotion"},{"floor":13,"key":"SCP261:ThunderBarPotion"},{"floor":13,"key":"potionbrewer:AcidPotion"},{"floor":13,"key":"SkillPotion"}],"is_trial":false,"path_per_floor":["R","?","E","?","R","$","T","R","E","R","M","?","?","M","M","B"],"character_chosen":"THE_CHAMP","items_purchased":["champ:AdrenalArmor"],"campfire_rested":0,"item_purchase_floors":[6],"current_hp_per_floor":[77,77,51,61,61,56,56,56,49,49,49,49,46,46,50,0,0],"gold":322,"neow_bonus":"ONE_RARE_RELIC","is_daily":false,"chose_seed":false,"campfire_upgraded":3,"win_rate":0.0,"timestamp":1608140629,"path_taken":["R","?","E","?","R","$","T","R","E","R","M","?","?","?","M","BOSS"],"items_purchased_type":["Card"],"build_version":"2020-12-13","purchased_purges":0,"victory":false,"max_hp_per_floor":[104,104,104,104,104,104,104,104,104,104,104,104,104,104,104,104,104],"card_choices":[{"not_picked":["champ:Haymaker","champ:FanOfKnives"],"picked":"champ:RecklessLeap","floor":3},{"not_picked":["champ:TornadoPunch","champ:Circumvent"],"picked":"champ:FanOfKnives","floor":6},{"not_picked":["champ:Haymaker","champ:Encircle"],"picked":"champ:HeavySlash","floor":9},{"not_picked":["champ:CrookedStrike","champ:FanOfKnives"],"picked":"champ:Encircle","floor":11},{"not_picked":["champ:GladiatorsShout","champ:FanOfKnives"],"picked":"champ:ViciousMockery","floor":13},{"not_picked":["champ:CrookedStrike","champ:AdrenalArmor"],"picked":"champ:ShieldWall","floor":14},{"not_picked":["champ:FlashCut","champ:BerserkersShout"],"picked":"champ:EnGarde","floor":15}],"player_experience":1633622,"relics_obtained":[{"floor":3,"key":"aspiration:AnachronicSnailShell"},{"floor":7,"key":"conspire:DeflatedDodgeball"},{"floor":9,"key":"Bromod:ArcaneConsequence"},{"floor":13,"key":"Toy Ornithopter"}],"event_choices":[],"is_beta":false,"boss_relics":[],"items_purged_floors":[],"is_endless":false,"potions_floor_spawned":[9,11,14],"killed_by":"downfall:Ironclad","ascension_level":0}}