{"host":"un97lkyah1pp4w16","time":1608133679,"event":{"mods":["BaseMod","Colored Map","Colored Powertips","Minty Spire (QoL Compilation)","StSLib","SuperFastMode"],"gold_per_floor":[111,286,286,5,21,21,52,68,114,144,157,157,11,22,22,22,22],"floor_reached":16,"playtime":317,"items_purged":[],"score":100,"play_id":"3da49d54-cd77-4072-a217-b27697f046cd","local_time":"20201216234759","is_ascension_mode":false,"campfire_choices":[{"floor":6.0,"key":"RECALL"},{"floor":15.0,"key":"REST"}],"circlet_count":0,"master_deck":["Strike_R","Strike_R","Strike_R","Strike_R","Strike_R","Defend_R","Defend_R","Defend_R","Defend_R","Bash","Hemokinesis","Inflame","Doubt","Regret","Second Wind","Heavy Blade","Entrench","Combust+1","Fire Breathing+1","Dark Embrace+1"],"relics":["Burning Blood","Bag of Marbles","Frozen Egg 2","Omamori","Bronze Scales"],"acts_visited":["Exordium"],"potions_floor_usage":[16,16,16],"damage_taken":[{"damage":0.0,"enemies":"2 Louse","floor":1.0,"turns":2.0},{"damage":8.0,"enemies":"Jaw Worm","floor":5.0,"turns":3.0},{"damage":53.0,"enemies":"Lagavulin","floor":7.0,"turns":7.0},{"damage":2.0,"enemies":"Cultist","floor":8.0,"turns":3.0},{"damage":8.0,"enemies":"Looter","floor":11.0,"turns":3.0},{"damage":11.0,"enemies":"Exordium Wildlife","floor":14.0,"turns":3.0},{"damage":74,"enemies":"The Guardian","floor":16,"turns":7}],"seed_played":"-2877446297765333844","potions_obtained":[{"floor":1.0,"key":"SpeedPotion"},{"floor":7.0,"key":"SpeedPotion"},{"floor":8.0,"key":"DuplicationPotion"},{"floor":14.0,"key":"SteroidPotion"}],"is_trial":false,"path_per_floor":["M","?","?","$","M","R","E","M","T","?","M","?","$","M","R","B"],"character_chosen":"IRONCLAD","items_purchased":["Frozen Egg 2","Second Wind","Bronze Scales"],"campfire_rested":1,"item_purchase_floors":[4,4,13],"current_hp_per_floor":[80,80,80,80,78,78,31,35,35,35,33,53,53,48,72,0,0],"gold":22,"neow_bonus":"THREE_CARDS","is_daily":false,"chose_seed":false,"campfire_upgraded":0,"win_rate":0.0,"timestamp":1608133679,"path_taken":["M","?","?","$","?","R","E","M","T","?","M","?","?","?","R","BOSS"],"items_purchased_type":["Relic","Card","Relic"],"build_version":"2020-12-13","purchased_purges":0,"victory":false,"max_hp_per_floor":[80,80,80,80,80,80,80,80,80,80,80,80,80,80,80,80,80],"card_choices":[{"not_picked":["Thunderclap","Warcry"],"picked":"Hemokinesis","floor":0.0},{"not_picked":["Clash","Flex"],"picked":"Inflame","floor":1.0},{"not_picked":["Clash","Warcry"],"picked":"Heavy Blade","floor":5.0},{"not_picked":["Sever Soul","Flex"],"picked":"Entrench","floor":7.0},{"not_picked":["Whirlwind","Second Wind"],"picked":"Combust+1","floor":8.0},{"not_picked":["Shrug It Off","Reckless Charge"],"picked":"Fire Breathing+1","floor":11.0},{"not_picked":["Sentinel","Warcry"],"picked":"Dark Embrace+1","floor":14.0}],"player_experience":92345,"relics_obtained":[{"floor":7.0,"key":"Omamori"}],"event_choices":[{"damage_healed":0.0,"max_hp_gain":0.0,"max_hp_loss":0.0,"gold_gain":175.0,"event_name":"Liars Game","player_choice":"AGREE","floor":2.0,"gold_loss":0.0,"damage_taken":0.0,"cards_obtained":["Doubt"]},{"damage_healed":0.0,"max_hp_gain":0.0,"max_hp_loss":0.0,"gold_gain":0.0,"event_name":"Big Fish","player_choice":"Box","floor":3.0,"gold_loss":0.0,"damage_taken":0.0,"relics_obtained":["Bag of Marbles"],"cards_obtained":["Regret"]},{"damage_healed":0.0,"max_hp_gain":0.0,"max_hp_loss":0.0,"gold_gain":30.0,"event_name":"Dead Adventurer","player_choice":"Searched \u00271\u0027 times","floor":10.0,"gold_loss":0.0,"damage_taken":0.0},{"damage_healed":20.0,"max_hp_gain":0.0,"max_hp_loss":0.0,"gold_gain":0.0,"event_name":"Mushrooms","player_choice":"Healed and dodged fight","floor":12.0,"gold_loss":0.0,"damage_taken":0.0,"cards_obtained":["Parasite"]}],"is_beta":false,"boss_relics":[],"items_purged_floors":[],"is_endless":false,"potions_floor_spawned":[1,7,8,14],"killed_by":"The Guardian","ascension_level":0}}