{"host":"nox","time":1608095927,"event":{"mods":["BaseMod","Colored Powertips","Minty Spire (QoL Compilation)","Quick Restart","Replay The Spire","StSLib"],"gold_per_floor":[114,129,6,6,18,18,51,51,75,139,169,179,79,107,107,207,207,118,118,130,144,164,164,194,194,240,240,240],"floor_reached":27,"playtime":1049,"items_purged":["Strike_B","Strike_B"],"score":349,"play_id":"025bbc33-63bc-4ed8-ad2a-5fc36aaa23d0","local_time":"20201216121847","is_ascension_mode":true,"campfire_choices":[{"data":"Zap","floor":6.0,"key":"SMITH"},{"data":"Dualcast","floor":8.0,"key":"SMITH"},{"data":"Ball Lightning","floor":15.0,"key":"SMITH"},{"data":"ReplayTheSpireMod:Fabricate Wheel","floor":23.0,"key":"SMITH"},{"floor":25.0,"key":"REST"}],"circlet_count":0,"master_deck":["Strike_B","Strike_B+1","Defend_B","Defend_B","Defend_B","Zap+1","Dualcast+1","Conserve Battery","Ball Lightning+1","Rebound+1","Ball Lightning+1","Crystallizer","AbeCurse","AbeCurse","Redo+1","Panic Button+1","Lockon+1","Mirror Shield"],"relics":["SacredBark","Whetstone","Happy Flower","Bronze Scales","Odd Mushroom","Ornamental Fan","Replay:Ancient Bell","Pen Nib","Kunai","Prayer Wheel","ReplayTheSpireMod:Lightbulb","Prayer Wheel","Replay:Rubber Ducky","Orichalcum"],"acts_visited":["Exordium","TheCity"],"potions_floor_usage":[27],"damage_taken":[{"damage":2.0,"enemies":"Jaw Worm","floor":1.0,"turns":3.0},{"damage":1.0,"enemies":"2 Louse","floor":2.0,"turns":3.0},{"damage":5.0,"enemies":"Small Slimes","floor":5.0,"turns":3.0},{"damage":18.0,"enemies":"3 Sentries","floor":7.0,"turns":5.0},{"damage":10.0,"enemies":"3 Sentries","floor":10.0,"turns":5.0},{"damage":6.0,"enemies":"The Mushroom Lair","floor":11.0,"turns":2.0},{"damage":0.0,"enemies":"Exordium Wildlife","floor":12.0,"turns":3.0},{"damage":17.0,"enemies":"Gremlin Nob","floor":14.0,"turns":3.0},{"damage":0.0,"enemies":"Slime Boss","floor":16.0,"turns":4.0},{"damage":0.0,"enemies":"Chosen","floor":18.0,"turns":3.0},{"damage":5.0,"enemies":"Spheric Guardian","floor":20.0,"turns":3.0},{"damage":15.0,"enemies":"Centurion and Healer","floor":21.0,"turns":8.0},{"damage":7.0,"enemies":"Cultist and Chosen","floor":22.0,"turns":4.0},{"damage":44.0,"enemies":"Slavers","floor":24.0,"turns":4.0},{"damage":27,"enemies":"Sentry and Sphere","floor":27,"turns":3}],"seed_played":"5882927853493431495","potions_obtained":[{"floor":2.0,"key":"Elixir"},{"floor":10.0,"key":"Adrenaline Potion"},{"floor":11.0,"key":"Venom Potion"},{"floor":12.0,"key":"Fire Potion"},{"floor":16.0,"key":"AttackPotion"},{"floor":18.0,"key":"Dexterity Potion"},{"floor":21.0,"key":"GamblersBrew"},{"floor":22.0,"key":"Energy Potion"}],"is_trial":false,"path_per_floor":["M","M","$","?","M","R","E","R","T","?","?","M","$","E","R","B",null,"M","?","M","M","M","R","E","R","T","M"],"character_chosen":"DEFECT","items_purchased":["Ball Lightning"],"campfire_rested":1,"item_purchase_floors":[3],"current_hp_per_floor":[73,72,72,72,67,67,49,49,49,39,33,33,33,16,16,16,75,75,75,70,55,48,48,4,26,26,0,0],"gold":240,"neow_bonus":"BOSS_RELIC","is_daily":false,"chose_seed":false,"campfire_upgraded":4,"win_rate":0.0,"timestamp":1608095927,"path_taken":["M","M","$","?","M","R","E","R","T","?","?","M","?","E","R","BOSS","M","?","?","M","M","R","E","R","T","M"],"items_purchased_type":["Card"],"build_version":"2020-11-17","purchased_purges":2,"victory":false,"max_hp_per_floor":[75,75,75,75,75,75,75,75,75,75,75,75,75,75,75,75,75,75,75,75,75,75,75,75,75,75,75,75],"card_choices":[{"not_picked":["Undo","ReplayTheSpireMod:Calculation Training"],"picked":"Conserve Battery","floor":1.0},{"not_picked":["Undo","Coolheaded","Cold Snap"],"picked":"SKIP","floor":2.0},{"not_picked":["ReplayTheSpireMod:Reroute Power","Undo","Redo"],"picked":"SKIP","floor":5.0},{"not_picked":["Recycle","Multi-Cast","Sweeping Beam"],"picked":"SKIP","floor":7.0},{"not_picked":["Stack","Conserve Battery"],"picked":"Ball Lightning","floor":12.0},{"not_picked":["Undo","Steam"],"picked":"Crystallizer","floor":14.0},{"not_picked":["Thunder Strike","Creative AI"],"picked":"ReplayTheSpireMod:Fabricate Wheel","floor":16.0},{"not_picked":["ReplayTheSpireMod:IOU","Replay:Hysterical Blindness"],"picked":"AbeCurse","floor":17.0},{"not_picked":["Looming Evil","Doubt"],"picked":"ReplayTheSpireMod:IOU","floor":17.0},{"not_picked":["ReplayTheSpireMod:Doomed","Pain"],"picked":"AbeCurse","floor":17.0},{"not_picked":["Double Energy","Darkness"],"picked":"Redo+1","floor":18.0},{"not_picked":["Reprogram","Conserve Battery"],"picked":"Panic Button+1","floor":18.0},{"not_picked":["Melter","Redo","Fusion+1"],"picked":"SKIP","floor":20.0},{"not_picked":["Redo","Self Repair","Turbo"],"picked":"SKIP","floor":20.0},{"not_picked":["ReplayRNGCard","Coolheaded+1"],"picked":"Lockon+1","floor":21.0},{"not_picked":["ReplayTheSpireMod:Repulse","ReplayTheSpireMod:System Scan","ReplayGash"],"picked":"SKIP","floor":21.0},{"not_picked":["Rebound","Stack+1","Conserve Battery"],"picked":"SKIP","floor":22.0},{"not_picked":["Gash","Cold Snap","ReplayTheSpireMod:Omega Cannon"],"picked":"SKIP","floor":22.0},{"not_picked":["Static Discharge","ReplayGash","Compile Driver"],"picked":"SKIP","floor":24.0}],"player_experience":123046,"relics_obtained":[{"floor":7.0,"key":"Whetstone"},{"floor":9.0,"key":"Happy Flower"},{"floor":10.0,"key":"Bronze Scales"},{"floor":11.0,"key":"Odd Mushroom"},{"floor":14.0,"key":"Ornamental Fan"},{"floor":24.0,"key":"Replay:Rubber Ducky"},{"floor":26.0,"key":"Orichalcum"}],"event_choices":[{"damage_healed":0.0,"max_hp_gain":0.0,"max_hp_loss":0.0,"gold_gain":0.0,"event_name":"Dead Adventurer","player_choice":"Searched \u00272\u0027 times","floor":10.0,"gold_loss":0.0,"damage_taken":0.0},{"damage_healed":0.0,"max_hp_gain":0.0,"max_hp_loss":0.0,"gold_gain":0.0,"event_name":"Mushrooms","player_choice":"Fought Mushrooms","floor":11.0,"gold_loss":0.0,"damage_taken":0.0}],"is_beta":true,"boss_relics":[{"not_picked":["Cursed Key","Replay:Drink Me"],"picked":"Replay:Ancient Bell"},{"not_picked":["Oddly Smooth Stone","Art of War"],"picked":"Pen Nib"},{"not_picked":["Gremlin Horn","Divine Protection"],"picked":"Kunai"},{"not_picked":["Turnip","Unceasing Top"],"picked":"Prayer Wheel"}],"items_purged_floors":[3,13],"is_endless":false,"potions_floor_spawned":[2,10,11,12,16,18,21,22],"killed_by":"Sentry and Sphere","ascension_level":4}}