{"host":"do5be0rrwzdbe7ng","time":1608120743,"event":{"mods":["AchievementEnabler","BaseMod","Colored Map","Colored Powertips","Custom Start","DeckTracker","Keyboard Shortcuts","Minty Spire (QoL Compilation)","Quick Restart","StSLib","SuperFastMode","everything is the same but u backflip on backflip"],"gold_per_floor":[116,135,152,77,77,77,89,105,105,105,105,30,105,121,121,210,210,234,284,87,111,129,129,129,129],"floor_reached":24,"playtime":646,"items_purged":["Strike_B","Strike_B"],"score":357,"play_id":"a84e4e41-39da-4381-97e4-172b0152ae39","local_time":"20201216211223","is_ascension_mode":true,"campfire_choices":[{"data":"Coolheaded","floor":6,"key":"SMITH"},{"data":"Genetic Algorithm","floor":10,"key":"SMITH"},{"data":"Dualcast","floor":15,"key":"SMITH"},{"data":"Turbo","floor":23,"key":"SMITH"}],"circlet_count":0,"master_deck":["AscendersBane","Defend_B","Defend_B","Defend_B","Zap+1","Dualcast+1","Genetic Algorithm+1","Coolheaded+1","Cold Snap+1","Sweeping Beam","Compile Driver","Echo Form","Turbo+1","Flash of Steel"],"relics":["Cracked Core","Ancient Tea Set","Meat on the Bone","Golden Idol","Empty Cage"],"acts_visited":["Exordium","TheCity"],"potions_floor_usage":[14,22,24],"damage_taken":[{"damage":1,"enemies":"Cultist","floor":1,"turns":3},{"damage":6,"enemies":"Jaw Worm","floor":2,"turns":3},{"damage":6,"enemies":"2 Louse","floor":3,"turns":3},{"damage":1,"enemies":"Blue Slaver","floor":7,"turns":3},{"damage":10,"enemies":"3 Louse","floor":8,"turns":3},{"damage":0,"enemies":"Looter","floor":14,"turns":3},{"damage":15,"enemies":"The Guardian","floor":16,"turns":12},{"damage":4,"enemies":"Chosen","floor":18,"turns":5},{"damage":15,"enemies":"2 Thieves","floor":21,"turns":4},{"damage":16,"enemies":"Shelled Parasite and Fungi","floor":22,"turns":6},{"damage":44,"enemies":"Slavers","floor":24,"turns":4}],"seed_played":"-1494022712671525065","potions_obtained":[{"floor":2,"key":"SkillPotion"},{"floor":3,"key":"PowerPotion"},{"floor":16,"key":"EssenceOfSteel"}],"is_trial":false,"path_per_floor":["M","M","M","?","?","R","M","M","T","R","?","$","?","M","R","B",null,"M","?","$","M","M","R","E"],"character_chosen":"DEFECT","items_purchased":["Flash of Steel"],"campfire_rested":0,"item_purchase_floors":[20],"current_hp_per_floor":[63,57,51,51,30,30,29,19,19,19,19,19,8,20,20,17,52,48,48,48,33,29,29,0,0],"gold":129,"neow_bonus":"RANDOM_COMMON_RELIC","is_daily":false,"chose_seed":false,"campfire_upgraded":4,"win_rate":0.0,"timestamp":1608120743,"path_taken":["M","?","M","?","?","R","M","M","T","R","?","$","?","M","R","BOSS","M","?","$","M","M","R","E"],"items_purchased_type":["Card"],"build_version":"2020-12-13","purchased_purges":2,"victory":false,"max_hp_per_floor":[71,71,71,71,71,71,71,71,71,71,64,64,64,64,64,64,64,64,64,64,64,64,64,64,64],"card_choices":[{"not_picked":["Sweeping Beam","Force Field"],"picked":"Genetic Algorithm","floor":1},{"not_picked":["Hologram","Steam"],"picked":"Coolheaded","floor":2},{"not_picked":["Redo","Stack"],"picked":"Cold Snap","floor":3},{"not_picked":["Conserve Battery","Rebound"],"picked":"Sweeping Beam","floor":7},{"not_picked":["Hologram","Steam","Darkness"],"picked":"SKIP","floor":8},{"not_picked":["Chaos","Auto Shields"],"picked":"Compile Driver","floor":14},{"not_picked":["Reboot","Fission"],"picked":"Echo Form","floor":16},{"not_picked":["Sunder","Scrape"],"picked":"Turbo","floor":18},{"not_picked":["BootSequence","Scrape+1","Turbo"],"picked":"SKIP","floor":21},{"not_picked":["Barrage","Redo","Reinforced Body"],"picked":"SKIP","floor":22}],"player_experience":341694,"relics_obtained":[{"floor":9,"key":"Meat on the Bone"}],"event_choices":[{"cards_removed":["Strike_B"],"damage_healed":0,"gold_gain":0,"player_choice":"Card Removal","damage_taken":0,"max_hp_gain":0,"max_hp_loss":0,"event_name":"The Cleric","floor":4,"gold_loss":75},{"damage_healed":0,"gold_gain":0,"player_choice":"Entered Light","damage_taken":21,"max_hp_gain":0,"max_hp_loss":0,"event_name":"Shining Light","floor":5,"gold_loss":0,"cards_upgraded":["Cold Snap","Zap"]},{"damage_healed":0,"gold_gain":0,"player_choice":"Lose Max HP","damage_taken":0,"relics_obtained":["Golden Idol"],"max_hp_gain":0,"max_hp_loss":7,"event_name":"Golden Idol","floor":11,"gold_loss":0},{"damage_healed":0,"gold_gain":75,"player_choice":"Gather Gold","damage_taken":11,"max_hp_gain":0,"max_hp_loss":0,"event_name":"World of Goop","floor":13,"gold_loss":0},{"damage_healed":0,"gold_gain":50,"player_choice":"Stole From Cult","damage_taken":0,"max_hp_gain":0,"max_hp_loss":0,"event_name":"Nest","floor":19,"gold_loss":0}],"is_beta":false,"boss_relics":[{"not_picked":["Busted Crown","Inserter"],"picked":"Empty Cage"}],"items_purged_floors":[12,20],"is_endless":false,"potions_floor_spawned":[2,3,16,21],"killed_by":"Slavers","ascension_level":18}}