{"host":"iptgt7xajlx4idp5","time":1608098244,"event":{"mods":["BaseMod","Bestiary","Colored Map","Minty Spire (QoL Compilation)","Rare Cards Sparkle","Slay-I"],"gold_per_floor":[112,127,77,95,111,111,111,130,156,175,190,190,204,286,286,286,286],"floor_reached":16,"playtime":672,"items_purged":[],"score":96,"play_id":"6f3b3db9-d871-443f-b3d6-ba737b483c5c","local_time":"20201215225724","is_ascension_mode":false,"campfire_choices":[{"data":"Shrug It Off","floor":6,"key":"SMITH"},{"data":"Flex","floor":12,"key":"SMITH"},{"data":"Defend_R","floor":15,"key":"SMITH"}],"circlet_count":0,"master_deck":["Strike_R","Strike_R","Strike_R","Strike_R","Defend_R+1","Defend_R","Defend_R","Defend_R","Dramatic Entrance","Shrug It Off+1","Cleave","Flex+1","Metallicize","Clash"],"relics":["Burning Blood","PreservedInsect","Darkstone Periapt"],"acts_visited":["Exordium"],"potions_floor_usage":[16],"damage_taken":[{"damage":1,"enemies":"Cultist","floor":1,"turns":3},{"damage":6,"enemies":"2 Louse","floor":2,"turns":2},{"damage":3,"enemies":"Jaw Worm","floor":4,"turns":3},{"damage":0,"enemies":"3 Louse","floor":5,"turns":2},{"damage":10,"enemies":"Looter","floor":8,"turns":3},{"damage":1,"enemies":"Exordium Thugs","floor":10,"turns":5},{"damage":0,"enemies":"Large Slime","floor":11,"turns":5},{"damage":7,"enemies":"Exordium Wildlife","floor":13,"turns":2},{"damage":79,"enemies":"Slime Boss","floor":16,"turns":14}],"seed_played":"-5843452216064606708","potions_obtained":[{"floor":5,"key":"BlessingOfTheForge"},{"floor":8,"key":"Swift Potion"}],"is_trial":false,"path_per_floor":["M","M","?","M","M","R","?","M","T","M","M","R","M","T","R","B"],"character_chosen":"IRONCLAD","items_purchased":[],"campfire_rested":0,"item_purchase_floors":[],"current_hp_per_floor":[80,80,80,80,80,80,80,76,76,80,80,80,79,79,79,0,0],"gold":286,"neow_bonus":"RANDOM_COLORLESS","is_daily":false,"chose_seed":false,"campfire_upgraded":3,"win_rate":0.0,"timestamp":1608098244,"path_taken":["M","M","?","M","M","R","?","M","T","M","M","R","M","?","R","BOSS"],"items_purchased_type":[],"build_version":"2020-12-13","purchased_purges":0,"victory":false,"max_hp_per_floor":[80,80,80,80,80,80,80,80,80,80,80,80,80,80,80,80,80],"card_choices":[{"not_picked":["Finesse","Flash of Steel"],"picked":"Dramatic Entrance","floor":0},{"not_picked":["True Grit","Disarm"],"picked":"Shrug It Off","floor":1},{"not_picked":["Shrug It Off","Blood for Blood","Sword Boomerang"],"picked":"SKIP","floor":2},{"not_picked":["Fire Breathing","True Grit"],"picked":"Cleave","floor":4},{"not_picked":["Body Slam","Burning Pact"],"picked":"Flex","floor":5},{"not_picked":["Uppercut","Flex"],"picked":"Metallicize","floor":8},{"not_picked":["Ghostly Armor","Headbutt"],"picked":"Clash","floor":10},{"not_picked":["Wild Strike","Twin Strike","Dark Embrace"],"picked":"SKIP","floor":11},{"not_picked":["Thunderclap","True Grit","Power Through"],"picked":"SKIP","floor":13}],"player_experience":484637,"relics_obtained":[{"floor":9,"key":"PreservedInsect"},{"floor":14,"key":"Darkstone Periapt"}],"event_choices":[{"cards_removed":["Strike_R"],"damage_healed":0,"gold_gain":0,"player_choice":"Card Removal","damage_taken":0,"max_hp_gain":0,"max_hp_loss":0,"event_name":"The Cleric","floor":3,"gold_loss":50},{"cards_removed":["Bash"],"damage_healed":0,"gold_gain":0,"player_choice":"Forget","damage_taken":0,"max_hp_gain":0,"max_hp_loss":0,"event_name":"Living Wall","floor":7,"gold_loss":0}],"is_beta":false,"boss_relics":[],"items_purged_floors":[],"is_endless":false,"potions_floor_spawned":[5,8],"killed_by":"Slime Boss","ascension_level":0}}