{"host":"f1miojwxaupu79sp","time":1608084138,"event":{"mods":["BaseMod","Better Vampires","Minty Spire (QoL Compilation)","Shop Mod","StSLib"],"gold_per_floor":[110,125,50,0,52,89,101,148,206,218,246,275,315,339,351,465,477,508,250,270,1,1,1,1,1,71,88,88,118,134,234,234,333,333,349,14,24,24,24,57,57,57,57],"floor_reached":42,"playtime":21891,"items_purged":["Strike_R","Strike_R","Strike_R"],"score":657,"play_id":"b49402df-94cd-4af9-acfe-779c4492a00e","local_time":"20201215210218","is_ascension_mode":true,"campfire_choices":[{"data":"Berserk","floor":7,"key":"SMITH"},{"data":"Evolve","floor":10,"key":"SMITH"},{"data":"True Grit","floor":15,"key":"SMITH"},{"data":"Demon Form","floor":23,"key":"SMITH"},{"data":"Fire Breathing","floor":32,"key":"SMITH"},{"floor":41,"key":"REST"}],"circlet_count":0,"master_deck":["Defend_R+1","Defend_R+1","Defend_R+1","Defend_R+1","Bash","Immolate","Evolve+1","Iron Wave","Berserk+1","Sever Soul+1","Sentinel+1","Fire Breathing+1","True Grit+1","Demon Form+1","Battle Trance","Shrug It Off","Pummel+1","Shrug It Off","Seeing Red","Ghostly Armor","Fiend Fire","Rage","Rampage+1","Armaments+1"],"relics":["Burning Blood","MawBank","Incense Burner","Pen Nib","Lantern","Mummified Hand","Black Star","War Paint","Sling","Shuriken","Art of War","Question Card","Turnip","Matryoshka","Bag of Marbles","Whetstone"],"acts_visited":["Exordium","TheCity","TheBeyond"],"potions_floor_usage":[6,13,29,33,40,42],"damage_taken":[{"damage":1,"enemies":"Cultist","floor":1,"turns":3},{"damage":2,"enemies":"Jaw Worm","floor":2,"turns":3},{"damage":41,"enemies":"Gremlin Nob","floor":6,"turns":5},{"damage":32,"enemies":"Lagavulin","floor":8,"turns":7},{"damage":0,"enemies":"2 Louse","floor":11,"turns":1},{"damage":13,"enemies":"Large Slime","floor":12,"turns":5},{"damage":0,"enemies":"3 Sentries","floor":13,"turns":1},{"damage":10,"enemies":"Blue Slaver","floor":14,"turns":5},{"damage":9,"enemies":"Hexaghost","floor":16,"turns":7},{"damage":23,"enemies":"Spheric Guardian","floor":18,"turns":7},{"damage":0,"enemies":"3 Byrds","floor":20,"turns":4},{"damage":10,"enemies":"Snecko","floor":27,"turns":5},{"damage":25,"enemies":"Book of Stabbing","floor":29,"turns":5},{"damage":0,"enemies":"Cultist and Chosen","floor":30,"turns":5},{"damage":30,"enemies":"Champ","floor":33,"turns":12},{"damage":17,"enemies":"3 Darklings","floor":35,"turns":9},{"damage":10,"enemies":"Orb Walker","floor":37,"turns":4},{"damage":59,"enemies":"Nemesis","floor":40,"turns":9},{"damage":42,"enemies":"Giant Head","floor":42,"turns":7}],"seed_played":"3208204889478107151","potions_obtained":[{"floor":2,"key":"Regen Potion"},{"floor":12,"key":"EntropicBrew"},{"floor":13,"key":"DuplicationPotion"},{"floor":14,"key":"BloodPotion"},{"floor":29,"key":"Block Potion"},{"floor":40,"key":"Regen Potion"}],"is_trial":false,"path_per_floor":["M","M","$","?","T","E","R","E","T","R","M","M","E","M","R","B",null,"M","$","M","$","?","R","?","?","T","M","$","E","M","?","R","B",null,"M","$","M","$","T","E","R","E"],"character_chosen":"IRONCLAD","items_purchased":["Shrug It Off","War Paint","Sling","Turnip","Rampage"],"campfire_rested":1,"item_purchase_floors":[19,19,21,36,36],"current_hp_per_floor":[77,80,80,80,80,54,54,28,28,28,34,27,33,29,29,26,67,50,50,56,56,56,56,56,56,56,52,52,49,55,55,55,31,68,57,57,53,53,53,16,40,3,3],"gold":57,"neow_bonus":"TRANSFORM_CARD","is_daily":false,"chose_seed":false,"campfire_upgraded":5,"win_rate":0.0,"timestamp":1608084138,"path_taken":["M","M","$","?","?","E","R","E","T","R","M","M","E","M","R","BOSS","M","$","M","$","?","R","?","?","T","M","?","E","?","?","R","BOSS","M","?","?","$","?","E","R","E"],"items_purchased_type":["Card","Relic","Relic","Relic","Card"],"build_version":"2020-12-13","purchased_purges":3,"victory":false,"max_hp_per_floor":[80,80,80,80,80,80,80,80,80,80,80,80,80,80,80,80,80,80,80,80,80,80,80,80,80,80,80,80,80,80,80,80,80,80,80,80,80,80,80,80,80,80,80],"card_choices":[{"not_picked":["Shrug It Off","Iron Wave"],"picked":"Evolve","floor":1},{"not_picked":["Uppercut","Flex"],"picked":"Iron Wave","floor":2},{"not_picked":["Wild Strike","Anger"],"picked":"Berserk","floor":6},{"not_picked":["Feel No Pain","Barricade"],"picked":"Sever Soul","floor":8},{"not_picked":["Warcry","Reckless Charge","Carnage"],"picked":"SKIP","floor":11},{"not_picked":["Second Wind","Feel No Pain"],"picked":"Sentinel","floor":12},{"not_picked":["Feed","Whirlwind"],"picked":"Fire Breathing","floor":13},{"not_picked":["Havoc","Warcry"],"picked":"True Grit","floor":14},{"not_picked":["Limit Break","Feed"],"picked":"Demon Form","floor":16},{"not_picked":["Twin Strike","Hemokinesis"],"picked":"Battle Trance","floor":18},{"not_picked":["Perfected Strike","Headbutt"],"picked":"Pummel+1","floor":20},{"not_picked":["Anger","Wild Strike"],"picked":"Seeing Red","floor":27},{"not_picked":["Flex+1","Corruption"],"picked":"Ghostly Armor","floor":29},{"not_picked":["Carnage","Thunderclap","Whirlwind","Evolve"],"picked":"SKIP","floor":30},{"not_picked":["Immolate","Exhume","Bludgeon"],"picked":"Fiend Fire","floor":33},{"not_picked":["Burning Pact","Anger","Clash+1"],"picked":"Rage","floor":35},{"not_picked":["Warcry","True Grit","Thunderclap+1","Sword Boomerang+1"],"picked":"SKIP","floor":37},{"not_picked":["Iron Wave","Perfected Strike+1","Warcry+1"],"picked":"Armaments+1","floor":40}],"player_experience":575501,"relics_obtained":[{"floor":5,"key":"MawBank"},{"floor":6,"key":"Incense Burner"},{"floor":8,"key":"Pen Nib"},{"floor":9,"key":"Lantern"},{"floor":13,"key":"Mummified Hand"},{"floor":26,"key":"Shuriken"},{"floor":29,"key":"Art of War"},{"floor":29,"key":"Question Card"},{"floor":39,"key":"Matryoshka"},{"floor":40,"key":"Bag of Marbles"},{"floor":40,"key":"Whetstone"}],"event_choices":[{"cards_removed":["Strike_R"],"damage_healed":0,"gold_gain":0,"player_choice":"Card Removal","damage_taken":0,"max_hp_gain":0,"max_hp_loss":0,"event_name":"The Cleric","floor":4,"gold_loss":50},{"damage_healed":0,"gold_gain":0,"player_choice":"Read","damage_taken":0,"max_hp_gain":0,"max_hp_loss":0,"event_name":"The Library","floor":22,"gold_loss":0,"cards_obtained":["Shrug It Off"]},{"damage_healed":0,"gold_gain":0,"player_choice":"Became a vampire","damage_taken":0,"max_hp_gain":0,"max_hp_loss":0,"event_name":"Vampires","floor":24,"gold_loss":0,"cards_obtained":[]},{"damage_healed":0,"gold_gain":0,"player_choice":"Simplicity","damage_taken":0,"max_hp_gain":0,"max_hp_loss":0,"event_name":"Back to Basics","floor":25,"gold_loss":0,"cards_upgraded":["Defend_R","Defend_R","Defend_R"]},{"damage_healed":0,"gold_gain":100,"player_choice":"Pray","damage_taken":0,"max_hp_gain":0,"max_hp_loss":0,"event_name":"Golden Shrine","floor":31,"gold_loss":0}],"is_beta":false,"boss_relics":[{"not_picked":["Sozu","Fusion Hammer"],"picked":"Black Star"},{"not_picked":["Snecko Eye","Pandora\u0027s Box","Astrolabe"]}],"items_purged_floors":[3,19,21],"is_endless":false,"potions_floor_spawned":[2,12,13,14,20,29,40],"killed_by":"Giant Head","ascension_level":7}}