{"host":"xpedwhml4to70g3q","time":1608122967,"event":{"mods":["Act Like it!","BaseMod","Curses Come First","Hallownest","Minty Spire (QoL Compilation)","Spicy Shops","StSLib","The Bug Knight"],"gold_per_floor":[114,114,129,144,159,189,189,219,244,244,244,274,57,57,57,157,157,172,187,202,165,165,165,195,195,220,235,10,10,25,25,25,125,125,140,140,140,140,140,140,155,185,185,200,200,25,55,85,85,85],"floor_reached":51,"playtime":1774,"items_purged":["HollowMod:WraithStrike","HollowMod:SoulShaman+1"],"score":1094,"play_id":"c10568a4-4b33-4109-9f7d-2315b42d8ee9","local_time":"20201216204927","daily_mods":["SealedDeck","Flight","Terminal"],"is_ascension_mode":false,"campfire_choices":[{"data":"HollowMod:VengefulVoid","floor":7,"key":"SMITH"},{"data":"HollowMod:VengefulVoid","floor":10,"key":"SMITH"},{"data":"HollowMod:ShadowDash","floor":11,"key":"SMITH"},{"data":"HollowMod:SoulMaster","floor":15,"key":"SMITH"},{"data":"HollowMod:VengefulVoid","floor":23,"key":"SMITH"},{"floor":25,"key":"REST"},{"data":"HollowMod:MantisMark","floor":32,"key":"SMITH"},{"data":"HollowMod:VengefulVoid","floor":45,"key":"SMITH"},{"data":"HollowMod:VoidDash","floor":49,"key":"SMITH"}],"circlet_count":0,"master_deck":["HollowMod:DescendingDark","HollowMod:CycloneSlash","HollowMod:DescendingDark","HollowMod:ShadowDash+1","HollowMod:DescendingDark","HollowMod:VengefulVoid+1","HollowMod:CloakDash","HollowMod:SiblingsShadow","HollowMod:SiblingsShadow","HollowMod:MantisMark+1","HollowMod:VengefulVoid+1","HollowMod:SiblingsShadow","HollowMod:SoulMaster+1","HollowMod:VengefulVoid+1","HollowMod:SiblingsShadow","HollowMod:DescendingDark","HollowMod:VengefulVoid+1","HollowMod:CloakDash+1","HollowMod:VoidDash+1","HollowMod:FastStrike+1"],"relics":["HollowMod:VesselMask","Meat on the Bone","Question Card","HollowMod:IsmasTear","HollowMod:PaleOreRelic","Strange Spoon","Runic Dome","Mercury Hourglass","Letter Opener","Blood Vial","HollowMod:JonisBlessing","MutagenicStrength","SlaversCollar","Gambling Chip","HollowMod:MantisClawRelic","TheAbacus","Bottled Flame","InkBottle"],"acts_visited":["Exordium","TheCity","TheBeyond"],"potions_floor_usage":[18,42],"damage_taken":[{"damage":0,"enemies":"Jaw Worm","floor":1,"turns":2},{"damage":0,"enemies":"Cultist","floor":3,"turns":2},{"damage":0,"enemies":"2 Louse","floor":4,"turns":1},{"damage":0,"enemies":"HollowMod:HuskWarrior","floor":5,"turns":2},{"damage":0,"enemies":"Gremlin Nob","floor":6,"turns":2},{"damage":0,"enemies":"3 Sentries","floor":8,"turns":2},{"damage":0,"enemies":"Gremlin Nob","floor":12,"turns":2},{"damage":31,"enemies":"Hexaghost","floor":16,"turns":3},{"damage":7,"enemies":"Chosen","floor":18,"turns":2},{"damage":0,"enemies":"Spheric Guardian","floor":19,"turns":2},{"damage":0,"enemies":"Centurion and Healer","floor":20,"turns":2},{"damage":21,"enemies":"Slavers","floor":24,"turns":2},{"damage":0,"enemies":"3 Cultists","floor":27,"turns":2},{"damage":0,"enemies":"Cultist and Chosen","floor":30,"turns":2},{"damage":0,"enemies":"Collector","floor":33,"turns":3},{"damage":0,"enemies":"3 Shapes","floor":35,"turns":2},{"damage":0,"enemies":"Orb Walker","floor":41,"turns":2},{"damage":0,"enemies":"Reptomancer","floor":42,"turns":2},{"damage":0,"enemies":"Sphere and 2 Shapes","floor":44,"turns":1},{"damage":0,"enemies":"Giant Head","floor":47,"turns":3},{"damage":0,"enemies":"HollowMod:StalkingDevout","floor":48,"turns":2},{"damage":0,"enemies":"Awakened One","floor":50,"turns":4}],"seed_played":"4580661739168851385","potions_obtained":[{"floor":3,"key":"SteroidPotion"},{"floor":6,"key":"Energy Potion"},{"floor":12,"key":"BlessingOfTheForge"},{"floor":18,"key":"Fruit Juice"},{"floor":20,"key":"ColorlessPotion"}],"is_trial":false,"path_per_floor":["M","?","M","M","M","E","R","E","T","R","R","E","$","?","R","B",null,"M","M","M","$","?","R","E","R","T","M","$","?","M","?","R","B",null,"M","?","$","?","$","?","M","E","T","M","R","$","E","E","R","B",null],"character_chosen":"THE_BUGKNIGHT","items_purchased":["HollowMod:SiblingsShadow","Strange Spoon","HollowMod:SiblingsShadow","HollowMod:JonisBlessing","TheAbacus"],"campfire_rested":1,"item_purchase_floors":[13,13,21,28,46],"current_hp_per_floor":[73,72,71,70,69,68,67,66,65,64,63,62,61,60,59,40,57,55,55,55,55,55,55,34,50,50,52,51,50,49,48,47,46,45,44,43,42,41,40,37,36,35,34,33,32,31,30,29,28,27],"gold":85,"neow_bonus":"","is_daily":true,"chose_seed":false,"campfire_upgraded":8,"win_rate":0.0,"timestamp":1608122967,"path_taken":["M","?","M","M","?","E","R","E","T","R","R","E","$","?","R","BOSS","M","M","?","$","?","R","E","R","T","M","$","?","M","?","R","BOSS","M","?","$","?","$","?","M","E","T","M","R","$","E","E","R","BOSS"],"items_purchased_type":["Card","Relic","Card","Relic","Relic"],"build_version":"2020-12-13","purchased_purges":2,"victory":true,"max_hp_per_floor":[73,72,71,70,69,68,67,66,65,64,63,62,61,60,59,58,57,61,60,59,58,57,56,55,54,53,52,51,50,49,48,47,46,45,44,43,42,41,40,37,36,35,34,33,32,31,30,29,28,27],"card_choices":[{"not_picked":["HollowMod:RecoilStrike","HollowMod:GreatSlash"],"picked":"HollowMod:CycloneSlash","floor":1},{"not_picked":["HollowMod:HowlingWraiths","HollowMod:SoulStrike","HollowMod:CycloneSlash"],"picked":"SKIP","floor":3},{"not_picked":["HollowMod:HowlingWraiths","HollowMod:SiblingsSouls"],"picked":"HollowMod:SiblingsShadow","floor":4},{"not_picked":["HollowMod:CornifersMapStart","HollowMod:SharpenedNail"],"picked":"HollowMod:MantisMark","floor":5},{"not_picked":["HollowMod:MothsMistake","HollowMod:FallenFury"],"picked":"HollowMod:VengefulVoid","floor":6},{"not_picked":["HollowMod:SharpenedShadows","HollowMod:InfectionAssault"],"picked":"HollowMod:SiblingsShadow","floor":8},{"not_picked":["HollowMod:DescendingDark","HollowMod:BaldurShell","HollowMod:SoulShaman"],"picked":"HollowMod:SoulMaster","floor":12},{"not_picked":["HollowMod:SoulStrike+1","HollowMod:HeavyBlow+1","HollowMod:DoubleDash+1"],"picked":"HollowMod:VengefulVoid","floor":18},{"not_picked":["HollowMod:RecoilStrike","HollowMod:BaldurShell","HollowMod:BrokenVessel","HollowMod:LifebloodCocoon+1"],"picked":"SKIP","floor":19},{"not_picked":["HollowMod:SoulEater+1","HollowMod:HowlingWraiths","HollowMod:NewInfectedGuardian","HollowMod:AbyssShriek"],"picked":"SKIP","floor":20},{"not_picked":["HollowMod:CoiledNail","HollowMod:InfectedAttack","HollowMod:MonarchWings","HollowMod:DoubleDash+1"],"picked":"SKIP","floor":24},{"not_picked":["HollowMod:CornifersMapStart","HollowMod:FallenFury+1","HollowMod:ChannelNail"],"picked":"HollowMod:DescendingDark","floor":27},{"not_picked":["HollowMod:GreatSlash","HollowMod:HeavyBlow","HollowMod:Weaversong","HollowMod:SharpenedNail"],"picked":"SKIP","floor":30},{"not_picked":["HollowMod:HowlingWraiths+1","HollowMod:DoubleDash+1","HollowMod:CornifersMapStart+1"],"picked":"HollowMod:VengefulVoid","floor":35},{"not_picked":["HollowMod:InfectionAssault+1","HollowMod:NewGlowingWomb+1","HollowMod:SoulEater+1","HollowMod:BrokenVessel"],"picked":"SKIP","floor":41},{"not_picked":["HollowMod:SoulStrike+1","HollowMod:LifebloodCocoon+1","HollowMod:HuntersJournal"],"picked":"HollowMod:SoulShaman+1","floor":42},{"not_picked":["HollowMod:HeavyBlow","HollowMod:ChannelNail+1","HollowMod:CornifersMapStart"],"picked":"HollowMod:CloakDash+1","floor":44},{"not_picked":["HollowMod:SharpenedShadows+1","HollowMod:SharpenedNail+1","HollowMod:ChannelNail"],"picked":"HollowMod:VoidDash","floor":47},{"not_picked":["HollowMod:WraithStrike","HollowMod:InfectedCysts","HollowMod:SoulEater"],"picked":"HollowMod:FastStrike+1","floor":48}],"player_experience":98348,"relics_obtained":[{"floor":6,"key":"Meat on the Bone"},{"floor":8,"key":"Question Card"},{"floor":9,"key":"HollowMod:IsmasTear"},{"floor":12,"key":"HollowMod:PaleOreRelic"},{"floor":24,"key":"Letter Opener"},{"floor":26,"key":"Blood Vial"},{"floor":42,"key":"Gambling Chip"},{"floor":43,"key":"HollowMod:MantisClawRelic"},{"floor":47,"key":"Bottled Flame"},{"floor":48,"key":"InkBottle"}],"event_choices":[{"cards_removed":["HollowMod:CycloneSlash"],"damage_healed":0,"gold_gain":0,"player_choice":"Card Removal","damage_taken":0,"max_hp_gain":0,"max_hp_loss":0,"event_name":"Wheel of Change","floor":2,"gold_loss":0},{"cards_removed":["HollowMod:NewJinnsSoul"],"damage_healed":0,"gold_gain":0,"player_choice":"Purged","damage_taken":0,"max_hp_gain":0,"max_hp_loss":0,"event_name":"Purifier","floor":14,"gold_loss":0},{"damage_healed":0,"gold_gain":0,"player_choice":"Opened","damage_taken":0,"relics_obtained":["Mercury Hourglass"],"max_hp_gain":0,"max_hp_loss":0,"event_name":"The Mausoleum","floor":22,"gold_loss":0},{"damage_healed":0,"gold_gain":0,"player_choice":"Inject Mutagens","damage_taken":0,"relics_obtained":["MutagenicStrength"],"max_hp_gain":0,"max_hp_loss":0,"event_name":"Drug Dealer","floor":29,"gold_loss":0},{"damage_healed":0,"gold_gain":0,"player_choice":"Ignored","damage_taken":0,"max_hp_gain":0,"max_hp_loss":0,"event_name":"Ghosts","floor":31,"gold_loss":0},{"damage_healed":0,"gold_gain":0,"player_choice":"Ignored","damage_taken":0,"max_hp_gain":0,"max_hp_loss":0,"event_name":"Tomb of Lord Red Mask","floor":36,"gold_loss":0},{"cards_removed":["HollowMod:SiblingsShadow"],"damage_healed":0,"gold_gain":0,"player_choice":"Removed Skill","damage_taken":0,"max_hp_gain":0,"max_hp_loss":0,"event_name":"Falling","floor":38,"gold_loss":0},{"damage_healed":0,"gold_gain":0,"player_choice":"Max HP","damage_taken":0,"max_hp_gain":0,"max_hp_loss":2,"event_name":"Winding Halls","floor":40,"gold_loss":0}],"is_beta":false,"boss_relics":[{"not_picked":["Velvet Choker","Coffee Dripper"],"picked":"Runic Dome"},{"not_picked":["Empty Cage","Astrolabe"],"picked":"SlaversCollar"}],"items_purged_floors":[28,46],"is_endless":false,"potions_floor_spawned":[3,6,12,16,18,20,30,35,41,44],"ascension_level":0}}