{"host":"mi0eibewekhugwl1","time":1608117839,"event":{"mods":["AchievementEnabler","BaseMod","Colored Map","Colored Powertips","DeckTracker","Keyboard Shortcuts","Minty Spire (QoL Compilation)","Quick Restart","Rare Cards Sparkle","Relic Stats","StSLib","SuperFastMode","everything is the same but u backflip on backflip"],"gold_per_floor":[112,122,122,175,189,189,218,218,242,1,1,28,41,54,54,128,128,138,151,151,169,26,26,26,43,43,43,53,53,68,122,122,122,122],"floor_reached":33,"playtime":710,"items_purged":["Strike_R"],"score":514,"play_id":"698cf61b-9890-43da-8494-1675680cfd19","local_time":"20201216202359","is_ascension_mode":true,"campfire_choices":[{"data":"Bash","floor":6,"key":"SMITH"},{"data":"Seeing Red","floor":8,"key":"SMITH"},{"data":"Fire Breathing","floor":11,"key":"SMITH"},{"data":"True Grit","floor":15,"key":"SMITH"},{"floor":23,"key":"REST"},{"data":"Evolve","floor":24,"key":"SMITH"},{"floor":27,"key":"REST"},{"data":"Demon Form","floor":29,"key":"SMITH"},{"data":"Power Through","floor":32,"key":"SMITH"}],"circlet_count":0,"master_deck":["AscendersBane","Strike_R","Defend_R","Defend_R","Defend_R","Defend_R","Bash+1","Whirlwind+1","Rampage","Seeing Red+1","Power Through","Fire Breathing+1","Exhume","Wild Strike","True Grit+1","Fiend Fire","Evolve+1","Demon Form+1","Shrug It Off","Power Through+1","Sentinel"],"relics":["Burning Blood","Red Skull","WingedGreaves","Blood Vial","Omamori","Cursed Key","Bag of Preparation"],"acts_visited":["Exordium","TheCity"],"potions_floor_usage":[7,16,18,22,28,33,33],"damage_taken":[{"damage":2,"enemies":"2 Louse","floor":1,"turns":3},{"damage":6,"enemies":"Jaw Worm","floor":2,"turns":5},{"damage":12,"enemies":"Small Slimes","floor":5,"turns":2},{"damage":8,"enemies":"Gremlin Nob","floor":7,"turns":3},{"damage":5,"enemies":"3 Sentries","floor":12,"turns":4},{"damage":16,"enemies":"Exordium Thugs","floor":13,"turns":4},{"damage":11,"enemies":"Blue Slaver","floor":14,"turns":4},{"damage":45,"enemies":"Hexaghost","floor":16,"turns":10},{"damage":22,"enemies":"3 Byrds","floor":18,"turns":3},{"damage":18,"enemies":"Chosen","floor":19,"turns":5},{"damage":37,"enemies":"Snecko","floor":21,"turns":5},{"damage":21,"enemies":"Sentry and Sphere","floor":25,"turns":5},{"damage":26,"enemies":"Centurion and Healer","floor":28,"turns":6},{"damage":2,"enemies":"Snecko","floor":30,"turns":5},{"damage":64,"enemies":"Automaton","floor":33,"turns":8}],"seed_played":"-5573702843027004229","potions_obtained":[{"floor":1,"key":"LiquidMemories"},{"floor":2,"key":"FearPotion"},{"floor":14,"key":"Weak Potion"},{"floor":19,"key":"BlessingOfTheForge"},{"floor":21,"key":"Fire Potion"},{"floor":25,"key":"BloodPotion"},{"floor":28,"key":"Weak Potion"}],"is_trial":false,"path_per_floor":["M","M","?","T","M","R","E","R","T","$","R","E","M","M","R","B",null,"M","M","?","M","$","R","R","M","T","R","M","R","M","T","R","B"],"character_chosen":"IRONCLAD","items_purchased":["Power Through","Fire Breathing","BloodPotion","Power Through"],"campfire_rested":2,"item_purchase_floors":[10,10,22,22],"current_hp_per_floor":[72,72,72,72,66,66,64,64,64,64,64,67,59,56,56,19,61,47,37,37,8,23,45,45,32,32,54,51,51,57,57,57,0,0],"gold":122,"neow_bonus":"REMOVE_CARD","is_daily":false,"chose_seed":false,"campfire_upgraded":7,"win_rate":0.0,"timestamp":1608117839,"path_taken":["M","M","?","?","M","R","E","R","T","?","R","E","?","M","R","BOSS","M","M","?","M","$","R","R","M","T","R","M","R","M","?","R","BOSS"],"items_purchased_type":["Card","Card","Potion","Card"],"build_version":"2020-12-13","purchased_purges":1,"victory":false,"max_hp_per_floor":[75,75,75,75,75,75,75,75,75,75,75,75,75,75,75,75,75,75,75,75,75,75,75,75,75,75,75,75,75,75,75,75,75,75],"relic_stats":{"Blood Vial":22,"counters":[15,72],"Bag of Preparation":[2],"Cursed Key":2,"obtain_stats":[{"Blood Vial":9,"WingedGreaves":7,"Omamori":12,"Bag of Preparation":31,"Cursed Key":17,"Burning Blood":0,"Red Skull":4},{"Blood Vial":4,"WingedGreaves":4,"Omamori":5,"Bag of Preparation":14,"Cursed Key":8,"Burning Blood":0,"Red Skull":2},{"Blood Vial":13,"WingedGreaves":13,"Omamori":17,"Bag of Preparation":64,"Cursed Key":35,"Burning Blood":0,"Red Skull":8}],"Burning Blood":84},"card_choices":[{"not_picked":["Twin Strike","Blood for Blood"],"picked":"Whirlwind","floor":1},{"not_picked":["Body Slam","Anger","Clothesline"],"picked":"SKIP","floor":2},{"not_picked":["Iron Wave","Perfected Strike"],"picked":"Rampage","floor":5},{"not_picked":["True Grit","Rage"],"picked":"Seeing Red","floor":7},{"not_picked":["Perfected Strike","Reaper"],"picked":"Exhume","floor":12},{"not_picked":["True Grit","Shrug It Off"],"picked":"Wild Strike","floor":13},{"not_picked":["Warcry","Whirlwind"],"picked":"True Grit","floor":14},{"not_picked":["Feed","Juggernaut"],"picked":"Fiend Fire","floor":16},{"not_picked":["Flex","Sword Boomerang+1","Heavy Blade"],"picked":"SKIP","floor":18},{"not_picked":["Iron Wave","Clothesline","Headbutt"],"picked":"SKIP","floor":19},{"not_picked":["Cleave","Headbutt"],"picked":"Shrug It Off","floor":21},{"not_picked":["Thunderclap","Havoc+1","Heavy Blade"],"picked":"SKIP","floor":25},{"not_picked":["True Grit","Blood for Blood"],"picked":"Sentinel","floor":28},{"not_picked":["Thunderclap","Evolve","Clothesline"],"picked":"SKIP","floor":30}],"player_experience":1670277,"relics_obtained":[{"floor":4,"key":"Red Skull"},{"floor":7,"key":"WingedGreaves"},{"floor":9,"key":"Blood Vial"},{"floor":12,"key":"Omamori"},{"floor":31,"key":"Bag of Preparation"}],"event_choices":[{"damage_healed":0,"gold_gain":0,"player_choice":"Grow","damage_taken":0,"max_hp_gain":0,"max_hp_loss":0,"event_name":"Living Wall","floor":3,"gold_loss":0,"cards_upgraded":["Whirlwind"]},{"damage_healed":0,"gold_gain":0,"cards_transformed":["Strike_R","Strike_R"],"player_choice":"Became Test Subject","damage_taken":0,"max_hp_gain":0,"max_hp_loss":0,"event_name":"Drug Dealer","floor":20,"gold_loss":0,"cards_obtained":["Evolve","Demon Form"]}],"is_beta":false,"boss_relics":[{"not_picked":["Busted Crown","Fusion Hammer"],"picked":"Cursed Key"}],"items_purged_floors":[10],"is_endless":false,"potions_floor_spawned":[1,2,14,19,21,25,28],"killed_by":"Automaton","ascension_level":20}}