{"host":"rcuacvep95pje9kw","time":1608156056,"event":{"mods":["2.2 Compatiblity","AchievementEnabler","BaseMod","Card Forge","Downfall","Hermit","Minty Spire (QoL Compilation)","Relic Stats","StSLib"],"gold_per_floor":[12,87,103,68,44,44,73,91,115,115,80,80,80,98,98,98,98],"floor_reached":16,"playtime":807,"items_purged":[],"score":98,"play_id":"c34ffc40-2c4a-477a-bb01-e85a7c5e6624","local_time":"20201216170056","is_ascension_mode":false,"campfire_choices":[{"data":"champ:Taunt","floor":6,"key":"SMITH"},{"floor":12,"key":"REST"},{"floor":15,"key":"REST"}],"circlet_count":0,"master_deck":["champ:Strike","champ:Strike","champ:Strike","champ:Strike+1","champ:Defend","champ:Defend","champ:Defend","champ:Defend","champ:Execute","champ:Taunt+1","champ:SteelEdge","champ:StanceDance","champ:FaceSlap","champ:FanOfKnives+1","champ:DefensiveStyle","champ:Riposte+1","champ:IronFortress","champ:Improvising"],"relics":["champ:ChampionCrown","Hammer of Thor","Seething Fire","Anvil of the Gods","Omamori","Lantern"],"acts_visited":["Exordium"],"potions_floor_usage":[],"damage_taken":[{"damage":8,"enemies":"2 Louse","floor":1,"turns":4},{"damage":3,"enemies":"Jaw Worm","floor":3,"turns":3},{"damage":38,"enemies":"Lagavulin","floor":7,"turns":7},{"damage":0,"enemies":"Small Slimes","floor":8,"turns":3},{"damage":26,"enemies":"Exordium Thugs","floor":14,"turns":4},{"damage":75,"enemies":"Hexaghost","floor":16,"turns":8}],"seed_played":"-9196605745870476391","potions_obtained":[{"floor":7,"key":"LiquidBronze"},{"floor":14,"key":"champ:TechniquePotion"}],"is_trial":false,"path_per_floor":["M","?","M","?","$","R","E","M","T","?","$","R","?","M","R","B"],"character_chosen":"THE_CHAMP","items_purchased":["champ:FanOfKnives","champ:IronFortress"],"campfire_rested":2,"item_purchase_floors":[5,11],"current_hp_per_floor":[87,76,73,90,90,90,57,57,57,39,39,66,66,48,75,0,0],"gold":98,"neow_bonus":"THREE_RARE_CARDS","is_daily":false,"chose_seed":false,"campfire_upgraded":1,"win_rate":0.0,"timestamp":1608156056,"path_taken":["M","?","M","?","?","R","E","M","T","?","?","R","?","M","R","BOSS"],"items_purchased_type":["Card","Card"],"build_version":"2020-12-13","purchased_purges":0,"victory":false,"max_hp_per_floor":[90,90,90,90,90,90,90,90,90,90,90,90,90,90,90,90,90],"relic_stats":{"counters":[6,29],"obtain_stats":[{"Lantern":9,"Anvil of the Gods":0,"champ:ChampionCrown":0,"Hammer of Thor":0,"Omamori":7,"Seething Fire":0},{"Lantern":4,"Anvil of the Gods":0,"champ:ChampionCrown":0,"Hammer of Thor":0,"Omamori":3,"Seething Fire":0},{"Lantern":17,"Anvil of the Gods":0,"champ:ChampionCrown":0,"Hammer of Thor":0,"Omamori":14,"Seething Fire":0}]},"card_choices":[{"not_picked":["champ:Improvising","champ:LastStand"],"picked":"champ:SteelEdge","floor":0},{"not_picked":["champ:ShieldWall","champ:Circumvent"],"picked":"champ:StanceDance","floor":1},{"not_picked":["champ:PerfectedStrike","champ:DefensiveShout"],"picked":"champ:FaceSlap","floor":3},{"not_picked":["champ:DancingMaster","champ:FalseCounter"],"picked":"champ:DefensiveStyle","floor":7},{"not_picked":["champ:DefensiveShout","champ:GutPunch"],"picked":"champ:Riposte","floor":8},{"not_picked":["champ:Circumvent","champ:BringItOn"],"picked":"champ:Improvising","floor":14}],"player_experience":80596,"relics_obtained":[{"floor":7,"key":"Omamori"},{"floor":9,"key":"Lantern"}],"event_choices":[{"damage_healed":0,"gold_gain":75,"player_choice":"Gather Gold","damage_taken":11,"max_hp_gain":0,"max_hp_loss":0,"event_name":"World of Goop","floor":2,"gold_loss":0},{"damage_healed":22,"gold_gain":0,"player_choice":"Healed","damage_taken":0,"max_hp_gain":0,"max_hp_loss":0,"event_name":"The Cleric","floor":4,"gold_loss":35},{"damage_healed":0,"gold_gain":0,"player_choice":"Entered Light","damage_taken":18,"max_hp_gain":0,"max_hp_loss":0,"event_name":"Shining Light","floor":10,"gold_loss":0,"cards_upgraded":["champ:Strike","champ:Riposte"]},{"damage_healed":0,"gold_gain":0,"player_choice":"Upgraded","damage_taken":0,"max_hp_gain":0,"max_hp_loss":0,"event_name":"Upgrade Shrine","floor":13,"gold_loss":0,"cards_upgraded":["champ:FanOfKnives"]}],"is_beta":false,"boss_relics":[],"items_purged_floors":[],"is_endless":false,"potions_floor_spawned":[7,14],"killed_by":"Hexaghost","ascension_level":0}}