{"host":"udyc8f81k2jocuhg","time":1608133317,"event":{"mods":["2.2 Compatiblity","BaseMod","Better Third Choice","Colored Powertips","Conspire","Custom Start","GifTheSpireLib","Hermit","Minty Spire (QoL Compilation)","Permanent Neow","Quick Restart","Relic Filter","Relic Stats","Replay The Spire","Shop Mod","Spikes Relics","StSLib","Stuff the Spire"],"gold_per_floor":[113,132,152,168,138,138,138],"floor_reached":6,"playtime":314,"items_purged":[],"score":67,"play_id":"2a9e6418-f2b7-4081-a086-c64e5db75567","local_time":"20201216164157","is_ascension_mode":true,"campfire_choices":[],"circlet_count":0,"master_deck":["AscendersBane","Strike_G","Strike_G","Strike_G","Strike_G","Strike_G","Defend_G","Defend_G","Defend_G","Defend_G","Defend_G","Survivor","Neutralize","Dodge and Roll","PiercingWail","Dagger Spray","Poisoned Stab"],"relics":["Sozu"],"acts_visited":["Exordium"],"potions_floor_usage":[],"damage_taken":[{"damage":0,"enemies":"Cultist","floor":1,"turns":5},{"damage":6,"enemies":"Jaw Worm","floor":2,"turns":6},{"damage":0,"enemies":"2 Louse","floor":3,"turns":4},{"damage":13,"enemies":"Large Slime","floor":4,"turns":13},{"damage":0,"enemies":"Looter","floor":5,"turns":4},{"damage":0,"enemies":"3 Sentries","floor":6,"turns":1}],"seed_played":"2910398128864413866","potions_obtained":[],"is_trial":false,"path_per_floor":["M","M","M","M","M","E"],"character_chosen":"THE_SILENT","items_purchased":[],"campfire_rested":0,"item_purchase_floors":[],"current_hp_per_floor":[59,53,53,40,40,40,40],"gold":138,"neow_bonus":"BOSS_RELIC","is_daily":false,"chose_seed":false,"campfire_upgraded":0,"win_rate":0.0,"timestamp":1608133317,"path_taken":["M","M","M","M","M","E"],"items_purchased_type":[],"build_version":"2020-12-13","purchased_purges":0,"victory":false,"max_hp_per_floor":[66,66,66,66,66,66,66],"relic_stats":{"Sozu":2,"counters":[6,33],"obtain_stats":[{"Sozu":0,"Ring of the Snake":0},{"Sozu":0,"Ring of the Snake":0},{"Sozu":0,"Ring of the Snake":0}]},"card_choices":[{"not_picked":["Backflip","Flying Knee"],"picked":"Dodge and Roll","floor":1},{"not_picked":["Calculated Gamble","StuffTheSpire:Incantation"],"picked":"PiercingWail","floor":2},{"not_picked":["ReplayTheSpireMod:Shiv Toss","StuffTheSpire:BumpUp","Setup"],"picked":"SKIP","floor":3},{"not_picked":["Bane","PiercingWail"],"picked":"Dagger Spray","floor":4},{"not_picked":["Riddle With Holes","StuffTheSpire:Python"],"picked":"Poisoned Stab","floor":5}],"player_experience":1914073,"relics_obtained":[],"event_choices":[],"is_beta":false,"boss_relics":[],"items_purged_floors":[],"is_endless":false,"potions_floor_spawned":[2,3],"killed_by":"3 Sentries","ascension_level":15}}