{"host":"h1ba9qculgt1zycs","time":1608136946,"event":{"mods":["BaseMod","Hermit","Minty Spire (QoL Compilation)","StSLib"],"gold_per_floor":[112,162,162,176,195,230,230,405,405,405,421,451,36,50,50,146,146,162,162,162,178,193,193,204,234,234,17,29,54,0,18,18,115,115,128,143,195,195,195,195,207,207,207,207,235,250,285,285,285,285,285,285,86,111,111],"floor_reached":56,"playtime":2921,"items_purged":[],"score":1428,"play_id":"4a3f75c8-8833-46d4-aa44-f71dcbb45024","local_time":"20201216174226","is_ascension_mode":true,"campfire_choices":[{"data":"hermit:Quickdraw","floor":7.0,"key":"SMITH"},{"floor":10.0,"key":"REST"},{"data":"hermit:GoldenBullet","floor":15.0,"key":"SMITH"},{"data":"hermit:FinalCanter","floor":23.0,"key":"SMITH"},{"floor":32.0,"key":"REST"},{"data":"hermit:CursedWeapon","floor":40.0,"key":"SMITH"},{"floor":44.0,"key":"RECALL"},{"data":"hermit:FatalDesire","floor":49.0,"key":"SMITH"},{"data":"Panache","floor":52.0,"key":"SMITH"}],"circlet_count":0,"master_deck":["hermit:Strike_Hermit","hermit:Strike_Hermit","hermit:Strike_Hermit","hermit:Strike_Hermit","hermit:Defend_Hermit","hermit:Defend_Hermit","hermit:Defend_Hermit","hermit:Snapshot","hermit:Covet","hermit:Quickdraw+1","hermit:SprayPray","hermit:Quickdraw+1","Doubt","hermit:Manifest","hermit:GoldenBullet+1","hermit:FinalCanter+1","hermit:CursedWeapon+1","hermit:Misfire","hermit:Midnight","hermit:Manifest+1","hermit:Quickdraw+1","Regret","hermit:Quickdraw","Jack Of All Trades+1","hermit:GoldenBullet+1","hermit:SprayPray+1","hermit:ShadowCloak","hermit:Spite+1","hermit:FinalCanter+1","hermit:Brawl","hermit:Manifest+1","Writhe","Deep Breath+1","Deep Breath+1","Panache+1","hermit:Quickdraw+1","Writhe","Doubt","hermit:Grudge+1","hermit:FatalDesire+1","hermit:LuckOfTheDraw+1","hermit:Spite+1","hermit:TakeAim+1","hermit:ItchyTrigger+1","hermit:FlashPowder+1"],"relics":["hermit:Momento","NeowsBlessing","StrikeDummy","White Beast Statue","Mummified Hand","Lee\u0027s Waffle","Ginger","Cursed Key","SacredBark","Tiny Chest","Oddly Smooth Stone","Toxic Egg 2","Membership Card","Molten Egg 2","Peace Pipe","Pen Nib","Bottled Flame","Bottled Tornado","Eternal Feather","Kunai","Orrery","TungstenRod"],"acts_visited":["TheBeyond","TheEnding"],"potions_floor_usage":[55],"damage_taken":[{"damage":0.0,"enemies":"Small Slimes","floor":1.0,"turns":1.0},{"damage":0.0,"enemies":"Jaw Worm","floor":4.0,"turns":1.0},{"damage":0.0,"enemies":"2 Louse","floor":5.0,"turns":1.0},{"damage":54.0,"enemies":"Lagavulin","floor":6.0,"turns":9.0},{"damage":0.0,"enemies":"Looter","floor":11.0,"turns":2.0},{"damage":21.0,"enemies":"3 Sentries","floor":12.0,"turns":6.0},{"damage":0.0,"enemies":"Lots of Slimes","floor":14.0,"turns":3.0},{"damage":76.0,"enemies":"The Guardian","floor":16.0,"turns":16.0},{"damage":8.0,"enemies":"3 Byrds","floor":18.0,"turns":5.0},{"damage":21.0,"enemies":"Spheric Guardian","floor":21.0,"turns":4.0},{"damage":9.0,"enemies":"Centurion and Healer","floor":22.0,"turns":4.0},{"damage":13.0,"enemies":"Snecko","floor":24.0,"turns":4.0},{"damage":7.0,"enemies":"Book of Stabbing","floor":25.0,"turns":5.0},{"damage":11.0,"enemies":"Sentry and Sphere","floor":28.0,"turns":4.0},{"damage":42.0,"enemies":"Slavers","floor":29.0,"turns":6.0},{"damage":17.0,"enemies":"Cultist and Chosen","floor":31.0,"turns":5.0},{"damage":30.0,"enemies":"Automaton","floor":33.0,"turns":10.0},{"damage":39.0,"enemies":"3 Darklings","floor":35.0,"turns":4.0},{"damage":34.0,"enemies":"3 Shapes","floor":36.0,"turns":5.0},{"damage":20.0,"enemies":"2 Orb Walkers","floor":37.0,"turns":3.0},{"damage":10.0,"enemies":"Maw","floor":41.0,"turns":6.0},{"damage":38.0,"enemies":"Reptomancer","floor":45.0,"turns":8.0},{"damage":13.0,"enemies":"Writhing Mass","floor":46.0,"turns":2.0},{"damage":41.0,"enemies":"Nemesis","floor":47.0,"turns":5.0},{"damage":21.0,"enemies":"Time Eater","floor":50.0,"turns":4.0},{"damage":25,"enemies":"Shield and Spear","floor":54,"turns":3},{"damage":35,"enemies":"The Heart","floor":55,"turns":8}],"seed_played":"-1181644131199453427","potions_obtained":[{"floor":6.0,"key":"Ancient Potion"},{"floor":14.0,"key":"Strength Potion"},{"floor":16.0,"key":"EssenceOfSteel"},{"floor":18.0,"key":"SpeedPotion"},{"floor":21.0,"key":"SpeedPotion"},{"floor":22.0,"key":"AttackPotion"},{"floor":24.0,"key":"GamblersBrew"},{"floor":25.0,"key":"FearPotion"},{"floor":29.0,"key":"DuplicationPotion"},{"floor":31.0,"key":"EntropicBrew"},{"floor":33.0,"key":"GamblersBrew"},{"floor":35.0,"key":"Fire Potion"},{"floor":36.0,"key":"ColorlessPotion"},{"floor":37.0,"key":"Regen Potion"},{"floor":41.0,"key":"hermit:Tonic"},{"floor":45.0,"key":"Fire Potion"},{"floor":46.0,"key":"AttackPotion"},{"floor":47.0,"key":"SteroidPotion"},{"floor":54,"key":"SneckoOil"}],"is_trial":false,"path_per_floor":["M","?","?","M","M","E","R","?","T","R","M","E","$","M","R","B",null,"M","?","?","M","M","R","M","E","T","$","M","E","$","M","R","B",null,"M","M","?","T","?","R","M","?","T","R","E","M","E","?","R","B",null,"R","$","E","B",null],"character_chosen":"HERMIT","items_purchased":["Mummified Hand","Lee\u0027s Waffle","Membership Card","hermit:Quickdraw","Jack Of All Trades+1","hermit:ShadowCloak","hermit:Spite+1","Kunai","Orrery"],"campfire_rested":2,"item_purchase_floors":[13,13,27,27,27,30,30,53,53],"current_hp_per_floor":[75,75,75,75,75,21,21,21,21,43,43,22,82,82,82,6,82,74,74,74,53,44,44,31,24,24,24,13,40,40,23,47,17,82,43,9,62,62,52,52,42,63,63,63,25,12,43,43,67,65,82,82,82,57,22],"gold":111,"neow_bonus":"THREE_ENEMY_KILL","is_daily":false,"chose_seed":false,"campfire_upgraded":6,"win_rate":0.0,"timestamp":1608136946,"path_taken":["M","?","?","M","M","E","R","?","T","R","M","E","$","M","R","BOSS","M","?","?","M","?","R","M","E","T","$","M","E","?","M","R","BOSS","M","M","?","?","?","R","M","?","T","R","E","M","E","?","R","BOSS","R","$","E","BOSS"],"items_purchased_type":["Relic","Relic","Relic","Card","Card","Card","Card","Relic","Relic"],"build_version":"2020-12-13","purchased_purges":0,"victory":true,"max_hp_per_floor":[75,75,75,75,75,75,75,75,75,75,75,75,82,82,82,82,82,82,82,82,82,82,82,82,82,82,82,82,82,82,82,82,82,82,82,82,82,82,82,82,82,82,82,82,82,82,82,82,82,82,82,82,82,82,82],"card_choices":[{"not_picked":["hermit:WideOpen","hermit:LowProfile"],"picked":"hermit:Quickdraw","floor":1.0},{"not_picked":["hermit:Dive","hermit:LowProfile"],"picked":"hermit:SprayPray","floor":4.0},{"not_picked":["hermit:Headshot","hermit:DeadMansHand","hermit:Vantage"],"picked":"SKIP","floor":5.0},{"not_picked":["hermit:WideOpen","hermit:Snipe"],"picked":"hermit:Quickdraw","floor":6.0},{"not_picked":["hermit:CalledShot","hermit:DeadMansHand","hermit:Snipe"],"picked":"SKIP","floor":11.0},{"not_picked":["hermit:Glare","hermit:NoHoldsBarred"],"picked":"hermit:Manifest","floor":12.0},{"not_picked":["hermit:WideOpen","hermit:FinalCanter"],"picked":"hermit:GoldenBullet","floor":14.0},{"not_picked":["hermit:RoundhouseKick","hermit:BlackWind"],"picked":"hermit:FinalCanter","floor":16.0},{"not_picked":["hermit:Brawl+1","hermit:Dive+1"],"picked":"hermit:CursedWeapon","floor":18.0},{"not_picked":["hermit:Snipe","hermit:LowProfile","hermit:Dive+1"],"picked":"SKIP","floor":21.0},{"not_picked":["hermit:Dive","hermit:Coalescence"],"picked":"hermit:Midnight","floor":22.0},{"not_picked":["hermit:GhostlyPresence","hermit:SprayPray"],"picked":"hermit:Manifest+1","floor":24.0},{"not_picked":["hermit:Ricochet","hermit:Showdown"],"picked":"hermit:Quickdraw+1","floor":25.0},{"not_picked":["hermit:PistolWhip","hermit:Enervate"],"picked":"hermit:GoldenBullet+1","floor":28.0},{"not_picked":["hermit:TakeAim+1","hermit:WideOpen+1"],"picked":"hermit:SprayPray+1","floor":29.0},{"not_picked":["hermit:Brawl","hermit:GhostlyPresence+1","hermit:Shortfuse+1"],"picked":"SKIP","floor":31.0},{"not_picked":["hermit:Dissolve+1","hermit:RoundhouseKick+1"],"picked":"hermit:FinalCanter+1","floor":33.0},{"not_picked":["hermit:Vantage+1","hermit:TrackingShot+1"],"picked":"hermit:Brawl","floor":35.0},{"not_picked":["hermit:CalledShot+1","hermit:Desperado+1"],"picked":"hermit:Manifest+1","floor":36.0},{"not_picked":["Flash of Steel+1","HandOfGreed+1"],"picked":"Deep Breath+1","floor":39.0},{"not_picked":["Thinking Ahead+1","Trip+1"],"picked":"Deep Breath+1","floor":39.0},{"not_picked":["Mind Blast+1","Mayhem"],"picked":"Panache","floor":39.0},{"not_picked":["hermit:Roulette+1","hermit:Desperado+1"],"picked":"hermit:Quickdraw+1","floor":41.0},{"not_picked":["hermit:Misfire+1","hermit:Roulette+1"],"picked":"hermit:Grudge+1","floor":45.0},{"not_picked":["hermit:DeadMansHand+1","hermit:LowProfile+1","hermit:Roulette+1"],"picked":"SKIP","floor":46.0},{"not_picked":["hermit:Virtue+1","hermit:BodyArmor+1"],"picked":"hermit:FatalDesire","floor":47.0},{"not_picked":["hermit:Desperado+1","hermit:FromBeyond+1"],"picked":"hermit:LuckOfTheDraw+1","floor":53.0},{"not_picked":["hermit:Enervate+1","hermit:Headshot+1"],"picked":"hermit:Spite+1","floor":53.0},{"not_picked":["hermit:WideOpen+1","hermit:TrackingShot+1"],"picked":"hermit:TakeAim+1","floor":53.0},{"not_picked":["hermit:BodyArmor+1","hermit:Feint+1"],"picked":"hermit:ItchyTrigger+1","floor":53.0},{"not_picked":["hermit:PistolWhip+1","hermit:HighCaliber+1"],"picked":"hermit:FlashPowder+1","floor":53.0},{"not_picked":["hermit:Scavenge+1","hermit:DeadMansHand+1","hermit:HighCaliber+1"],"picked":"SKIP","floor":54}],"player_experience":248218,"relics_obtained":[{"floor":6.0,"key":"StrikeDummy"},{"floor":12.0,"key":"White Beast Statue"},{"floor":25.0,"key":"Oddly Smooth Stone"},{"floor":26.0,"key":"Toxic Egg 2"},{"floor":29.0,"key":"Molten Egg 2"},{"floor":37.0,"key":"Peace Pipe"},{"floor":38.0,"key":"Pen Nib"},{"floor":43.0,"key":"Bottled Flame"},{"floor":45.0,"key":"Bottled Tornado"},{"floor":47.0,"key":"Eternal Feather"},{"floor":54,"key":"TungstenRod"}],"event_choices":[{"damage_healed":0.0,"max_hp_gain":0.0,"max_hp_loss":0.0,"gold_gain":50.0,"event_name":"Golden Wing","player_choice":"Gained Gold","floor":2.0,"gold_loss":0.0,"damage_taken":0.0},{"damage_healed":0.0,"max_hp_gain":0.0,"max_hp_loss":0.0,"gold_gain":0.0,"event_name":"Living Wall","player_choice":"Grow","floor":3.0,"gold_loss":0.0,"damage_taken":0.0,"cards_upgraded":["hermit:Quickdraw"]},{"damage_healed":0.0,"max_hp_gain":0.0,"max_hp_loss":0.0,"gold_gain":175.0,"event_name":"Liars Game","player_choice":"AGREE","floor":8.0,"gold_loss":0.0,"damage_taken":0.0,"cards_obtained":["Doubt"]},{"damage_healed":0.0,"max_hp_gain":0.0,"max_hp_loss":0.0,"gold_gain":0.0,"event_name":"The Library","player_choice":"Read","floor":19.0,"gold_loss":0.0,"damage_taken":0.0,"cards_obtained":["hermit:Misfire"]},{"damage_healed":0.0,"max_hp_gain":0.0,"max_hp_loss":0.0,"gold_gain":0.0,"event_name":"WeMeetAgain","player_choice":"Gave Potion","floor":20.0,"gold_loss":0.0,"damage_taken":0.0,"relics_obtained":["Tiny Chest"]},{"damage_healed":0.0,"max_hp_gain":0.0,"max_hp_loss":0.0,"gold_gain":0.0,"event_name":"Mysterious Sphere","player_choice":"Fight","floor":37.0,"gold_loss":0.0,"damage_taken":0.0},{"damage_healed":0.0,"max_hp_gain":0.0,"max_hp_loss":0.0,"gold_gain":0.0,"event_name":"SensoryStone","player_choice":"Memory 3","floor":39.0,"gold_loss":0.0,"damage_taken":10.0},{"damage_healed":21.0,"max_hp_gain":0.0,"max_hp_loss":0.0,"gold_gain":0.0,"event_name":"Winding Halls","player_choice":"Writhe","floor":42.0,"gold_loss":0.0,"damage_taken":0.0,"cards_obtained":["Writhe"]},{"cards_removed":["hermit:Defend_Hermit"],"damage_healed":0.0,"max_hp_gain":0.0,"max_hp_loss":0.0,"gold_gain":0.0,"event_name":"Falling","player_choice":"Removed Skill","floor":48.0,"gold_loss":0.0,"damage_taken":0.0}],"is_beta":false,"boss_relics":[{"not_picked":["SacredBark","Busted Crown"],"picked":"Cursed Key"},{"not_picked":["Velvet Choker","Runic Dome","hermit:DentedPlate"]}],"items_purged_floors":[],"is_endless":false,"potions_floor_spawned":[6,14,16,18,21,22,24,25,28,29,31,33,35,36,37,41,45,46,47,54],"ascension_level":1}}