{"host":"rylkjufw9dlhr07b","time":1608129835,"event":{"mods":["AchievementEnabler","BaseMod","Better Note","BetterRewards","Hubris","Minty Spire (QoL Compilation)","Quick Restart","Replay The Spire","StSLib","The Necromancer"],"gold_per_floor":[109,109,109,56,75,75,96,96,96],"floor_reached":8,"playtime":175,"items_purged":[],"score":92,"play_id":"9c1e36d9-32f9-4d00-a5ee-d8fe1888bea5","local_time":"20201216154355","is_ascension_mode":true,"campfire_choices":[],"circlet_count":0,"master_deck":["AscendersBane","Strike_W","Strike_W","Strike_W","Strike_W","Defend_W","Defend_W","Defend_W","Defend_W","Negative_Energy_Arrows","Bone_Wall+1","Hellfire","Blood_Wake","Bones_to_Steel","Negative_Energy_Sphere","Injury","Bone_Armory+1","Negative_Energy_Javelin","Necrotic_Claws","Bone_Armor"],"relics":["Vampire_Amulet","Golden Idol"],"acts_visited":["Exordium"],"potions_floor_usage":[8],"damage_taken":[{"damage":0,"enemies":"Jaw Worm","floor":1,"turns":4},{"damage":12,"enemies":"Small Slimes","floor":5,"turns":3},{"damage":0,"enemies":"Cultist","floor":7,"turns":3},{"damage":33,"enemies":"Gremlin Nob","floor":8,"turns":4}],"seed_played":"735268332533218518","potions_obtained":[{"floor":7,"key":"SpeedPotion"}],"is_trial":false,"path_per_floor":["M","?","?","$","M","?","M","E"],"character_chosen":"NECROMANCER","items_purchased":["Bones_to_Steel","Negative_Energy_Javelin"],"campfire_rested":0,"item_purchase_floors":[0,4],"current_hp_per_floor":[60,60,60,60,52,31,33,0,0],"gold":96,"neow_bonus":"","is_daily":false,"chose_seed":false,"campfire_upgraded":0,"win_rate":0.0,"timestamp":1608129835,"path_taken":["M","?","?","$","?","?","M","E"],"items_purchased_type":["Card","Card"],"build_version":"2020-12-13","purchased_purges":0,"victory":false,"max_hp_per_floor":[71,71,71,71,71,71,71,71,71],"card_choices":[{"not_picked":["Uncharnel","Bone_Shift"],"picked":"Negative_Energy_Sphere","floor":1},{"not_picked":["Death_Coil","Blood_Curse"],"picked":"Necrotic_Claws","floor":5},{"not_picked":["Blood_Shield","Scare"],"picked":"Bone_Armor","floor":7}],"player_experience":606676,"relics_obtained":[],"event_choices":[{"damage_healed":0,"gold_gain":0,"player_choice":"Take Wound","damage_taken":0,"relics_obtained":["Golden Idol"],"max_hp_gain":0,"max_hp_loss":0,"event_name":"Golden Idol","floor":2,"gold_loss":0,"cards_obtained":["Injury"]},{"damage_healed":0,"gold_gain":0,"player_choice":"1 cards matched","damage_taken":0,"max_hp_gain":0,"max_hp_loss":0,"event_name":"Match and Keep!","floor":3,"gold_loss":0,"cards_obtained":["Bone_Armory"]},{"damage_healed":0,"gold_gain":0,"player_choice":"Entered Light","damage_taken":21,"max_hp_gain":0,"max_hp_loss":0,"event_name":"Shining Light","floor":6,"gold_loss":0,"cards_upgraded":["Bone_Armory","Bone_Wall"]}],"is_beta":false,"boss_relics":[],"items_purged_floors":[],"is_endless":false,"potions_floor_spawned":[7],"killed_by":"Gremlin Nob","ascension_level":20}}