{"host":"bnl7o5cb2omwu7ka","time":1608106145,"event":{"mods":["AchievementEnabler","BaseMod","BetterRewards","Block Reminder","Colored Map","Colored Powertips","Conspire","Defective Defect","Downfall","Energized Spire","Googly Eyes","Highlight Path","Infinite Spire","Ironclad Rager","Jedi Mod","Mimic Mod","Minty Spire (QoL Compilation)","Permanent Neow","Quick Restart","Rare Cards Sparkle","Replay The Spire","Spikes Relics","StSLib","The IronCluck","egg","everything is the same but u backflip on backflip","slay the spire mod where everything is the same but ironclad has a cowboy hat"],"gold_per_floor":[99,117,133,164,178,178,178],"floor_reached":6,"playtime":1524,"items_purged":[],"score":46,"play_id":"81f54860-a4f8-48a5-8f87-8833491fe79c","local_time":"20201216030905","is_ascension_mode":false,"campfire_choices":[{"data":"Specialist","floor":1,"key":"SMITH"}],"circlet_count":0,"master_deck":["hexamod:Strike","hexamod:Strike","hexamod:Strike","hexamod:Strike","hexamod:Defend","hexamod:Defend","hexamod:Defend","hexamod:Defend","hexamod:Sear","hexamod:Float","Specialist+1","hexamod:HauntingEcho","hexamod:SwordOfDarkness","hexamod:FastForward","hexamod:BacktrackSmack"],"relics":["hexamod:SpiritBrand","Replay:Rubber Ducky"],"acts_visited":["Exordium"],"potions_floor_usage":[],"damage_taken":[{"damage":9,"enemies":"2 Louse","floor":2,"turns":3},{"damage":6,"enemies":"Jaw Worm","floor":3,"turns":2},{"damage":28,"enemies":"Gremlin Nob","floor":4,"turns":5},{"damage":5,"enemies":"Small Slimes","floor":5,"turns":3},{"damage":23,"enemies":"Lagavulin","floor":6,"turns":5}],"seed_played":"1208284173499187008","potions_obtained":[],"is_trial":false,"path_per_floor":["R","M","M","E","M","E"],"character_chosen":"THE_SPIRIT","items_purchased":[],"campfire_rested":0,"item_purchase_floors":[],"current_hp_per_floor":[70,61,55,27,22,0,0],"gold":178,"neow_bonus":"RANDOM_COLORLESS","is_daily":false,"chose_seed":false,"campfire_upgraded":1,"win_rate":0.0,"timestamp":1608106145,"path_taken":["R","M","M","E","M","E"],"items_purchased_type":[],"build_version":"2020-12-13","purchased_purges":0,"victory":false,"max_hp_per_floor":[70,70,70,70,70,70,70],"card_choices":[{"not_picked":["expansioncontent:FaceSlap","expansioncontent:ManipulateTime"],"picked":"Specialist","floor":0},{"not_picked":["hexamod:ThermalTransfer","hexamod:HeatCrush"],"picked":"hexamod:HauntingEcho","floor":2},{"not_picked":["hexamod:InspiringFlames","hexamod:HeatCrush"],"picked":"hexamod:SwordOfDarkness","floor":3},{"not_picked":["hexamod:GhostShield","hexamod:ExtraCrispy"],"picked":"hexamod:FastForward","floor":4},{"not_picked":["hexamod:BurningTouch","hexamod:GhostLash"],"picked":"hexamod:BacktrackSmack","floor":5}],"player_experience":137884,"relics_obtained":[{"floor":4,"key":"Replay:Rubber Ducky"}],"event_choices":[],"is_beta":false,"boss_relics":[],"items_purged_floors":[],"is_endless":false,"potions_floor_spawned":[],"killed_by":"Lagavulin","ascension_level":0}}