{"host":"sum4dy402bbv9y4o","time":1608135815,"event":{"mods":["Aspiration","BaseMod","Conspire","Highlight Path","Minty Spire (QoL Compilation)","StSLib"],"gold_per_floor":[118,129,17,17,36,36,47,47,94,106,122,148,148,164,164,242,242,254,0,19,19,19,19],"floor_reached":22,"playtime":651,"items_purged":["Strike_R"],"score":376,"play_id":"57c11081-9583-4eed-ad55-c76fbd7d33cf","local_time":"20201216192335","is_ascension_mode":true,"campfire_choices":[{"data":"Bash","floor":6,"key":"SMITH"},{"data":"Berserk","floor":8,"key":"SMITH"},{"data":"Armaments","floor":13,"key":"SMITH"},{"floor":15,"key":"REST"}],"circlet_count":0,"master_deck":["AscendersBane","Strike_R","Strike_R","Strike_R","Strike_R","Defend_R","Defend_R","Defend_R","Defend_R","Bash+1","Clothesline","Cleave","Wild Strike","Pommel Strike","Berserk+1","Armaments+1","Cleave","Disarm","Juggernaut","HandOfGreed","Ghostly Armor"],"relics":["Burning Blood","aspiration:Nostalgia","Cracked Core","Tiny Chest","Red Skull","Black Star"],"acts_visited":["Exordium","TheCity"],"potions_floor_usage":[12,12,16,22],"damage_taken":[{"damage":10,"enemies":"Small Slimes","floor":1,"turns":3},{"damage":0,"enemies":"Cultist","floor":2,"turns":3},{"damage":4,"enemies":"Jaw Worm","floor":5,"turns":3},{"damage":5,"enemies":"Exordium Thugs","floor":7,"turns":3},{"damage":5,"enemies":"2 Fungi Beasts","floor":10,"turns":3},{"damage":6,"enemies":"Looter","floor":11,"turns":3},{"damage":18,"enemies":"Lagavulin","floor":12,"turns":6},{"damage":33,"enemies":"Exordium Thugs","floor":14,"turns":4},{"damage":40,"enemies":"The Guardian","floor":16,"turns":10},{"damage":43,"enemies":"Spheric Guardian","floor":18,"turns":5},{"damage":8,"enemies":"Chosen","floor":20,"turns":4},{"damage":20,"enemies":"Centurion and Healer","floor":22,"turns":5}],"seed_played":"1442829457304782081","potions_obtained":[{"floor":2,"key":"EssenceOfSteel"},{"floor":4,"key":"Block Potion"},{"floor":14,"key":"BlessingOfTheForge"},{"floor":20,"key":"SkillPotion"}],"is_trial":false,"path_per_floor":["M","M","$","?","M","R","M","R","T","M","M","E","R","M","R","B",null,"M","$","M","?","M"],"character_chosen":"IRONCLAD","items_purchased":["Wild Strike","SteroidPotion","HandOfGreed"],"campfire_rested":1,"item_purchase_floors":[3,3,19],"current_hp_per_floor":[64,70,70,70,72,72,73,73,73,74,74,62,62,35,57,23,62,25,25,23,17,0,0],"gold":19,"neow_bonus":"NOSTALGIA","is_daily":false,"chose_seed":false,"campfire_upgraded":3,"win_rate":0.0,"timestamp":1608135815,"path_taken":["M","M","$","?","M","R","M","R","T","M","M","E","R","M","R","BOSS","M","?","M","?","M"],"items_purchased_type":["Card","Potion","Card"],"build_version":"2020-12-13","purchased_purges":1,"victory":false,"max_hp_per_floor":[75,75,75,75,75,75,75,75,75,75,75,75,75,75,75,75,75,75,75,75,75,75,75],"card_choices":[{"not_picked":["Clash","Heavy Blade"],"picked":"Clothesline","floor":1},{"not_picked":["Sever Soul","Evolve"],"picked":"Cleave","floor":2},{"not_picked":["Blood for Blood","Body Slam"],"picked":"Pommel Strike","floor":5},{"not_picked":["Heavy Blade","Twin Strike"],"picked":"Berserk","floor":7},{"not_picked":["Sever Soul","Twin Strike"],"picked":"Armaments","floor":10},{"not_picked":["Wild Strike","Feel No Pain"],"picked":"Cleave","floor":11},{"not_picked":["Perfected Strike","Clash","Clothesline"],"picked":"SKIP","floor":12},{"not_picked":["Clothesline","Thunderclap"],"picked":"Disarm","floor":14},{"not_picked":["Immolate","Corruption"],"picked":"Juggernaut","floor":16},{"not_picked":["Havoc","Headbutt","Thunderclap"],"picked":"SKIP","floor":18},{"not_picked":["Uppercut","Whirlwind"],"picked":"Ghostly Armor","floor":20}],"player_experience":2794592,"relics_obtained":[{"floor":9,"key":"Tiny Chest"},{"floor":12,"key":"Red Skull"}],"event_choices":[{"damage_healed":0,"gold_gain":0,"player_choice":"Got Potions","damage_taken":0,"max_hp_gain":0,"max_hp_loss":0,"event_name":"Lab","floor":4,"gold_loss":0},{"damage_healed":0,"gold_gain":0,"player_choice":"","damage_taken":6,"max_hp_gain":0,"max_hp_loss":0,"event_name":"Knowing Skull","floor":21,"potions_obtained":[],"gold_loss":0,"cards_obtained":[]}],"is_beta":false,"boss_relics":[{"not_picked":["SacredBark","Ectoplasm"],"picked":"Black Star"}],"items_purged_floors":[19],"is_endless":false,"potions_floor_spawned":[2,7,14,20],"killed_by":"Centurion and Healer","ascension_level":20}}