{"host":"cijhj3091wf4aho3","time":1608083269,"event":{"mods":["BaseMod","Colored Map","Colored Powertips","Downfall","Friendly Minions","GifTheSpireLib","Highlight Path","Minty Spire (QoL Compilation)","Permanent Neow","Random Character Button","Relic Sorter","Relic Stats","StSLib","everything is the same but u backflip on backflip","slay the spire mod where everything is the same but ironclad has a cowboy hat"],"gold_per_floor":[199,199,199,227,152,61,61,61,90,15,28,38,48,60,80,183,183,183,183,183,213,213,49,49,49,64,90,115,115,126,145,165,266,266,191,208,118,118,118,150,177,247,247,283,283,295,315,341,359,359],"floor_reached":51,"playtime":3070,"items_purged":["champ:Strike"],"score":942,"play_id":"b9c7709e-0787-485a-9596-b2b586ed32ce","local_time":"20201215174749","is_ascension_mode":true,"campfire_choices":[{"floor":1.0,"key":"RECALL"},{"data":"champ:Taunt","floor":5.0,"key":"SMITH"},{"floor":8.0,"key":"REST"},{"data":"champ:GladiatorStyle","floor":10,"key":"SMITH"},{"data":"champ:MurderStrike","floor":18,"key":"SMITH"},{"data":"champ:ViciousMockery","floor":20,"key":"SMITH"},{"data":"champ:Circumvent","floor":25,"key":"SMITH"},{"data":"champ:FlashCut","floor":35,"key":"SMITH"},{"data":"RitualDagger","floor":43,"key":"SMITH"}],"circlet_count":0,"master_deck":["champ:Strike","champ:Strike","champ:Defend","champ:Defend+1","champ:Defend+1","champ:Defend","champ:Execute","champ:Taunt+1","champ:ViciousMockery+1","champ:BringItOn","champ:GladiatorStyle+1","champ:FlashCut+1","champ:Circumvent+1","champ:MurderStrike+1","RitualDagger+1","champ:DefensiveShout+1","champ:Lariat+1","champ:Haymaker+1","expansioncontent:FaceSlap+1","champ:FalseCounter+1","champ:EnGarde","champ:StanceDance+1","champ:CalledShot"],"relics":["champ:ChampionCrown","Tiny Chest","downfall:HeartBlessingRed","War Paint","Lizard Tail","downfall:HeartBlessingGreen","Sozu","Ornamental Fan","champ:FightingForDummies","Letter Opener","Regal Pillow","champ:ChampionCrownUpgraded","downfall:HeartBlessingBlue","Blue Candle","CeramicFish","Gremlin Horn","Strawberry"],"acts_visited":["Exordium","TheCity","TheBeyond"],"potions_floor_usage":[16,16,16],"damage_taken":[{"damage":75.0,"enemies":"Lagavulin","floor":4.0,"turns":10.0},{"damage":10.0,"enemies":"downfall:FleeingMerchant","floor":6.0,"turns":4.0},{"damage":10,"enemies":"Gremlin Nob","floor":9,"turns":4},{"damage":0,"enemies":"2 Louse","floor":11,"turns":2},{"damage":16,"enemies":"Jaw Worm","floor":12,"turns":3},{"damage":0,"enemies":"Small Slimes","floor":13,"turns":3},{"damage":11,"enemies":"Exordium Thugs","floor":14,"turns":5},{"damage":5,"enemies":"Large Slime","floor":15,"turns":5},{"damage":16,"enemies":"downfall:Defect","floor":16,"turns":12},{"damage":3,"enemies":"Book of Stabbing","floor":21,"turns":7},{"damage":10,"enemies":"downfall:FleeingMerchant","floor":23,"turns":4},{"damage":5,"enemies":"Shell Parasite","floor":26,"turns":4},{"damage":5,"enemies":"Gremlin Leader","floor":27,"turns":8},{"damage":5,"enemies":"Chosen","floor":30,"turns":6},{"damage":10,"enemies":"Centurion and Healer","floor":31,"turns":6},{"damage":10,"enemies":"3 Cultists","floor":32,"turns":5},{"damage":10,"enemies":"downfall:Ironclad","floor":33,"turns":10},{"damage":19,"enemies":"3 Darklings","floor":36,"turns":4},{"damage":14,"enemies":"downfall:FleeingMerchant","floor":37,"turns":4},{"damage":44,"enemies":"Nemesis","floor":40,"turns":5},{"damage":11,"enemies":"Reptomancer","floor":44,"turns":5},{"damage":17,"enemies":"3 Shapes","floor":46,"turns":6},{"damage":14,"enemies":"Sphere and 2 Shapes","floor":47,"turns":3},{"damage":13,"enemies":"Writhing Mass","floor":48,"turns":6},{"damage":20,"enemies":"Transient","floor":49,"turns":5},{"damage":59,"enemies":"downfall:Silent","floor":50,"turns":12}],"seed_played":"4778043334657486288","potions_obtained":[{"floor":11,"key":"Energy Potion"},{"floor":12,"key":"DistilledChaos"},{"floor":13,"key":"DuplicationPotion"}],"is_trial":false,"path_per_floor":["R","?","?","E","R","$","T","R","E","R","M","M","M","M","M","B",null,"R","?","R","E","?","$","T","R","M","E","T","?","M","M","M","B",null,"R","M","$","?","?","E","T","T","R","E","?","M","M","M","M","B",null],"character_chosen":"THE_CHAMP","items_purchased":["champ:GladiatorStyle","champ:FightingForDummies"],"campfire_rested":1,"item_purchase_floors":[6,23],"current_hp_per_floor":[90,90,90,30,30,30,30,57,52,52,52,41,41,35,35,29,90,90,84,84,81,81,81,81,81,81,81,81,81,81,81,81,81,90,100,100,100,90,90,66,66,66,66,68,94,89,89,85,85,34],"gold":359,"neow_bonus":"HUNDRED_GOLD","is_daily":false,"chose_seed":false,"campfire_upgraded":7,"win_rate":0.0,"timestamp":1608083269,"path_taken":["R","?","?","E","R","$","T","R","E","R","M","M","M","M","M","BOSS","R","?","R","E","?","$","T","R","?","E","?","?","M","M","M","BOSS","R","M","$","?","?","E","T","?","R","E","?","M","?","M","M","BOSS"],"items_purchased_type":["Card","Relic"],"build_version":"2020-12-13","purchased_purges":1,"victory":true,"max_hp_per_floor":[90,90,90,90,90,90,90,90,90,90,90,90,90,90,90,90,90,90,90,90,90,90,90,90,90,90,90,90,90,90,90,90,90,90,100,100,100,100,100,100,100,100,100,107,94,94,94,94,94,94],"relic_stats":{"Sozu":7,"Lizard Tail":0,"Regal Pillow":0,"Gremlin Horn":[7,7],"counters":[26,148],"Ornamental Fan":[40],"Blue Candle":[0],"CeramicFish":27,"Tiny Chest":2,"Letter Opener":[179],"War Paint":["champ:Defend","champ:Defend"],"obtain_stats":[{"Regal Pillow":27,"downfall:HeartBlessingRed":5,"Gremlin Horn":42,"Blue Candle":40,"CeramicFish":41,"champ:ChampionCrown":0,"downfall:HeartBlessingGreen":10,"champ:ChampionCrownUpgraded":34,"Letter Opener":24,"War Paint":7,"Sozu":17,"Lizard Tail":9,"Ornamental Fan":21,"downfall:HeartBlessingBlue":35,"Strawberry":44,"Tiny Chest":4,"champ:FightingForDummies":23},{"Regal Pillow":13,"downfall:HeartBlessingRed":1,"Gremlin Horn":20,"Blue Candle":20,"CeramicFish":20,"champ:ChampionCrown":0,"downfall:HeartBlessingGreen":3,"champ:ChampionCrownUpgraded":17,"Letter Opener":11,"War Paint":2,"Sozu":9,"Lizard Tail":3,"Ornamental Fan":10,"downfall:HeartBlessingBlue":17,"Strawberry":21,"Tiny Chest":1,"champ:FightingForDummies":11},{"Regal Pillow":71,"downfall:HeartBlessingRed":10,"Gremlin Horn":111,"Blue Candle":111,"CeramicFish":111,"champ:ChampionCrown":0,"downfall:HeartBlessingGreen":18,"champ:ChampionCrownUpgraded":98,"Letter Opener":59,"War Paint":14,"Sozu":48,"Lizard Tail":18,"Ornamental Fan":55,"downfall:HeartBlessingBlue":98,"Strawberry":116,"Tiny Chest":10,"champ:FightingForDummies":59}]},"card_choices":[{"not_picked":["champ:Circumvent","champ:FalseCounter"],"picked":"champ:ViciousMockery","floor":4.0},{"not_picked":["champ:DefensiveShout","champ:CrookedStrike"],"picked":"champ:BringItOn","floor":6.0},{"not_picked":["champ:EnragedBash","champ:Backstep"],"picked":"champ:FlashCut","floor":9},{"not_picked":["champ:BringItOn","champ:EndlessRage","champ:TornadoPunch"],"picked":"SKIP","floor":11},{"not_picked":["champ:FaceSlap","champ:RapidStrikes","champ:BringItOn"],"picked":"SKIP","floor":12},{"not_picked":["champ:Backstep","champ:BringItOn","champ:EnGarde"],"picked":"SKIP","floor":13},{"not_picked":["champ:Encircle","champ:DancingMaster","champ:ShieldSigil"],"picked":"SKIP","floor":14},{"not_picked":["champ:GutPunch","champ:StanceDance"],"picked":"champ:Circumvent","floor":15},{"not_picked":["champ:DancingMaster","champ:CheapShot"],"picked":"champ:MurderStrike","floor":16},{"not_picked":["champ:TornadoPunch","champ:AdrenalArmor","champ:CrookedStrike"],"picked":"SKIP","floor":21},{"not_picked":["champ:FightOn","champ:RisingSlash"],"picked":"champ:DefensiveShout+1","floor":23},{"not_picked":["champ:ShieldSigil","champ:TornadoPunch","champ:HeartStrike+1"],"picked":"SKIP","floor":26},{"not_picked":["champ:FlashCut+1","champ:FocusedDefense"],"picked":"champ:Lariat+1","floor":27},{"not_picked":["champ:Backstep+1","champ:Riposte","champ:RageSigil"],"picked":"SKIP","floor":30},{"not_picked":["champ:Aggression","champ:BringItOn+1","champ:FaceSlap"],"picked":"SKIP","floor":31},{"not_picked":["champ:AdrenalArmor+1","champ:RageSigil","champ:Riposte"],"picked":"SKIP","floor":32},{"not_picked":["champ:Balance","champ:AdrenalArmor"],"picked":"champ:Haymaker+1","floor":36},{"not_picked":["champ:PerfectedStrike+1","champ:Circumvent+1","champ:FaceSlap+1"],"picked":"SKIP","floor":37},{"not_picked":["expansioncontent:Flail","expansioncontent:PrepareCrush"],"picked":"expansioncontent:FaceSlap","floor":38},{"not_picked":["champ:Haymaker+1","champ:SwordSigil"],"picked":"champ:FalseCounter+1","floor":40},{"not_picked":["champ:BringItOn+1","champ:FlashCut"],"picked":"champ:EnGarde","floor":44},{"not_picked":["champ:FlashCut","champ:FalseCounter","champ:Backstep+1"],"picked":"SKIP","floor":46},{"not_picked":["champ:PerfectForm","champ:RageSigil+1"],"picked":"champ:StanceDance+1","floor":47},{"not_picked":["champ:BerserkersShout+1","champ:Backstep+1"],"picked":"champ:CalledShot","floor":48},{"not_picked":["champ:Backstep+1","champ:ShieldSigil","champ:RapidStrikes+1"],"picked":"SKIP","floor":49}],"player_experience":435969,"relics_obtained":[{"floor":4.0,"key":"Tiny Chest"},{"floor":7.0,"key":"War Paint"},{"floor":9,"key":"Lizard Tail"},{"floor":21,"key":"Ornamental Fan"},{"floor":24,"key":"Letter Opener"},{"floor":27,"key":"Regal Pillow"},{"floor":40,"key":"Blue Candle"},{"floor":41,"key":"CeramicFish"},{"floor":42,"key":"Gremlin Horn"},{"floor":44,"key":"Strawberry"}],"event_choices":[{"cards_removed":["champ:Strike"],"damage_healed":0.0,"max_hp_gain":0.0,"max_hp_loss":0.0,"gold_gain":0.0,"event_name":"The Cleric","player_choice":"Card Removal","floor":2.0,"gold_loss":0.0,"damage_taken":0.0},{"damage_healed":0,"gold_gain":0,"player_choice":"Got Potions","damage_taken":0,"max_hp_gain":0,"max_hp_loss":0,"event_name":"Lab","floor":22,"gold_loss":0},{"damage_healed":0,"gold_gain":0,"player_choice":"Ignored","damage_taken":0,"max_hp_gain":0,"max_hp_loss":0,"event_name":"Ghosts","floor":29,"gold_loss":0},{"damage_healed":0,"gold_gain":0,"player_choice":"Upgraded","damage_taken":0,"max_hp_gain":0,"max_hp_loss":0,"event_name":"Upgrade Shrine","floor":39,"gold_loss":0,"cards_upgraded":["expansioncontent:FaceSlap"]}],"is_beta":false,"boss_relics":[{"not_picked":["Calling Bell","Velvet Choker"],"picked":"Sozu"},{"not_picked":["Runic Dome","Black Star"],"picked":"champ:ChampionCrownUpgraded"}],"items_purged_floors":[37],"is_endless":false,"potions_floor_spawned":[11,12,13,14,15,27,30,32,36,46,47,48],"ascension_level":1}}