{"host":"a5y02gvi04tqovpl","time":1608103487,"event":{"mods":["Act Like it!","BaseMod","Better Third Choice","Colored Map","Downfall","Minty Spire (QoL Compilation)","StSLib"],"gold_per_floor":[99,99,99,99,132,142,190,203,203,230,230,246,346,371,387,484,484,484,484,502,427,461,461,461,479,479,504,517,126,126,126,138,240,240,240,240,270,270,270,270,318,332,332,367,367,378,397,422,434,434],"floor_reached":51,"playtime":3678,"items_purged":["Guardian:Strike_Guardian"],"score":865,"play_id":"27ef49b5-db2d-43e6-a837-3a92444e2d9d","local_time":"20201216175447","is_ascension_mode":true,"campfire_choices":[{"data":"Guardian:CurlUp","floor":1,"key":"SMITH"},{"data":"Guardian:ChargeUp","floor":3,"key":"SMITH"},{"data":"Guardian:Suspension","floor":9,"key":"SMITH"},{"floor":18,"key":"RECALL"},{"data":"Guardian:AncientConstruct","floor":21,"key":"SMITH"},{"data":"Guardian:PiercingHide","floor":26,"key":"SMITH"},{"data":"Guardian:GatlingBeam","floor":35,"key":"SMITH"},{"floor":38,"key":"REST"},{"floor":40,"key":"REST"},{"data":"Guardian:TwinSlam","floor":43,"key":"SMITH"}],"circlet_count":0,"master_deck":["Guardian:Strike_Guardian","Guardian:Strike_Guardian","Guardian:Defend_Guardian+1","Guardian:Defend_Guardian","Guardian:Defend_Guardian","Guardian:Defend_Guardian+1","Guardian:CurlUp+1","Guardian:TwinSlam+1","Guardian:ChargeUp+1","Guardian:ChargeCore","Guardian:PiercingHide+1","Guardian:Suspension+1","Guardian:AncientConstruct+1","Guardian:TemporalStrike","Guardian:GatlingBeam+1","Guardian:PiercingHide","Guardian:StasisStrike","Guardian:BronzeArmor+1"],"relics":["Guardian:ModeShifterPlus","downfall:HeartsMalice","Ancient Tea Set","War Paint","Bag of Preparation","Odd Mushroom","Philosopher\u0027s Stone","downfall:HeartBlessingRed","Orichalcum","Ornamental Fan","Happy Flower","Guardian:BottledStasis","Centennial Puzzle","InkBottle","Anchor","Potion Belt","Vajra"],"acts_visited":["Exordium","TheCity","TheBeyond"],"potions_floor_usage":[28,37,44],"damage_taken":[{"damage":0,"enemies":"Small Slimes","floor":2,"turns":1},{"damage":0,"enemies":"2 Louse","floor":4,"turns":1},{"damage":0,"enemies":"3 Sentries","floor":5,"turns":1},{"damage":1,"enemies":"Jaw Worm","floor":6,"turns":4},{"damage":15,"enemies":"Exordium Thugs","floor":8,"turns":4},{"damage":26,"enemies":"Gremlin Nob","floor":10,"turns":5},{"damage":0,"enemies":"2 Fungi Beasts","floor":12,"turns":3},{"damage":13,"enemies":"The Mushroom Lair","floor":14,"turns":4},{"damage":1,"enemies":"3 Louse","floor":15,"turns":4},{"damage":7,"enemies":"downfall:Silent","floor":16,"turns":13},{"damage":0,"enemies":"Spheric Guardian","floor":20,"turns":3},{"damage":0,"enemies":"Book of Stabbing","floor":22,"turns":5},{"damage":2,"enemies":"Chosen","floor":25,"turns":4},{"damage":2,"enemies":"Gremlin Leader","floor":27,"turns":5},{"damage":0,"enemies":"Centurion and Healer","floor":28,"turns":5},{"damage":0,"enemies":"downfall:FleeingMerchant","floor":29,"turns":4},{"damage":1,"enemies":"Snecko","floor":32,"turns":4},{"damage":3,"enemies":"downfall:Defect","floor":33,"turns":8},{"damage":58,"enemies":"Nemesis","floor":37,"turns":9},{"damage":0,"enemies":"Orb Walker","floor":42,"turns":3},{"damage":0,"enemies":"Giant Head","floor":44,"turns":6},{"damage":7,"enemies":"3 Shapes","floor":46,"turns":4},{"damage":0,"enemies":"Spire Growth","floor":47,"turns":4},{"damage":0,"enemies":"Maw","floor":49,"turns":7},{"damage":0,"enemies":"downfall:Watcher","floor":50,"turns":7}],"seed_played":"-8469074792778998952","potions_obtained":[{"floor":5,"key":"SkillPotion"},{"floor":6,"key":"Swift Potion"},{"floor":10,"key":"Swift Potion"},{"floor":20,"key":"SpeedPotion"},{"floor":28,"key":"Dexterity Potion"},{"floor":37,"key":"Strength Potion"},{"floor":44,"key":"SpeedPotion"},{"floor":46,"key":"SmokeBomb"}],"is_trial":false,"path_per_floor":["R","M","R","M","E","M","T","M","R","E","?","M","?","?","M","B",null,"R","?","M","R","E","?","T","M","R","E","M","$","?","?","M","B",null,"R","?","E","R","?","R","T","M","R","E","?","M","M","?","M","B",null],"character_chosen":"GUARDIAN","items_purchased":["Guardian:BottledStasis","Centennial Puzzle"],"campfire_rested":2,"item_purchase_floors":[29,29],"current_hp_per_floor":[80,80,80,80,80,79,79,64,64,38,38,38,38,25,24,17,80,80,80,80,80,80,80,80,78,78,76,76,76,76,76,75,72,80,80,80,22,46,46,70,70,70,70,70,70,63,63,63,63,63],"gold":434,"neow_bonus":"THREE_ENEMY_KILL","is_daily":false,"chose_seed":false,"campfire_upgraded":7,"win_rate":0.0,"timestamp":1608103487,"path_taken":["R","M","R","M","E","M","T","M","R","E","?","M","?","?","M","BOSS","R","?","M","R","E","?","T","M","R","E","?","$","?","?","M","BOSS","R","?","E","R","?","R","T","M","R","E","?","M","M","?","M","BOSS"],"items_purchased_type":["Relic","Relic"],"build_version":"2020-12-13","purchased_purges":1,"victory":true,"max_hp_per_floor":[80,80,80,80,80,80,80,80,80,80,80,80,80,80,80,80,80,80,80,80,80,80,80,80,80,80,80,80,80,80,80,80,80,80,80,80,80,80,80,80,80,80,80,80,80,80,80,80,80,80],"card_choices":[{"not_picked":["Guardian:TemporalStrike","Guardian:TemporalShield"],"picked":"Guardian:ChargeUp","floor":2},{"not_picked":["Guardian:Recover","Guardian:PrismaticBeam"],"picked":"Guardian:ChargeCore","floor":4},{"not_picked":["Guardian:RollAttack","Guardian:DonusPower"],"picked":"Guardian:PiercingHide","floor":5},{"not_picked":["Guardian:RollAttack","Guardian:CrystalBeam"],"picked":"Guardian:Suspension","floor":6},{"not_picked":["Guardian:Recover","Guardian:Reroute","Guardian:CrystalBeam"],"picked":"SKIP","floor":8},{"not_picked":["Guardian:SentryBeam","Guardian:TimeCapacitor"],"picked":"Guardian:Gem_White","floor":10},{"not_picked":["Guardian:VentSteam","Guardian:PrimingBeam","Guardian:PiercingHide"],"picked":"SKIP","floor":12},{"not_picked":["Guardian:RollAttack","Guardian:ChargeCore"],"picked":"Guardian:Gem_White","floor":14},{"not_picked":["Guardian:Emergency","Guardian:TimeSifter"],"picked":"Guardian:Gem_Lightblue","floor":15},{"not_picked":["Guardian:GatlingBeam","Guardian:TimeSifter"],"picked":"Guardian:AncientConstruct","floor":16},{"not_picked":["Guardian:PiercingHide","Guardian:RefractedBeam"],"picked":"Guardian:Gem_Cyan","floor":20},{"not_picked":["Guardian:DecasProtection","Guardian:TemporalShield+1"],"picked":"Guardian:TemporalStrike","floor":22},{"not_picked":["Guardian:CrystalBeam","Guardian:ChargeCore"],"picked":"Guardian:Gem_Red","floor":25},{"not_picked":["Guardian:Gem_Crimson","Guardian:Orbwalk+1"],"picked":"Guardian:Gem_Orange","floor":27},{"not_picked":["Guardian:DonusPower","Guardian:Reroute+1","Guardian:ShieldCharger"],"picked":"SKIP","floor":28},{"not_picked":["Guardian:DonusPower+1","Guardian:AncientConstruct"],"picked":"Guardian:GatlingBeam","floor":29},{"not_picked":["Guardian:Recover","Guardian:DecasProtection"],"picked":"Guardian:Gem_Red","floor":32},{"not_picked":["Guardian:FierceBash","Guardian:StasisField"],"picked":"Guardian:Gem_Synthetic","floor":33},{"not_picked":["Guardian:ShieldCharger+1","Guardian:SentryBeam+1","Guardian:ArmoredProtocol+1"],"picked":"SKIP","floor":37},{"not_picked":["Guardian:Recover","Guardian:Gem_Cyan","Guardian:RollAttack"],"picked":"SKIP","floor":42},{"not_picked":["Guardian:BronzeOrb+1","Guardian:RollAttack"],"picked":"Guardian:StasisStrike","floor":44},{"not_picked":["Guardian:Gem_Lightblue","Guardian:Gem_Blue","Guardian:CrystalBeam+1"],"picked":"SKIP","floor":46},{"not_picked":["Guardian:Gem_Lightblue","Guardian:ArmoredProtocol+1","Guardian:ChargeCore+1"],"picked":"SKIP","floor":47},{"not_picked":["Guardian:Gem_Lightblue","Guardian:Incinerate"],"picked":"Guardian:BronzeArmor+1","floor":49}],"player_experience":9059,"relics_obtained":[{"floor":5,"key":"Ancient Tea Set"},{"floor":7,"key":"War Paint"},{"floor":10,"key":"Bag of Preparation"},{"floor":14,"key":"Odd Mushroom"},{"floor":22,"key":"Orichalcum"},{"floor":24,"key":"Ornamental Fan"},{"floor":27,"key":"Happy Flower"},{"floor":37,"key":"InkBottle"},{"floor":41,"key":"Anchor"},{"floor":44,"key":"Potion Belt"},{"floor":48,"key":"Vajra"}],"event_choices":[{"cards_removed":["Guardian:Strike_Guardian"],"damage_healed":0,"gold_gain":0,"player_choice":"Card Removal","damage_taken":0,"max_hp_gain":0,"max_hp_loss":0,"event_name":"The Cleric","floor":11,"gold_loss":0},{"damage_healed":0,"gold_gain":0,"player_choice":"Fought Mushrooms","damage_taken":0,"max_hp_gain":0,"max_hp_loss":0,"event_name":"Mushrooms","floor":14,"gold_loss":0},{"damage_healed":0,"gold_gain":0,"player_choice":"Read","damage_taken":0,"max_hp_gain":0,"max_hp_loss":0,"event_name":"The Library","floor":31,"gold_loss":0,"cards_obtained":["Guardian:PiercingHide"]},{"cards_removed":["Guardian:Gem_Red"],"damage_healed":0,"gold_gain":0,"player_choice":"Removed Skill","damage_taken":0,"max_hp_gain":0,"max_hp_loss":0,"event_name":"Falling","floor":36,"gold_loss":0},{"damage_healed":0,"gold_gain":0,"player_choice":"Ignored","damage_taken":0,"max_hp_gain":0,"max_hp_loss":0,"event_name":"Mysterious Sphere","floor":39,"gold_loss":0}],"is_beta":false,"boss_relics":[{"not_picked":["Fusion Hammer","Busted Crown"],"picked":"Philosopher\u0027s Stone"},{"not_picked":["Runic Pyramid","Astrolabe"],"picked":"Guardian:ModeShifterPlus"}],"items_purged_floors":[29],"is_endless":false,"potions_floor_spawned":[5,6,10,14,20,28,33,37,44,46],"ascension_level":1}}