{"host":"g60qzgg9idfs5btx","time":1608091595,"event":{"mods":["AchievementEnabler","BaseMod","Better Match","BetterRewards","Colored Map","Colored Powertips","DeckTracker","Hubris","Infinite Spire","Marisa????????","Minty Spire (QoL Compilation)","Quick Restart","Relic Stats","Shop Mod","StSLib","The Cursed","The Servant 0.9.4"],"gold_per_floor":[129,404,444,79,110,110,160,164,164,164,194,231,266,69,69,176,176,216,255,255,255,263,263,282,343,343,363,393,393,440,461,461,591,591,613,658,660,660,677,716,716,764,799,825,825,837,837,851,851],"floor_reached":50,"playtime":1458,"items_purged":["Regret"],"score":752,"play_id":"6d7b0d0f-f196-43ef-bdec-7559d8564923","local_time":"20201215220635","is_ascension_mode":true,"campfire_choices":[{"floor":6,"key":"REST"},{"floor":15,"key":"REST"},{"data":"HandOfGreed","floor":23,"key":"SMITH"},{"floor":32,"key":"REST"},{"floor":47,"key":"RECALL"},{"floor":49,"key":"REST"}],"circlet_count":0,"master_deck":["Strike_G","Strike_G","Strike_G","Defend_G","Defend_G","Defend_G","Defend_G","Defend_G","Survivor","Neutralize","Venomology","HandOfGreed+1","Bane","Bane","Deadly Poison","Noxious Fumes","Blade Dance","Bouncing Flask","Blade Dance","A Thousand Cuts","Blade Dance","Slice","Poisoned Stab","Burst","Terror+1","Dagger Throw","Blade Dance","Reflex","Accuracy","Dagger Spray","infinitespire:Neurotoxin","Cloak And Dagger+1","Cloak And Dagger","Storm of Steel","All Out Attack+1","All Out Attack+1","hubris:Fate","Corpse Explosion","Deadly Poison+1","CurseOfTheBell","Accuracy+1","Dagger Throw+1"],"relics":["Ring of the Snake","Membership Card","Snake Skull","TwistedFunnel","infinitespire:Midas Blood","Anchor","hubris:SlimyHat","Bag of Marbles","hubris:Towel","infinitespire:Lucky Rock","StrikeDummy","Sling","Empty Cage","MutagenicStrength","Pen Nib","TungstenRod","Blood Vial","infinitespire:Satchel","hubris:HollowSoul","StoneCalendar","MealTicket","hubris:Reverence","Calling Bell","infinitespire:PuzzleCube","Frozen Egg 2","hubris:Teleporter","Akabeko","Regal Pillow"],"acts_visited":["Exordium","TheCity","TheBeyond"],"potions_floor_usage":[3,3,7,7,7,11,11,16,16,18,24,25,27,28,28,30,31,31,33,33,39,40,40,45,45,48,50],"damage_taken":[{"damage":22,"enemies":"Jaw Worm","floor":1,"turns":7},{"damage":0,"enemies":"Cultist","floor":3,"turns":3},{"damage":0,"enemies":"2 Louse","floor":5,"turns":2},{"damage":9,"enemies":"3 Sentries","floor":7,"turns":4},{"damage":16,"enemies":"Gremlin Nob","floor":11,"turns":3},{"damage":0,"enemies":"2 Fungi Beasts","floor":12,"turns":2},{"damage":0,"enemies":"3 Louse","floor":13,"turns":2},{"damage":30,"enemies":"Slime Boss","floor":16,"turns":6},{"damage":0,"enemies":"Shell Parasite","floor":18,"turns":4},{"damage":0,"enemies":"Chosen","floor":19,"turns":2},{"damage":11,"enemies":"Snake Plant","floor":24,"turns":3},{"damage":35,"enemies":"Slavers","floor":25,"turns":4},{"damage":2,"enemies":"Snecko","floor":27,"turns":3},{"damage":0,"enemies":"Gremlin Leader","floor":28,"turns":1},{"damage":5,"enemies":"3 Cultists","floor":30,"turns":3},{"damage":27,"enemies":"Snake Plant","floor":31,"turns":3},{"damage":22,"enemies":"Champ","floor":33,"turns":6},{"damage":9,"enemies":"3 Darklings","floor":35,"turns":3},{"damage":0,"enemies":"2 Orb Walkers","floor":36,"turns":2},{"damage":0,"enemies":"Orb Walker","floor":39,"turns":1},{"damage":9,"enemies":"Nemesis","floor":40,"turns":5},{"damage":5,"enemies":"Giant Head","floor":45,"turns":5},{"damage":0,"enemies":"Sphere and 2 Shapes","floor":48,"turns":3},{"damage":0,"enemies":"Awakened One","floor":50,"turns":1}],"seed_played":"-4177955899878318261","potions_obtained":[{"floor":7,"key":"SpeedPotion"},{"floor":13,"key":"LiquidBronze"},{"floor":16,"key":"Explosive Potion"},{"floor":25,"key":"EssenceOfSteel"},{"floor":27,"key":"Poison Potion"},{"floor":28,"key":"SteroidPotion"},{"floor":30,"key":"BlessingOfTheForge"},{"floor":33,"key":"Block Potion"},{"floor":35,"key":"LiquidMemories"},{"floor":40,"key":"SpeedPotion"}],"is_trial":false,"path_per_floor":["M","?","M","$","M","R","E","?","T","?","E","M","M","$","R","B",null,"M","M","?","?","?","R","M","E","T","M","E","?","M","M","R","B",null,"M","?","?","?","M","E","AVR","T","E","T","R","M","R","B"],"character_chosen":"THE_SILENT","items_purchased":["Venomology","Membership Card","HandOfGreed","Bane","Bane","Snake Skull","Deadly Poison","Noxious Fumes","TwistedFunnel","infinitespire:Midas Blood","FairyPotion","CunningPotion","CunningPotion","StrikeDummy","Sling"],"campfire_rested":4,"item_purchase_floors":[0,0,0,0,0,0,0,0,4,4,4,4,4,14,14],"current_hp_per_floor":[16,16,16,16,16,37,28,21,21,21,14,14,14,14,35,5,70,70,70,70,70,61,61,50,15,15,13,13,13,10,26,47,27,70,61,63,47,47,49,42,42,42,35,35,35,37,70,14,14],"gold":851,"neow_bonus":"","is_daily":false,"chose_seed":false,"campfire_upgraded":1,"win_rate":0.0,"timestamp":1608091595,"path_taken":["M","?","?","$","M","R","E","?","T","?","E","M","M","$","R","BOSS","M","M","?","?","?","R","M","E","T","M","E","?","?","?","R","BOSS","M","?","?","?","?","E","AVR","T","E","?","R","?","R","BOSS"],"items_purchased_type":["Card","Relic","Card","Card","Card","Relic","Card","Card","Relic","Relic","Potion","Potion","Potion","Relic","Relic"],"build_version":"2020-12-13","purchased_purges":1,"victory":false,"max_hp_per_floor":[70,70,70,70,70,70,70,70,70,70,70,70,70,70,70,70,70,70,70,70,70,70,70,70,70,70,70,70,70,70,70,70,70,70,70,70,70,70,70,70,70,70,70,70,70,70,70,14,14],"relic_stats":{"Blood Vial":16,"Regal Pillow":12,"counters":[50,195],"StoneCalendar":[0],"MealTicket":0,"Snake Skull":[114],"Pen Nib":[14],"obtain_stats":[{"TwistedFunnel":0,"Lantern":23,"Regal Pillow":45,"Gremlin Horn":9,"StoneCalendar":36,"Snake Skull":0,"hubris:SlimyHat":8,"Boot":17,"Sling":14,"Empty Cage":17,"Blood Vial":28,"Strawberry":6,"MealTicket":40,"Ring of the Snake":0,"Potion Belt":27,"hubris:Teleporter":41,"Oddly Smooth Stone":12,"Pen Nib":25,"hubris:HollowSoul":34,"infinitespire:Lucky Rock":10,"infinitespire:CheckeredPen":20,"Letter Opener":6,"hubris:Towel":10,"Frozen Egg 2":41,"Akabeko":43,"Mercury Hourglass":17,"Calling Bell":17,"Strange Spoon":11,"CaptainsWheel":17,"Anchor":7,"infinitespire:WardingShard":6,"Ornamental Fan":8,"MutagenicStrength":20,"Orrery":0,"infinitespire:Satchel":29,"Bag of Marbles":9,"Membership Card":0,"StrikeDummy":14,"hubris:Potato":0,"hubris:OldNail":9,"TungstenRod":26,"infinitespire:PuzzleCube":41,"infinitespire:Midas Blood":4,"hubris:Reverence":41},{"TwistedFunnel":26,"Lantern":10,"Regal Pillow":48,"Gremlin Horn":5,"StoneCalendar":45,"Snake Skull":13,"hubris:SlimyHat":30,"Boot":7,"Sling":33,"Empty Cage":34,"Blood Vial":40,"Strawberry":23,"MealTicket":47,"Ring of the Snake":0,"Potion Belt":12,"hubris:Teleporter":47,"Oddly Smooth Stone":6,"Pen Nib":38,"hubris:HollowSoul":43,"infinitespire:Lucky Rock":5,"infinitespire:CheckeredPen":9,"Letter Opener":18,"hubris:Towel":30,"Frozen Egg 2":47,"Akabeko":47,"Mercury Hourglass":7,"Calling Bell":7,"Strange Spoon":25,"CaptainsWheel":7,"Anchor":30,"infinitespire:WardingShard":5,"Ornamental Fan":24,"MutagenicStrength":36,"Orrery":13,"infinitespire:Satchel":40,"Bag of Marbles":30,"Membership Card":13,"StrikeDummy":33,"hubris:Potato":13,"hubris:OldNail":24,"TungstenRod":38,"infinitespire:PuzzleCube":47,"infinitespire:Midas Blood":28,"hubris:Reverence":47},{"TwistedFunnel":109,"Lantern":45,"Regal Pillow":188,"Gremlin Horn":18,"StoneCalendar":172,"Snake Skull":59,"hubris:SlimyHat":125,"Boot":32,"Sling":132,"Empty Cage":138,"Blood Vial":155,"Strawberry":99,"MealTicket":178,"Ring of the Snake":0,"Potion Belt":54,"hubris:Teleporter":178,"Oddly Smooth Stone":22,"Pen Nib":151,"hubris:HollowSoul":167,"infinitespire:Lucky Rock":18,"infinitespire:CheckeredPen":40,"Letter Opener":81,"hubris:Towel":125,"Frozen Egg 2":178,"Akabeko":178,"Mercury Hourglass":32,"Calling Bell":32,"Strange Spoon":105,"CaptainsWheel":32,"Anchor":125,"infinitespire:WardingShard":18,"Ornamental Fan":103,"MutagenicStrength":144,"Orrery":59,"infinitespire:Satchel":155,"Bag of Marbles":125,"Membership Card":59,"StrikeDummy":132,"hubris:Potato":59,"hubris:OldNail":103,"TungstenRod":151,"infinitespire:PuzzleCube":178,"infinitespire:Midas Blood":119,"hubris:Reverence":178}],"TungstenRod":26,"Ring of the Snake":[102]},"card_choices":[{"not_picked":["Finisher","Deflect"],"picked":"Blade Dance","floor":1},{"not_picked":["Dagger Throw","Dagger Spray"],"picked":"Bouncing Flask","floor":3},{"not_picked":["hubris:SlightOfHand","Escape Plan"],"picked":"Blade Dance","floor":5},{"not_picked":["Sucker Punch","Distraction"],"picked":"A Thousand Cuts","floor":7},{"not_picked":["Outmaneuver","Dodge and Roll"],"picked":"Blade Dance","floor":11},{"not_picked":["Underhanded Strike","PiercingWail"],"picked":"Slice","floor":12},{"not_picked":["Bullet Time","PiercingWail"],"picked":"Poisoned Stab","floor":13},{"not_picked":["Night Terror","After Image"],"picked":"Burst","floor":16},{"not_picked":["Deadly Poison","Poisoned Stab"],"picked":"Terror+1","floor":18},{"not_picked":["Backflip","Prepared+1"],"picked":"Dagger Throw","floor":19},{"not_picked":["Backflip","Dodge and Roll"],"picked":"Reflex","floor":24},{"not_picked":["Blade Dance+1","hubris:TrickCloak"],"picked":"Accuracy","floor":25},{"not_picked":["Backflip","Prepared"],"picked":"Dagger Spray","floor":27},{"not_picked":["Masterful Stab","Dagger Throw"],"picked":"infinitespire:Neurotoxin","floor":28},{"not_picked":["hubris:TrickCloak","Leg Sweep"],"picked":"Cloak And Dagger+1","floor":30},{"not_picked":["Backflip","Dodge and Roll"],"picked":"Cloak And Dagger","floor":31},{"not_picked":["Bullet Time","Tools of the Trade"],"picked":"Storm of Steel","floor":33},{"not_picked":["Calculated Gamble","Flying Knee"],"picked":"All Out Attack+1","floor":35},{"not_picked":["Leg Sweep","Sucker Punch+1"],"picked":"All Out Attack+1","floor":36},{"not_picked":["infinitespire:FutureSight","infinitespire:Gouge"],"picked":"hubris:Fate","floor":37},{"not_picked":["Deadly Poison+1","Poisoned Stab"],"picked":"Corpse Explosion","floor":39},{"not_picked":["Cloak And Dagger+1","Well Laid Plans+1"],"picked":"Deadly Poison+1","floor":40},{"not_picked":["Dash","Expertise+1"],"picked":"Accuracy+1","floor":45},{"not_picked":["Acrobatics","Predator"],"picked":"Dagger Throw+1","floor":48}],"player_experience":245706,"relics_obtained":[{"floor":7,"key":"Anchor"},{"floor":9,"key":"Bag of Marbles"},{"floor":11,"key":"infinitespire:Lucky Rock"},{"floor":25,"key":"Pen Nib"},{"floor":26,"key":"TungstenRod"},{"floor":28,"key":"Blood Vial"},{"floor":36,"key":"StoneCalendar"},{"floor":40,"key":"MealTicket"},{"floor":41,"key":"infinitespire:PuzzleCube"},{"floor":41,"key":"Frozen Egg 2"},{"floor":41,"key":"hubris:Teleporter"},{"floor":43,"key":"Akabeko"},{"floor":45,"key":"Regal Pillow"}],"event_choices":[{"damage_healed":0,"gold_gain":275,"player_choice":"Desecrate","damage_taken":0,"max_hp_gain":0,"max_hp_loss":0,"event_name":"Golden Shrine","floor":2,"gold_loss":0,"cards_obtained":["Regret"]},{"damage_healed":0,"gold_gain":0,"player_choice":"Success","damage_taken":7,"relics_obtained":["hubris:SlimyHat"],"max_hp_gain":0,"max_hp_loss":0,"event_name":"Scrap Ooze","floor":8,"gold_loss":0},{"damage_healed":0,"gold_gain":0,"player_choice":"Inject Mutagens","damage_taken":0,"relics_obtained":["MutagenicStrength"],"max_hp_gain":0,"max_hp_loss":0,"event_name":"Drug Dealer","floor":20,"gold_loss":0},{"damage_healed":0,"gold_gain":0,"player_choice":"Stopped","damage_taken":9,"max_hp_gain":0,"max_hp_loss":0,"event_name":"Cursed Tome","floor":22,"gold_loss":0},{"damage_healed":0,"gold_gain":0,"player_choice":"Opened","damage_taken":0,"relics_obtained":["infinitespire:Satchel"],"max_hp_gain":0,"max_hp_loss":0,"event_name":"The Mausoleum","floor":29,"gold_loss":0},{"damage_healed":0,"gold_gain":0,"player_choice":"Fight","damage_taken":0,"max_hp_gain":0,"max_hp_loss":0,"event_name":"Mysterious Sphere","floor":36,"gold_loss":0},{"damage_healed":0,"gold_gain":0,"player_choice":"Ignored","damage_taken":0,"max_hp_gain":0,"max_hp_loss":0,"event_name":"SecretPortal","floor":38,"gold_loss":0}],"is_beta":false,"boss_relics":[{"not_picked":["Velvet Choker","Philosopher\u0027s Stone"],"picked":"Empty Cage"},{"not_picked":["HoveringKite","hubris:Stopwatch"],"picked":"hubris:HollowSoul"}],"items_purged_floors":[4],"is_endless":false,"potions_floor_spawned":[7,13,16,25,27,28,30,33,35,40],"killed_by":"Awakened One","ascension_level":1}}