{"host":"3rixevx6n8b56xaj","time":1608134987,"event":{"mods":["2.2 Compatiblity","AchievementEnabler","BaseMod","Better Third Choice","Colored Map","DeckTracker","Friendly Minions","Minty Spire (QoL Compilation)","StSLib","SuperFastMode"],"gold_per_floor":[117,42,42,60,78,78,105,120,195,205,215,185,31,42,42,144,194,205,205,220,236,254,254,269,287,287,304,304,60,92,105,105,203,203,223,234,38,88,140,168,187,198,198,47,60,60,92,109,109,109,109,109,12,46,46],"floor_reached":56,"playtime":2901,"items_purged":["Strike_R","Strike_R","Blood for Blood"],"score":1262,"play_id":"420a0b1b-5a59-4862-8f27-2e4825ee3466","local_time":"20201217010947","is_ascension_mode":false,"campfire_choices":[{"data":"Uppercut","floor":6.0,"key":"SMITH"},{"data":"Pommel Strike","floor":15.0,"key":"SMITH"},{"data":"Armaments","floor":23.0,"key":"SMITH"},{"data":"True Grit","floor":28.0,"key":"SMITH"},{"data":"Double Tap","floor":32.0,"key":"SMITH"},{"floor":49,"key":"RECALL"},{"data":"Impervious","floor":52,"key":"SMITH"}],"circlet_count":0,"master_deck":["Strike_R+1","Strike_R","Strike_R","Defend_R","Defend_R","Defend_R","Bash","Perfected Strike","Uppercut+1","Twin Strike","Thunderclap","Wild Strike","Shrug It Off","Pommel Strike+1","Immolate","Wild Strike+1","Feel No Pain+1","Armaments+1","Wild Strike","True Grit+1","Double Tap+1","Fire Breathing","Perfected Strike","Battle Trance+1","Impervious+1","Warcry","Offering","True Grit+1","Feel No Pain+1","Perfected Strike+1"],"relics":["Burning Blood","NeowsBlessing","Torii","HornCleat","betterThird:SlimedRelic","Medical Kit","Tiny House","Dead Branch","Regal Pillow","Snecko Eye","Du-Vu Doll","Pocketwatch","Bottled Flame","Membership Card","Magic Flower","ClockworkSouvenir","FossilizedHelix"],"acts_visited":["Exordium","TheCity","TheBeyond","TheEnding"],"potions_floor_usage":[39,50,55,55],"damage_taken":[{"damage":0.0,"enemies":"Small Slimes","floor":1.0,"turns":1.0},{"damage":0.0,"enemies":"Cultist","floor":4.0,"turns":1.0},{"damage":0.0,"enemies":"Jaw Worm","floor":5.0,"turns":1.0},{"damage":25.0,"enemies":"3 Sentries","floor":7.0,"turns":7.0},{"damage":12.0,"enemies":"Blue Slaver","floor":8.0,"turns":2.0},{"damage":8.0,"enemies":"Exordium Wildlife","floor":10.0,"turns":3.0},{"damage":1.0,"enemies":"2 Fungi Beasts","floor":11.0,"turns":3.0},{"damage":0.0,"enemies":"Looter","floor":14.0,"turns":2.0},{"damage":7.0,"enemies":"Hexaghost","floor":16.0,"turns":10.0},{"damage":5.0,"enemies":"3 Byrds","floor":18.0,"turns":3.0},{"damage":2.0,"enemies":"Chosen","floor":20.0,"turns":4.0},{"damage":0.0,"enemies":"Snake Plant","floor":21.0,"turns":3.0},{"damage":1.0,"enemies":"Centurion and Healer","floor":22.0,"turns":7.0},{"damage":9.0,"enemies":"Chosen and Byrds","floor":24.0,"turns":7.0},{"damage":3.0,"enemies":"Cultist and Chosen","floor":25.0,"turns":8.0},{"damage":24.0,"enemies":"Shelled Parasite and Fungi","floor":27.0,"turns":5.0},{"damage":18.0,"enemies":"Slavers","floor":30.0,"turns":5.0},{"damage":19.0,"enemies":"Sentry and Sphere","floor":31.0,"turns":6.0},{"damage":89.0,"enemies":"Automaton","floor":33.0,"turns":10.0},{"damage":3.0,"enemies":"3 Shapes","floor":35.0,"turns":4.0},{"damage":7,"enemies":"3 Darklings","floor":36,"turns":5},{"damage":1,"enemies":"Mind Bloom Boss Battle","floor":38,"turns":9},{"damage":25,"enemies":"2 Orb Walkers","floor":39,"turns":5},{"damage":0,"enemies":"Giant Head","floor":40,"turns":7},{"damage":6,"enemies":"4 Shapes","floor":41,"turns":1},{"damage":1,"enemies":"Sphere and 2 Shapes","floor":42,"turns":3},{"damage":35,"enemies":"Writhing Mass","floor":45,"turns":8},{"damage":13,"enemies":"Reptomancer","floor":47,"turns":5},{"damage":0,"enemies":"4 Shapes","floor":48,"turns":4},{"damage":51,"enemies":"Awakened One","floor":50,"turns":14},{"damage":33,"enemies":"Shield and Spear","floor":54,"turns":5},{"damage":44,"enemies":"The Heart","floor":55,"turns":10}],"seed_played":"1167259414584394478","potions_obtained":[{"floor":5.0,"key":"Energy Potion"},{"floor":8.0,"key":"Dexterity Potion"},{"floor":10.0,"key":"Block Potion"},{"floor":25.0,"key":"Weak Potion"},{"floor":27.0,"key":"FairyPotion"},{"floor":31.0,"key":"Regen Potion"},{"floor":36,"key":"SteroidPotion"},{"floor":39,"key":"SpeedPotion"},{"floor":47,"key":"Regen Potion"}],"is_trial":false,"path_per_floor":["M","$","?","M","M","R","E","M","T","M","M","?","$","M","R","B",null,"M","?","M","M","M","R","M","M","T","M","R","$","E","M","R","B",null,"M","M","$","?","?","E","M","M","T","$","M","?","E","M","R","B",null,"R","$","E","B",null],"character_chosen":"IRONCLAD","items_purchased":["Medical Kit","Double Tap","Fire Breathing","Offering","Membership Card","ClockworkSouvenir","BloodPotion"],"campfire_rested":0,"item_purchase_floors":[13,29,29,37,44,53,53],"current_hp_per_floor":[80,80,80,80,80,80,61,55,55,53,58,47,47,53,53,52,85,85,85,85,85,85,85,82,85,85,67,67,67,55,42,42,16,85,85,84,84,85,66,72,72,77,77,77,48,48,41,50,50,32,85,85,85,61,52],"gold":46,"neow_bonus":"THREE_ENEMY_KILL","is_daily":false,"chose_seed":false,"campfire_upgraded":6,"win_rate":0.0,"timestamp":1608134987,"path_taken":["M","$","?","?","M","R","E","M","T","M","M","?","$","M","R","BOSS","M","?","M","M","M","R","M","M","T","M","R","$","E","M","R","BOSS","M","M","$","?","?","E","M","M","T","$","?","?","E","M","R","BOSS","R","$","E","BOSS"],"items_purchased_type":["Relic","Card","Card","Card","Relic","Relic","Potion"],"build_version":"2020-12-13","purchased_purges":3,"victory":true,"max_hp_per_floor":[80,80,80,80,80,80,80,80,80,80,80,80,80,80,80,80,85,85,85,85,85,85,85,85,85,85,85,85,85,85,85,85,85,85,85,85,85,85,85,85,85,85,85,85,85,85,85,85,85,85,85,85,85,85,85],"card_choices":[{"not_picked":["Sentinel","Burning Pact"],"picked":"Perfected Strike","floor":1.0},{"not_picked":["Iron Wave","Rupture"],"picked":"Uppercut","floor":4.0},{"not_picked":["True Grit","Battle Trance"],"picked":"Twin Strike","floor":5.0},{"not_picked":["Rampage","Headbutt"],"picked":"Thunderclap","floor":7.0},{"not_picked":["Second Wind","Evolve"],"picked":"Wild Strike","floor":8.0},{"not_picked":["Searing Blow","Cleave"],"picked":"Shrug It Off","floor":10.0},{"not_picked":["Power Through","Headbutt","Sentinel"],"picked":"SKIP","floor":11.0},{"not_picked":["Sentinel","Infernal Blade"],"picked":"Pommel Strike","floor":14.0},{"not_picked":["Fiend Fire","Exhume"],"picked":"Immolate","floor":16.0},{"not_picked":["Clothesline","Clash"],"picked":"Blood for Blood","floor":17.0},{"not_picked":["Body Slam+1","Pommel Strike"],"picked":"Wild Strike+1","floor":18.0},{"not_picked":["Iron Wave","Havoc+1"],"picked":"Feel No Pain+1","floor":20.0},{"not_picked":["Second Wind","Flame Barrier"],"picked":"Armaments","floor":21.0},{"not_picked":["Carnage","Havoc+1"],"picked":"Wild Strike","floor":22.0},{"not_picked":["Limit Break","Carnage","Spot Weakness+1"],"picked":"SKIP","floor":24.0},{"not_picked":["Limit Break","Carnage","Spot Weakness+1"],"picked":"SKIP","floor":24.0},{"not_picked":["Limit Break","Carnage","Spot Weakness+1"],"picked":"SKIP","floor":24.0},{"not_picked":["Metallicize+1","Inflame","Havoc"],"picked":"SKIP","floor":25.0},{"not_picked":["Cleave","Anger"],"picked":"True Grit","floor":27.0},{"not_picked":["Sword Boomerang","Ghostly Armor"],"picked":"Perfected Strike","floor":30.0},{"not_picked":["True Grit","Wild Strike+1"],"picked":"Battle Trance+1","floor":31.0},{"not_picked":["Brutality","Reaper"],"picked":"Impervious","floor":33.0},{"not_picked":["Sword Boomerang+1","Reckless Charge","Clothesline"],"picked":"SKIP","floor":35.0},{"not_picked":["Battle Trance","Pummel+1"],"picked":"Warcry","floor":36},{"not_picked":["Body Slam+1","Iron Wave"],"picked":"True Grit+1","floor":39},{"not_picked":["Twin Strike","Combust","Anger+1"],"picked":"SKIP","floor":40},{"not_picked":["Rampage+1","Iron Wave","Thunderclap+1"],"picked":"SKIP","floor":41},{"not_picked":["Cleave","Iron Wave+1","Heavy Blade"],"picked":"SKIP","floor":42},{"not_picked":["Thunderclap","Shrug It Off+1","Iron Wave"],"picked":"SKIP","floor":45},{"not_picked":["Shrug It Off","Reckless Charge","Pommel Strike"],"picked":"SKIP","floor":47},{"not_picked":["Body Slam","Brutality"],"picked":"Perfected Strike+1","floor":48},{"not_picked":["Carnage+1","Hemokinesis+1","Twin Strike+1"],"picked":"SKIP","floor":54}],"player_experience":529001,"relics_obtained":[{"floor":7.0,"key":"Torii"},{"floor":9.0,"key":"HornCleat"},{"floor":26.0,"key":"Dead Branch"},{"floor":30.0,"key":"Regal Pillow"},{"floor":38,"key":"Du-Vu Doll"},{"floor":39,"key":"Pocketwatch"},{"floor":40,"key":"Bottled Flame"},{"floor":47,"key":"Magic Flower"},{"floor":54,"key":"FossilizedHelix"}],"event_choices":[{"cards_removed":["Defend_R"],"damage_healed":0.0,"max_hp_gain":0.0,"max_hp_loss":0.0,"gold_gain":0.0,"event_name":"Purifier","player_choice":"Purged","floor":3.0,"gold_loss":0.0,"damage_taken":0.0},{"damage_healed":0.0,"max_hp_gain":0.0,"max_hp_loss":0.0,"gold_gain":0.0,"event_name":"betterThird:BetterGoop","player_choice":"Slimed","floor":12.0,"gold_loss":30.0,"damage_taken":11.0},{"damage_healed":0.0,"max_hp_gain":0.0,"max_hp_loss":0.0,"gold_gain":0.0,"event_name":"Vampires","player_choice":"Ignored","floor":19.0,"gold_loss":0.0,"damage_taken":0.0},{"damage_healed":0,"gold_gain":0,"player_choice":"Fight","damage_taken":0,"max_hp_gain":0,"max_hp_loss":0,"event_name":"MindBloom","floor":38,"gold_loss":0},{"damage_healed":0,"gold_gain":0,"player_choice":"Fight","damage_taken":0,"max_hp_gain":0,"max_hp_loss":0,"event_name":"Mysterious Sphere","floor":39,"gold_loss":0},{"damage_healed":0,"gold_gain":0,"player_choice":"Copied","damage_taken":0,"max_hp_gain":0,"max_hp_loss":0,"event_name":"Duplicator","floor":46,"gold_loss":0,"cards_obtained":["Feel No Pain"]}],"is_beta":false,"boss_relics":[{"not_picked":["Pandora\u0027s Box","Fusion Hammer"],"picked":"Tiny House"},{"not_picked":["Empty Cage","SacredBark"],"picked":"Snecko Eye"}],"items_purged_floors":[2,29,37],"is_endless":false,"potions_floor_spawned":[5,8,10,25,27,31,36,39,47,54],"ascension_level":0}}