{"host":"aovv4e73998kgan0","time":1608157505,"event":{"mods":["BaseMod","Minty Spire (QoL Compilation)","StSLib"],"gold_per_floor":[117,10,10,10,20,20,50,64,113,113,142,154,154,172,172,269,269,285,296,150,150,166,194,194,226,226,226,226],"floor_reached":27,"playtime":1409,"items_purged":["Strike_P"],"score":353,"play_id":"c8b797f5-a4e1-4916-aef1-d7657489af0d","local_time":"20201216172505","is_ascension_mode":true,"campfire_choices":[{"data":"Eruption","floor":6,"key":"SMITH"},{"data":"WindmillStrike","floor":10,"key":"SMITH"},{"data":"Consecrate","floor":13,"key":"SMITH"},{"data":"Vigilance","floor":15,"key":"SMITH"},{"data":"Sanctity","floor":24,"key":"SMITH"}],"circlet_count":0,"master_deck":["Strike_P","Strike_P","Defend_P","Defend_P","Defend_P","Defend_P","Eruption+1","Vigilance+1","Indignation","FlurryOfBlows","WindmillStrike+1","CutThroughFate","Consecrate+1","BattleHymn+1","DeusExMachina","Sanctity+1","DevaForm+1","EmptyBody","MentalFortress+1","ReachHeaven","ThirdEye","Crescendo+1","Shame"],"relics":["PureWater","NeowsBlessing","Strawberry","Frozen Egg 2","Ancient Tea Set","MealTicket","Cursed Key","Regal Pillow","Juzu Bracelet","Tiny Chest"],"acts_visited":["Exordium","TheCity"],"potions_floor_usage":[23,25],"damage_taken":[{"damage":0,"enemies":"2 Louse","floor":1,"turns":1},{"damage":0,"enemies":"Cultist","floor":5,"turns":1},{"damage":0,"enemies":"3 Sentries","floor":7,"turns":1},{"damage":0,"enemies":"Small Slimes","floor":8,"turns":1},{"damage":14,"enemies":"Gremlin Nob","floor":11,"turns":3},{"damage":1,"enemies":"Exordium Thugs","floor":12,"turns":4},{"damage":6,"enemies":"Exordium Wildlife","floor":14,"turns":2},{"damage":0,"enemies":"Slime Boss","floor":16,"turns":3},{"damage":0,"enemies":"3 Byrds","floor":18,"turns":3},{"damage":15,"enemies":"Shell Parasite","floor":19,"turns":3},{"damage":5,"enemies":"Centurion and Healer","floor":22,"turns":5},{"damage":25,"enemies":"Slavers","floor":23,"turns":4},{"damage":8,"enemies":"Gremlin Leader","floor":25,"turns":4},{"damage":0,"enemies":"Slavers","floor":27,"turns":1}],"seed_played":"-4828004091121479964","potions_obtained":[{"floor":8,"key":"DuplicationPotion"},{"floor":11,"key":"BottledMiracle"},{"floor":12,"key":"SteroidPotion"},{"floor":19,"key":"Block Potion"},{"floor":23,"key":"Explosive Potion"}],"is_trial":false,"path_per_floor":["M","?","$","?","M","R","E","M","T","R","E","M","R","M","R","B",null,"M","M","$","?","M","E","R","E","T","E"],"character_chosen":"WATCHER","items_purchased":["ReachHeaven"],"campfire_rested":0,"item_purchase_floors":[20],"current_hp_per_floor":[72,79,79,79,79,79,79,79,79,79,65,64,64,58,58,58,79,79,64,79,79,74,49,49,41,41,41,41],"gold":226,"neow_bonus":"THREE_ENEMY_KILL","is_daily":false,"chose_seed":false,"campfire_upgraded":5,"win_rate":0.0,"timestamp":1608157505,"path_taken":["M","?","?","?","M","R","E","M","T","R","E","M","R","M","R","BOSS","M","M","$","?","M","E","R","E","T","E"],"items_purchased_type":["Card"],"build_version":"2020-12-13","purchased_purges":1,"victory":false,"max_hp_per_floor":[72,79,79,79,79,79,79,79,79,79,79,79,79,79,79,79,79,79,79,79,79,79,79,79,79,79,79,79],"card_choices":[{"not_picked":["Evaluate","EmptyFist"],"picked":"Indignation","floor":1},{"not_picked":["MentalFortress","WheelKick"],"picked":"WindmillStrike","floor":5},{"not_picked":["Pray","Perseverance"],"picked":"CutThroughFate","floor":7},{"not_picked":["Swivel","PathToVictory"],"picked":"Consecrate","floor":8},{"not_picked":["MentalFortress+1","Indignation"],"picked":"BattleHymn+1","floor":11},{"not_picked":["EmptyBody","FollowUp"],"picked":"DeusExMachina","floor":12},{"not_picked":["FearNoEvil","CutThroughFate"],"picked":"Sanctity","floor":14},{"not_picked":["Vault","Omniscience"],"picked":"DevaForm+1","floor":16},{"not_picked":["SashWhip","Pray"],"picked":"EmptyBody","floor":18},{"not_picked":["JustLucky","ReachHeaven"],"picked":"MentalFortress+1","floor":19},{"not_picked":["CarveReality","Collect","SandsOfTime"],"picked":"SKIP","floor":22},{"not_picked":["Evaluate","FlyingSleeves+1"],"picked":"ThirdEye","floor":23},{"not_picked":["JustLucky","Pray"],"picked":"Crescendo+1","floor":25}],"player_experience":157503,"relics_obtained":[{"floor":7,"key":"Frozen Egg 2"},{"floor":9,"key":"Ancient Tea Set"},{"floor":11,"key":"MealTicket"},{"floor":23,"key":"Regal Pillow"},{"floor":25,"key":"Juzu Bracelet"},{"floor":26,"key":"Tiny Chest"}],"event_choices":[{"damage_healed":0,"gold_gain":0,"player_choice":"Paid Gold","damage_taken":0,"relics_obtained":["Strawberry"],"max_hp_gain":0,"max_hp_loss":0,"event_name":"WeMeetAgain","floor":2,"gold_loss":107},{"damage_healed":0,"gold_gain":0,"cards_transformed":["Strike_P"],"player_choice":"Transformed","damage_taken":0,"max_hp_gain":0,"max_hp_loss":0,"event_name":"Transmorgrifier","floor":4,"gold_loss":0,"cards_obtained":["FlurryOfBlows"]},{"damage_healed":0,"gold_gain":0,"player_choice":"Ignored","damage_taken":0,"max_hp_gain":0,"max_hp_loss":0,"event_name":"Vampires","floor":21,"gold_loss":0}],"is_beta":false,"boss_relics":[{"not_picked":["Runic Dome","Pandora\u0027s Box"],"picked":"Cursed Key"}],"items_purged_floors":[20],"is_endless":false,"potions_floor_spawned":[8,11,12,19,23],"killed_by":"Slavers","ascension_level":1}}