{"host":"mi0eibewekhugwl1","time":1608135877,"event":{"mods":["AchievementEnabler","BaseMod","Colored Map","Colored Powertips","DeckTracker","Keyboard Shortcuts","Minty Spire (QoL Compilation)","Quick Restart","Rare Cards Sparkle","Relic Stats","StSLib","SuperFastMode","everything is the same but u backflip on backflip"],"gold_per_floor":[109,79,99,118,167,193,193,208,231,241,4,4,17,32,32,32,32],"floor_reached":16,"playtime":234,"items_purged":["Strike_B"],"score":208,"play_id":"f408cfa6-acd9-4dae-822e-2236efff49ed","local_time":"20201217012437","is_ascension_mode":true,"campfire_choices":[{"data":"Zap","floor":7,"key":"SMITH"},{"floor":12,"key":"REST"},{"data":"White Noise","floor":15,"key":"SMITH"}],"circlet_count":0,"master_deck":["AscendersBane","Strike_B","Strike_B","Strike_B","Defend_B","Defend_B","Defend_B","Defend_B","Zap+1","Dualcast","Rip and Tear","Sweeping Beam","Conserve Battery","Compile Driver","Ball Lightning","Electrodynamics","White Noise+1","Turbo"],"relics":["Cracked Core","NeowsBlessing","Centennial Puzzle","Unceasing Top","Ancient Tea Set","Medical Kit"],"acts_visited":["Exordium"],"potions_floor_usage":[6,10,10,10,16],"damage_taken":[{"damage":0,"enemies":"Jaw Worm","floor":1,"turns":1},{"damage":0,"enemies":"Cultist","floor":3,"turns":1},{"damage":0,"enemies":"Small Slimes","floor":4,"turns":1},{"damage":43,"enemies":"Lagavulin","floor":6,"turns":6},{"damage":1,"enemies":"Blue Slaver","floor":8,"turns":3},{"damage":3,"enemies":"Gremlin Gang","floor":10,"turns":3},{"damage":12,"enemies":"3 Louse","floor":13,"turns":2},{"damage":6,"enemies":"Looter","floor":14,"turns":3},{"damage":20,"enemies":"Hexaghost","floor":16,"turns":7}],"seed_played":"2429829283974087831","potions_obtained":[{"floor":2,"key":"EntropicBrew"},{"floor":2,"key":"Ancient Potion"},{"floor":6,"key":"DuplicationPotion"},{"floor":13,"key":"LiquidMemories"}],"is_trial":false,"path_per_floor":["M","?","M","M","T","E","R","M","T","M","$","R","M","M","R","B"],"character_chosen":"DEFECT","items_purchased":["Medical Kit"],"campfire_rested":1,"item_purchase_floors":[11],"current_hp_per_floor":[64,64,64,64,64,21,21,20,20,17,17,38,26,20,20,0,0],"gold":32,"neow_bonus":"THREE_ENEMY_KILL","is_daily":false,"chose_seed":false,"campfire_upgraded":2,"win_rate":0.0,"timestamp":1608135877,"path_taken":["M","?","M","?","?","E","R","M","T","M","$","R","?","M","R","BOSS"],"items_purchased_type":["Relic"],"build_version":"2020-12-13","purchased_purges":1,"victory":false,"max_hp_per_floor":[71,71,71,71,71,71,71,71,71,71,71,71,71,71,71,71,71],"relic_stats":{"Centennial Puzzle":[18],"counters":[9,26],"Medical Kit":[2],"obtain_stats":[{"Centennial Puzzle":5,"NeowsBlessing":0,"Cracked Core":0,"Ancient Tea Set":9,"Medical Kit":11,"Unceasing Top":6},{"Centennial Puzzle":3,"NeowsBlessing":0,"Cracked Core":0,"Ancient Tea Set":5,"Medical Kit":6,"Unceasing Top":4},{"Centennial Puzzle":3,"NeowsBlessing":0,"Cracked Core":0,"Ancient Tea Set":12,"Medical Kit":14,"Unceasing Top":9}],"Unceasing Top":[1]},"card_choices":[{"not_picked":["Streamline","Rebound"],"picked":"Rip and Tear","floor":1},{"not_picked":["Storm","Steam"],"picked":"Sweeping Beam","floor":3},{"not_picked":["Double Energy","Leap"],"picked":"Conserve Battery","floor":4},{"not_picked":["Leap","Stack"],"picked":"Compile Driver","floor":6},{"not_picked":["Beam Cell","BootSequence"],"picked":"Ball Lightning","floor":8},{"not_picked":["Force Field","Rip and Tear"],"picked":"Electrodynamics","floor":10},{"not_picked":["Streamline","Steam"],"picked":"White Noise","floor":13},{"not_picked":["Compile Driver","Force Field"],"picked":"Turbo","floor":14}],"player_experience":1681843,"relics_obtained":[{"floor":5,"key":"Centennial Puzzle"},{"floor":6,"key":"Unceasing Top"},{"floor":9,"key":"Ancient Tea Set"}],"event_choices":[{"damage_healed":0,"gold_gain":0,"player_choice":"Bought 2 Potions","damage_taken":0,"max_hp_gain":0,"max_hp_loss":0,"event_name":"The Woman in Blue","floor":2,"gold_loss":0}],"is_beta":false,"boss_relics":[],"items_purged_floors":[11],"is_endless":false,"potions_floor_spawned":[4,6,8,13,14],"killed_by":"Hexaghost","ascension_level":20}}