{"host":"l8lm1goh5xm9tkuw","time":1608115657,"event":{"mods":["Act Like it!","Alarm Clock","Astrologer","BaseMod","Colored Map","Colored Powertips","GungeonMod","Hermit","KinomotoSakuraMod(Ä¾Ö®±¾Ó£)","KomeijiMod","Library of Ruina","Library of Ruina Extra","Lobotomy","LobotomyExtend","Marisa£¨ìFÓê¡¡Ä§ÀíÉ³£©","Minty Spire (QoL Compilation)","MostiFishMod","Quick Restart","Replay The Spire","Shade Mod","StSLib","TestMod","The Animator","The Bug Knight","The Hierophant","UnlockEverythingMod","vexMod","¡¾ÒÅÎï¿¨ÅÆ¡¿REMEMod"],"gold_per_floor":[119,138,138,149,167,195,195,225,225,243,243,255,275,303,303,380,380,396,410,424,123,137,137,166,180,180,213,138,164,176,190,190,265,365,384,397,413,427,440,440,469,469,469,481,500,500,500,518,518,518,518,518],"floor_reached":53,"playtime":2679,"items_purged":["Strike_R"],"score":1595,"play_id":"0aca07be-5f03-4382-8e1b-36912ed02113","local_time":"20201216184737","is_ascension_mode":true,"campfire_choices":[{"data":"Armaments","floor":7.0,"key":"SMITH"},{"data":"True Grit","floor":15.0,"key":"SMITH"},{"data":"Body Slam","floor":23.0,"key":"SMITH"},{"data":"Defend_R","floor":32.0,"key":"PURGE"},{"data":"ReplayTheSpireMod:Strike From Hell","floor":40,"key":"SMITH"},{"data":"MostiFishMod:OrdinaryWorld","floor":42,"key":"SMITH"},{"data":"BigBird","floor":49,"key":"PURGE"}],"circlet_count":0,"master_deck":["ApocalypseBird","PunishingBird","LongBird","Defend_R","Defend_R","Defend_R","Bash+1","Shrug It Off+1","True Grit+1","VoidDream","MostiFishMod:OrdinaryWorld+1","Body Slam+1","MostiFishMod:ChineseTea","MostiFishMod:ChineseTea+1","Reaper+1","Eclipse+1","Sword Boomerang","Power Through","ReplayTheSpireMod:Strike From Hell+1","Dual Wield","Disarm","MostiFishMod:UltimateDefense+1","MostiFishMod:404NotFound+1","Shrug It Off+1","Dark Embrace","BodiesMountain"],"relics":["Burning Blood","DaveBox","testmod-TestBox","REME_ComplimentaryCards","RhineCircuit","testmod-EnergyCheck","CogitoBucket","RabbitCall","Question Card","LetterFromLob","Pen Nib","Replay:Mystery Machine","DemoMod:OrangeGuonStone","HellTrain","PageOfSingingMachine","ImportantClient","Astrolabe","BehaviorAdjustment","Centennial Puzzle","MealTicket","Bronze Scales","AdjustmentMirror","Golden Egg","PageOfGreed","PageOfTheQueenOfHatred","Replay:Wanted Poster","PageOfTheKnightOfDespair","PageOfWrath","PageOfNihil","RedMistMask","Twilight"],"acts_visited":["Exordium","TheCity","TheBeyond"],"potions_floor_usage":[44],"damage_taken":[{"damage":4.0,"enemies":"Small Slimes","floor":1.0,"turns":4.0},{"damage":0.0,"enemies":"2 Louse","floor":2.0,"turns":3.0},{"damage":6.0,"enemies":"Jaw Worm","floor":4.0,"turns":4.0},{"damage":5.0,"enemies":"Gremlin Gang","floor":5.0,"turns":5.0},{"damage":0.0,"enemies":"Lagavulin","floor":6.0,"turns":4.0},{"damage":21.0,"enemies":"Gremlin Nob","floor":8.0,"turns":5.0},{"damage":26.0,"enemies":"Large Slime","floor":10.0,"turns":3.0},{"damage":0.0,"enemies":"Red Slaver","floor":12.0,"turns":3.0},{"damage":0.0,"enemies":"Gremlin Gang","floor":13.0,"turns":4.0},{"damage":1.0,"enemies":"3 Sentries","floor":14.0,"turns":7.0},{"damage":48.0,"enemies":"Fading Forest","floor":16.0,"turns":11.0},{"damage":0.0,"enemies":"3 Byrds","floor":18.0,"turns":4.0},{"damage":2.0,"enemies":"Chosen","floor":19.0,"turns":3.0},{"damage":0.0,"enemies":"Snake Plant","floor":20.0,"turns":2.0},{"damage":9.0,"enemies":"Snecko","floor":22.0,"turns":6.0},{"damage":4.0,"enemies":"Book of Stabbing","floor":24.0,"turns":4.0},{"damage":42.0,"enemies":"Cultist and Chosen","floor":25.0,"turns":15.0},{"damage":0.0,"enemies":"Replay:Snechameleon","floor":27.0,"turns":3.0},{"damage":6.0,"enemies":"HollowMod:Nosk","floor":29.0,"turns":5.0},{"damage":16.0,"enemies":"Snake Plant","floor":30.0,"turns":3.0},{"damage":0.0,"enemies":"Centurion and Healer","floor":31.0,"turns":4.0},{"damage":29.0,"enemies":"Automaton","floor":33.0,"turns":5.0},{"damage":5,"enemies":"3 Darklings","floor":35,"turns":3},{"damage":0,"enemies":"Orb Walker","floor":36,"turns":2},{"damage":0,"enemies":"3 Darklings","floor":37,"turns":3},{"damage":7,"enemies":"Jaw Worm Horde","floor":38,"turns":2},{"damage":0,"enemies":"Sphere and 2 Shapes","floor":39,"turns":1},{"damage":0,"enemies":"R_Hoarder","floor":41,"turns":2},{"damage":28,"enemies":"Reptomancer","floor":44,"turns":2},{"damage":2,"enemies":"Transient","floor":45,"turns":4},{"damage":6,"enemies":"Reptomancer","floor":46,"turns":2},{"damage":0,"enemies":"Writhing Mass","floor":48,"turns":2},{"damage":65,"enemies":"Awakened One","floor":50,"turns":5}],"seed_played":"-7740207435889264187","potions_obtained":[{"floor":4.0,"key":"Adrenaline Potion"},{"floor":5.0,"key":"Weak Potion"},{"floor":10.0,"key":"Venom Potion"},{"floor":14.0,"key":"DemoMod:BlankPotion"},{"floor":18.0,"key":"Regen Potion"},{"floor":20.0,"key":"AttackPotion"},{"floor":30.0,"key":"FearPotion"},{"floor":45,"key":"DemoMod:LeadSkinPotion"},{"floor":47,"key":"ElixirPotion"}],"is_trial":false,"path_per_floor":["M","M","?","M","M","E","R","E","T","M","?","M","M","E","R","B",null,"M","M","M","$","M","R","E","M","T","E","?","E","M","M","R_BF","B",null,"M","M","M","M","M","R","E","R","T","E","M","E","?","M","R_BF","B",null,null,null],"character_chosen":"IRONCLAD","items_purchased":["Centennial Puzzle","MealTicket"],"campfire_rested":0,"item_purchase_floors":[21,21],"current_hp_per_floor":[70,75,52,52,53,59,59,44,44,24,24,30,36,41,41,29,64,75,75,75,75,72,72,75,39,39,61,61,75,65,75,75,55,70,75,75,75,74,75,75,75,75,75,60,75,75,75,75,75,25,25,25],"gold":518,"neow_bonus":"","is_daily":false,"chose_seed":false,"campfire_upgraded":5,"win_rate":0.0,"timestamp":1608115657,"path_taken":["M","M","?","M","M","E","R","E","T","M","?","?","M","E","R","BOSS","M","M","M","$","M","R","E","M","T","E","?","E","M","M","R_BF","BOSS","M","M","M","M","M","R","E","R","T","E","M","E","?","M","R_BF","BOSS"],"items_purchased_type":["Relic","Relic"],"build_version":"2020-12-13","purchased_purges":1,"victory":true,"max_hp_per_floor":[75,75,75,75,75,75,75,75,75,75,75,75,75,75,75,75,75,75,75,75,75,75,75,75,75,75,75,75,75,75,75,75,75,75,75,75,75,75,75,75,75,75,75,75,75,75,75,75,75,75,75,75],"card_choices":[{"not_picked":["WallGazer","MHz","WhitesApple"],"picked":"Singing Bowl","floor":1.0},{"not_picked":["Seeing Red","Life Link"],"picked":"Shrug It Off","floor":1.0},{"not_picked":["MeltingLove","DreamingCurrent","LaLuna"],"picked":"Singing Bowl","floor":2.0},{"not_picked":["ReplayTheSpireMod:Stacked","Cleave","Intimidate"],"picked":"Bloodletting","floor":2.0},{"not_picked":["NakedNest","UniverseFragment"],"picked":"PunishingBird","floor":4.0},{"not_picked":["Pummel","Warcry","Shrug It Off","Sever Soul"],"picked":"SKIP","floor":4.0},{"not_picked":["QueenOfHatred","UniverseFragment","OSAHOGD"],"picked":"Singing Bowl","floor":5.0},{"not_picked":["ReplayTheSpireMod:LeadingStrike","Disarm","Replay:Undeath\u0027s Touch"],"picked":"Armaments","floor":5.0},{"not_picked":["QueenOfHatred","MHz","UniverseFragment"],"picked":"Singing Bowl","floor":6.0},{"not_picked":["Replay:Undeath\u0027s Touch","Abandon","Juggernaut","MostiFishMod:UniRed"],"picked":"SKIP","floor":6.0},{"not_picked":["SnowQueen","OSAHOGD","CherryBlossoms"],"picked":"Singing Bowl","floor":8.0},{"not_picked":["Burning Pact","MostiFishMod:HellRitual","Iron Wave"],"picked":"True Grit","floor":8.0},{"not_picked":["Alriune","BeautyBeast","QueenBee"],"picked":"Singing Bowl","floor":10.0},{"not_picked":["MeatLantern","Yin"],"picked":"VoidDream","floor":10.0},{"not_picked":["ReplayTheSpireMod:Strike From Hell","Life Link","Twin Strike","Iron Wave"],"picked":"SKIP","floor":10.0},{"not_picked":["FairyFestival","BeautyBeast","Yin"],"picked":"Singing Bowl","floor":12.0},{"not_picked":["Sentinel","DemoMod:BlackBlade","Intimidate"],"picked":"MostiFishMod:OrdinaryWorld","floor":12.0},{"not_picked":["Murderer","OldLady","Scorched"],"picked":"Singing Bowl","floor":13.0},{"not_picked":["Twin Strike","REME_Scribble","Perfected Strike"],"picked":"Body Slam","floor":13.0},{"not_picked":["CrumblingArmor","SpiderBud","RedShoes"],"picked":"Singing Bowl","floor":14.0},{"not_picked":["Thunderclap","ReplayTheSpireMod:LeadingStrike","Life Link","Replay:Undeath\u0027s Touch"],"picked":"SKIP","floor":14.0},{"not_picked":["OldLady","LittleHelper","Laetitia"],"picked":"Singing Bowl","floor":16.0},{"not_picked":["Exhume","Reaper","Juggernaut"],"picked":"MostiFishMod:ChineseTea","floor":16.0},{"not_picked":["Combust","Run Through","Perfected Strike","Abandon"],"picked":"SKIP","floor":18.0},{"not_picked":["Clothesline","Cleave","True Grit"],"picked":"Sword Boomerang","floor":19.0},{"not_picked":["WhitesApple","OldLady","CherryBlossoms"],"picked":"Singing Bowl","floor":19.0},{"not_picked":["CherryBlossoms","RedShoes","Alriune"],"picked":"Singing Bowl","floor":20.0},{"not_picked":["Rupture","ReplayTheSpireMod:LeadingStrike","True Grit","Iron Wave"],"picked":"SKIP","floor":20.0},{"not_picked":["GalaxyChild","MHz","BeautyBeast"],"picked":"Singing Bowl","floor":22.0},{"not_picked":["ReplayTheSpireMod:Corrosion Curse","Heavy Blade","DemoMod:WhiteBlade","Twin Strike"],"picked":"SKIP","floor":22.0},{"not_picked":["SnowQueen","FairyFestival","WhiteNight"],"picked":"Singing Bowl","floor":24.0},{"not_picked":["Impervious","ReplayTheSpireMod:Muscle Training","Sword Boomerang","Anger"],"picked":"SKIP","floor":24.0},{"not_picked":["LittlePrince","UniverseFragment","QueenBee"],"picked":"Singing Bowl","floor":25.0},{"not_picked":["Havoc","Headbutt","Cleave"],"picked":"Power Through","floor":25.0},{"not_picked":["QueenBee","Wellcheers"],"picked":"LongBird","floor":27.0},{"not_picked":["Inflame","Anger","Replay:Undeath\u0027s Touch"],"picked":"ReplayTheSpireMod:Strike From Hell","floor":27.0},{"not_picked":["LittleHelper","Wellcheers","BlackArmy"],"picked":"Singing Bowl","floor":29.0},{"not_picked":["Sever Soul","Clothesline","Anger"],"picked":"Dual Wield","floor":29.0},{"not_picked":["OSAHOGD","Wellcheers","MeatLantern"],"picked":"Singing Bowl","floor":30.0},{"not_picked":["Spot Weakness","Armaments","Havoc"],"picked":"Disarm","floor":30.0},{"not_picked":["SpiderBud","GreedKing","NakedNest"],"picked":"Singing Bowl","floor":31.0},{"not_picked":["Evolve","Whirlwind","Dual Wield+1"],"picked":"MostiFishMod:UltimateDefense","floor":31.0},{"not_picked":["LaLuna","BigBadWolf","Woodsman"],"picked":"Singing Bowl","floor":33.0},{"not_picked":["Berserk","MostiFishMod:NeverNightCountry","MostiFishMod:WingOfPhoenix"],"picked":"MostiFishMod:404NotFound","floor":33.0},{"not_picked":["DespairKnight","Rudolta","Freischutz"],"picked":"Singing Bowl","floor":35},{"not_picked":["Evolve+1","DemoMod:BlackBlade+1","Body Slam"],"picked":"Shrug It Off+1","floor":35},{"not_picked":["Funeral","FairyFestival","SingingMachine"],"picked":"Singing Bowl","floor":36},{"not_picked":["Perfected Strike","Armaments+1","MostiFishMod:UltimateDefense","Havoc"],"picked":"SKIP","floor":36},{"not_picked":["Rudolta","Freischutz","Scorched"],"picked":"Singing Bowl","floor":37},{"not_picked":["Armaments","Replay:Undeath\u0027s Touch","Anger","Heavy Blade"],"picked":"SKIP","floor":37},{"not_picked":["Rudolta","Mercenary","WhitesApple"],"picked":"Singing Bowl","floor":38},{"not_picked":["Perfected Strike","Body Slam","Clothesline+1","Armaments"],"picked":"SKIP","floor":38},{"not_picked":["HappyTeddy","LittleHelper","Rudolta"],"picked":"Singing Bowl","floor":39},{"not_picked":["Wild Strike+1","Armaments+1","Uppercut","Clothesline+1"],"picked":"SKIP","floor":39},{"not_picked":["Rudolta","SnowQueen","Yin"],"picked":"Singing Bowl","floor":41},{"not_picked":["Sentinel","Flex","Infernal Blade","Rage"],"picked":"SKIP","floor":41},{"not_picked":["Warcry","Armaments","Anger"],"picked":"Dark Embrace","floor":44},{"not_picked":["SpiderBud","RedShoes","CENSORED"],"picked":"Singing Bowl","floor":44},{"not_picked":["Mercenary","QueenOfHatred","GreedKing"],"picked":"Singing Bowl","floor":45},{"not_picked":["GalaxyChild","DreamingCurrent"],"picked":"BigBird","floor":45},{"not_picked":["Iron Wave","Heavy Blade","Headbutt","Spot Weakness"],"picked":"SKIP","floor":45},{"not_picked":["Woodsman","BodiesMountain","MeatLantern"],"picked":"Singing Bowl","floor":46},{"not_picked":["Freischutz","QueenOfHatred"],"picked":"BodiesMountain","floor":46},{"not_picked":["BlackSwan","MeatLantern","Laetitia"],"picked":"Singing Bowl","floor":48},{"not_picked":["Bludgeon","Armaments","Havoc","Flame Barrier"],"picked":"SKIP","floor":48}],"player_experience":312231,"relics_obtained":[{"floor":1.0,"key":"Question Card"},{"floor":1.0,"key":"LetterFromLob"},{"floor":6.0,"key":"Pen Nib"},{"floor":8.0,"key":"Replay:Mystery Machine"},{"floor":9.0,"key":"DemoMod:OrangeGuonStone"},{"floor":14.0,"key":"PageOfSingingMachine"},{"floor":16.0,"key":"ImportantClient"},{"floor":24.0,"key":"Bronze Scales"},{"floor":26.0,"key":"Golden Egg"},{"floor":27.0,"key":"PageOfGreed"},{"floor":29.0,"key":"PageOfTheQueenOfHatred"},{"floor":41,"key":"PageOfTheKnightOfDespair"},{"floor":43,"key":"PageOfWrath"},{"floor":44,"key":"PageOfNihil"},{"floor":45,"key":"RedMistMask"},{"floor":46,"key":"Twilight"}],"event_choices":[{"damage_healed":0.0,"max_hp_gain":0.0,"max_hp_loss":0.0,"gold_gain":0.0,"event_name":"Shining Light","player_choice":"Entered Light","floor":3.0,"gold_loss":0.0,"damage_taken":23.0,"cards_upgraded":["Shrug It Off","Bash"]},{"cards_removed":["Strike_R"],"damage_healed":0.0,"max_hp_gain":0.0,"max_hp_loss":0.0,"gold_gain":0.0,"event_name":"Purifier","player_choice":"Purged","floor":11.0,"gold_loss":0.0,"damage_taken":0.0},{"cards_removed":["Strike_R"],"damage_healed":0.0,"max_hp_gain":0.0,"max_hp_loss":0.0,"gold_gain":0.0,"event_name":"Beggar","player_choice":"Gave Gold","floor":28.0,"gold_loss":75.0,"damage_taken":0.0},{"damage_healed":0,"gold_gain":0,"player_choice":"Got Potions","damage_taken":0,"max_hp_gain":0,"max_hp_loss":0,"event_name":"Lab","floor":47,"gold_loss":0}],"is_beta":false,"boss_relics":[{"not_picked":["testmod-NegativeEmotionEnhancer","Runic Pyramid"],"picked":"Astrolabe"},{"not_picked":["Abe\u0027s Treasure","Ooze Armor"],"picked":"Replay:Wanted Poster"}],"items_purged_floors":[21],"is_endless":false,"potions_floor_spawned":[4,5,10,14,18,20,24,30,31,35,37,39,45],"ascension_level":15}}