{"host":"ssviq0y9yg8c9gbe","time":1608161592,"event":{"mods":["AchievementEnabler","Act Like it!","BaseMod","Colored Map","Colored Powertips","Downfall","Hallownest","Highlight Path","Hubris","Minty Spire (QoL Compilation)","Replay The Spire","StSLib"],"gold_per_floor":[99,99,119,136,136,169,169,195,215,250,267,109,136,136,153,153,153],"floor_reached":16,"playtime":830,"items_purged":[],"score":135,"play_id":"64ef62cd-a937-4200-85b5-28d04395bcc6","local_time":"20201216183312","is_ascension_mode":false,"campfire_choices":[{"floor":1,"key":"RECALL"}],"circlet_count":0,"master_deck":["champ:Strike","champ:Strike","champ:Strike","champ:Defend","champ:Defend","champ:Defend","champ:Defend","champ:Execute","champ:Taunt","champ:FanOfKnives","champ:DefensiveShout","champ:TornadoPunch","champ:BringItOn","champ:DefensiveStyle+1","champ:Lariat","champ:CrookedStrike","champ:FlashCut","champ:StanceDance"],"relics":["champ:ChampionCrown","Centennial Puzzle","Ancient Tea Set","Frozen Egg 2","Strawberry","hubris:BottledRain","Sling","Odd Mushroom"],"acts_visited":["Exordium"],"potions_floor_usage":[10],"damage_taken":[{"damage":5,"enemies":"Cultist","floor":3,"turns":3},{"damage":9,"enemies":"Jaw Worm","floor":4,"turns":4},{"damage":53,"enemies":"3 Sentries","floor":6,"turns":11},{"damage":3,"enemies":"2 Louse","floor":9,"turns":2},{"damage":25,"enemies":"Gremlin Nob","floor":10,"turns":4},{"damage":19,"enemies":"Large Slime","floor":11,"turns":6},{"damage":10,"enemies":"downfall:FleeingMerchant","floor":12,"turns":4},{"damage":3,"enemies":"The Mushroom Lair","floor":13,"turns":3},{"damage":14,"enemies":"3 Louse","floor":15,"turns":2},{"damage":19,"enemies":"downfall:Silent","floor":16,"turns":4}],"seed_played":"-2187220504047601854","potions_obtained":[{"floor":4,"key":"Fire Potion"},{"floor":9,"key":"Strength Potion"},{"floor":10,"key":"ColorlessPotion"}],"is_trial":false,"path_per_floor":["R_BF","?","M","M","?","E","T","T","M","E","M","$","?","T","M","B"],"character_chosen":"THE_CHAMP","items_purchased":["Sling"],"campfire_rested":0,"item_purchase_floors":[12],"current_hp_per_floor":[99,99,99,95,77,50,50,57,57,37,29,29,29,29,15,0,0],"gold":153,"neow_bonus":"TEN_PERCENT_HP_BONUS","is_daily":false,"chose_seed":false,"campfire_upgraded":0,"win_rate":0.0,"timestamp":1608161592,"path_taken":["R_BF","?","M","M","?","E","T","?","M","E","M","$","?","?","M","BOSS"],"items_purchased_type":["Relic"],"build_version":"2020-12-13","purchased_purges":0,"victory":false,"max_hp_per_floor":[99,99,99,99,99,99,99,106,106,106,106,106,106,106,106,106,106],"card_choices":[{"not_picked":["champ:AdrenalArmor","champ:Riposte"],"picked":"champ:FanOfKnives","floor":3},{"not_picked":["champ:Backstep","champ:RisingSlash"],"picked":"champ:DefensiveShout","floor":4},{"not_picked":["champ:RapidStrikes","champ:RecklessLeap"],"picked":"champ:TornadoPunch","floor":6},{"not_picked":["champ:ShieldWall+1","champ:CrookedStrike"],"picked":"champ:BringItOn","floor":9},{"not_picked":["champ:BladeFlurry","champ:Improvising+1"],"picked":"champ:DefensiveStyle+1","floor":10},{"not_picked":["champ:RisingSlash","champ:SkillfulDodge"],"picked":"champ:Lariat","floor":11},{"not_picked":["champ:EnGarde","champ:PreciseThrust"],"picked":"champ:CrookedStrike","floor":12},{"not_picked":["champ:Encircle","champ:CrookedStrike"],"picked":"champ:FlashCut","floor":13},{"not_picked":["champ:Encircle","champ:FocusedBerserking"],"picked":"champ:StanceDance","floor":15}],"player_experience":121316,"relics_obtained":[{"floor":6,"key":"Ancient Tea Set"},{"floor":7,"key":"Frozen Egg 2"},{"floor":8,"key":"Strawberry"},{"floor":10,"key":"hubris:BottledRain"},{"floor":13,"key":"Odd Mushroom"}],"event_choices":[{"damage_healed":0,"gold_gain":0,"player_choice":"Success","damage_taken":18,"relics_obtained":["Centennial Puzzle"],"max_hp_gain":0,"max_hp_loss":0,"event_name":"Scrap Ooze","floor":5,"gold_loss":0},{"damage_healed":0,"gold_gain":0,"player_choice":"Fought Mushrooms","damage_taken":0,"max_hp_gain":0,"max_hp_loss":0,"event_name":"Mushrooms","floor":13,"gold_loss":0}],"is_beta":false,"boss_relics":[],"items_purged_floors":[],"is_endless":false,"potions_floor_spawned":[4,9,10],"killed_by":"downfall:Silent","ascension_level":0}}