{"host":"pqs17sqrgflf4eqa","time":1608086611,"event":{"mods":["AchievementEnabler","BaseMod","Bestiary","Better Altar","Colored Map","Colored Powertips","Emptier Cage","Googly Eyes","Highlight Path","Minty Spire (QoL Compilation)","Quick Restart","StSLib","SuperFastMode","Transform Curses","slay the spire mod where everything is the same but ironclad has a cowboy hat"],"gold_per_floor":[109,384,395,412,24,24,58,58,81,81,112,127,32,42,42,139,139,151,151,151,151,28,62,62,94,120,139,139,157,191,191,191,191,191],"floor_reached":33,"playtime":621,"items_purged":["Regret"],"score":463,"play_id":"21aa112f-0513-4727-94c7-44ab7ed490c0","local_time":"20201215214331","is_ascension_mode":true,"campfire_choices":[{"data":"Eruption","floor":6,"key":"SMITH"},{"data":"ClearTheMind","floor":8,"key":"SMITH"},{"data":"BowlingBash","floor":10,"key":"SMITH"},{"floor":15,"key":"REST"},{"floor":24,"key":"REST"},{"floor":28,"key":"REST"},{"floor":32,"key":"REST"}],"circlet_count":0,"master_deck":["Strike_P","Strike_P","Strike_P","Defend_P","Defend_P","Eruption+1","Vigilance","BowlingBash+1","Perseverance","EmptyFist","CarveReality","Tantrum","ClearTheMind+1","FlyingSleeves","Conclude","Pray+1","EmptyBody+1","CutThroughFate","Ragnarok","WheelKick+1","TalkToTheHand+1","PathToVictory+1","Protect+1","Necronomicurse","EmptyFist","Halt","FollowUp","WaveOfTheHand+1","Prostrate","Indignation"],"relics":["PureWater","NeowsBlessing","PreservedInsect","Potion Belt","Oddly Smooth Stone","Damaru","Astrolabe","Ancient Tea Set","Necronomicon","Vajra","War Paint","Happy Flower","Regal Pillow"],"acts_visited":["Exordium","TheCity"],"potions_floor_usage":[7,11,16,16,23,25,30,33],"damage_taken":[{"damage":0,"enemies":"2 Louse","floor":1,"turns":2},{"damage":0,"enemies":"Cultist","floor":3,"turns":1},{"damage":0,"enemies":"Small Slimes","floor":4,"turns":1},{"damage":15,"enemies":"3 Sentries","floor":7,"turns":4},{"damage":0,"enemies":"Gremlin Nob","floor":11,"turns":2},{"damage":11,"enemies":"Looter","floor":12,"turns":2},{"damage":27,"enemies":"Lots of Slimes","floor":14,"turns":4},{"damage":0,"enemies":"Slime Boss","floor":16,"turns":4},{"damage":11,"enemies":"2 Thieves","floor":18,"turns":2},{"damage":34,"enemies":"Slavers","floor":23,"turns":3},{"damage":13,"enemies":"Gremlin Leader","floor":25,"turns":4},{"damage":0,"enemies":"Spheric Guardian","floor":27,"turns":1},{"damage":12,"enemies":"Chosen and Byrds","floor":29,"turns":3},{"damage":13,"enemies":"Slavers","floor":30,"turns":5},{"damage":70,"enemies":"Automaton","floor":33,"turns":6}],"seed_played":"-2419524157758416494","potions_obtained":[{"floor":3,"key":"ColorlessPotion"},{"floor":7,"key":"PowerPotion"},{"floor":11,"key":"Strength Potion"},{"floor":14,"key":"AttackPotion"},{"floor":23,"key":"Strength Potion"},{"floor":27,"key":"BlessingOfTheForge"},{"floor":30,"key":"Fire Potion"}],"is_trial":false,"path_per_floor":["M","?","M","M","$","R","E","R","T","R","E","M","$","M","R","B",null,"M","?","?","?","$","E","R","E","T","M","R","M","E","?","R","B"],"character_chosen":"WATCHER","items_purchased":["PreservedInsect","CarveReality","Tantrum","ClearTheMind","EmptyBody","PowerPotion","Halt","FollowUp","Fire Potion"],"campfire_rested":4,"item_purchase_floors":[5,5,5,5,13,13,22,22,22],"current_hp_per_floor":[72,72,72,72,72,72,57,57,57,57,57,46,46,19,40,40,72,61,61,45,45,45,11,32,19,19,19,40,28,15,15,51,0,0],"gold":191,"neow_bonus":"THREE_ENEMY_KILL","is_daily":false,"chose_seed":false,"campfire_upgraded":3,"win_rate":0.0,"timestamp":1608086611,"path_taken":["M","?","M","?","?","R","E","R","T","R","E","M","$","M","R","BOSS","M","?","?","?","$","E","R","E","T","?","R","M","E","?","R","BOSS"],"items_purchased_type":["Relic","Card","Card","Card","Card","Potion","Card","Card","Potion"],"build_version":"2020-12-13","purchased_purges":1,"victory":false,"max_hp_per_floor":[72,72,72,72,72,72,72,72,72,72,72,72,72,72,72,72,72,72,72,72,72,72,72,72,72,72,72,72,72,72,72,72,72,72],"card_choices":[{"not_picked":["JustLucky","Fasting2"],"picked":"BowlingBash","floor":1},{"not_picked":["Protect","EmptyMind"],"picked":"Perseverance","floor":3},{"not_picked":["Evaluate","FlurryOfBlows"],"picked":"EmptyFist","floor":4},{"not_picked":["PathToVictory","CarveReality"],"picked":"FlyingSleeves","floor":7},{"not_picked":["CrushJoints","SignatureMove"],"picked":"Conclude","floor":11},{"not_picked":["Wireheading","Weave"],"picked":"Pray","floor":12},{"not_picked":["Study","Weave"],"picked":"CutThroughFate","floor":14},{"not_picked":["Judgement","Vault"],"picked":"Ragnarok","floor":16},{"not_picked":["CrushJoints","FlyingSleeves"],"picked":"Protect+1","floor":18},{"not_picked":["BowlingBash","SignatureMove","ConjureBlade"],"picked":"SKIP","floor":23},{"not_picked":["Vengeance","EmptyFist","ThirdEye"],"picked":"SKIP","floor":25},{"not_picked":["Worship","SashWhip"],"picked":"WaveOfTheHand+1","floor":27},{"not_picked":["SignatureMove","WaveOfTheHand","CutThroughFate"],"picked":"SKIP","floor":29},{"not_picked":["CutThroughFate","FlyingSleeves"],"picked":"Prostrate","floor":30}],"player_experience":140432,"relics_obtained":[{"floor":7,"key":"Potion Belt"},{"floor":9,"key":"Oddly Smooth Stone"},{"floor":11,"key":"Damaru"},{"floor":20,"key":"Necronomicon"},{"floor":23,"key":"Vajra"},{"floor":25,"key":"War Paint"},{"floor":26,"key":"Happy Flower"},{"floor":30,"key":"Regal Pillow"}],"event_choices":[{"damage_healed":0,"gold_gain":275,"player_choice":"Desecrate","damage_taken":0,"max_hp_gain":0,"max_hp_loss":0,"event_name":"Golden Shrine","floor":2,"gold_loss":0,"cards_obtained":["Regret"]},{"damage_healed":0,"gold_gain":0,"player_choice":"Opened","damage_taken":0,"relics_obtained":["Ancient Tea Set"],"max_hp_gain":0,"max_hp_loss":0,"event_name":"The Mausoleum","floor":19,"gold_loss":0,"cards_obtained":["Writhe"]},{"damage_healed":0,"gold_gain":0,"player_choice":"Obtained Book","damage_taken":16,"max_hp_gain":0,"max_hp_loss":0,"event_name":"Cursed Tome","floor":20,"gold_loss":0},{"damage_healed":0,"gold_gain":0,"cards_transformed":["Writhe"],"player_choice":"Transformed","damage_taken":0,"max_hp_gain":0,"max_hp_loss":0,"event_name":"Transmorgrifier","floor":21,"gold_loss":0,"cards_obtained":["EmptyFist"]},{"damage_healed":0,"gold_gain":0,"player_choice":"Read","damage_taken":0,"max_hp_gain":0,"max_hp_loss":0,"event_name":"The Library","floor":31,"gold_loss":0,"cards_obtained":["Indignation"]}],"is_beta":false,"boss_relics":[{"not_picked":["Coffee Dripper","Black Star"],"picked":"Astrolabe"}],"items_purged_floors":[5],"is_endless":false,"potions_floor_spawned":[3,7,11,14,23,27,30],"killed_by":"Automaton","ascension_level":4}}