{"host":"egyxg9lnjq7g2hmw","time":1608080432,"event":{"mods":["AchievementEnabler","BaseMod","Block Reminder","Colored Map","Colored Powertips","Highlight Path","Minty Spire (QoL Compilation)","Rare Cards Sparkle","StSLib"],"gold_per_floor":[115,135,149,149,81,81,114,130,153,183,183,214,214,226,226,297,297,314,314,328,341,174,174,174,205,252,252,266,266,284,297,297,297,297],"floor_reached":33,"playtime":1921,"items_purged":["Decay"],"score":542,"play_id":"fd1c388f-ae7d-496f-b680-e3d370005a07","local_time":"20201215170032","is_ascension_mode":true,"campfire_choices":[{"data":"Sucker Punch","floor":6.0,"key":"SMITH"},{"data":"Neutralize","floor":11.0,"key":"SMITH"},{"data":"Adrenaline","floor":13,"key":"SMITH"},{"floor":15,"key":"REST"},{"floor":23,"key":"REST"},{"data":"Glass Knife","floor":29,"key":"SMITH"},{"floor":32,"key":"REST"}],"circlet_count":0,"master_deck":["AscendersBane","Defend_G","Defend_G","Defend_G","Defend_G","Defend_G","Survivor","Neutralize+1","Malaise","Sucker Punch+1","Dodge and Roll","Poisoned Stab","Terror","Noxious Fumes","Adrenaline+1","PiercingWail","Catalyst","Glass Knife+1","Well Laid Plans","Phantasmal Killer","Crippling Poison","Bite","Bite","Bite","Bite","Bite","Phantasmal Killer","Skewer+1","Glass Knife"],"relics":["Ring of the Snake","Pen Nib","Orichalcum","Happy Flower","Prayer Wheel","Bag of Marbles","SlaversCollar","Bottled Tornado","Tiny Chest","Nilry\u0027s Codex"],"acts_visited":["Exordium","TheCity"],"potions_floor_usage":[16,16,30,33,33],"damage_taken":[{"damage":2.0,"enemies":"Jaw Worm","floor":1.0,"turns":8.0},{"damage":5.0,"enemies":"Small Slimes","floor":2.0,"turns":4.0},{"damage":0.0,"enemies":"Cultist","floor":3.0,"turns":4.0},{"damage":7.0,"enemies":"Lagavulin","floor":7.0,"turns":12.0},{"damage":4.0,"enemies":"Blue Slaver","floor":8.0,"turns":4.0},{"damage":10.0,"enemies":"Gremlin Nob","floor":10.0,"turns":4.0},{"damage":8,"enemies":"Lagavulin","floor":12,"turns":7},{"damage":0,"enemies":"Large Slime","floor":14,"turns":5},{"damage":20,"enemies":"The Guardian","floor":16,"turns":9},{"damage":6,"enemies":"Spheric Guardian","floor":18,"turns":4},{"damage":15,"enemies":"Shell Parasite","floor":20,"turns":6},{"damage":15,"enemies":"Centurion and Healer","floor":21,"turns":5},{"damage":9,"enemies":"Book of Stabbing","floor":25,"turns":7},{"damage":19,"enemies":"Shelled Parasite and Fungi","floor":28,"turns":6},{"damage":0,"enemies":"Snake Plant","floor":30,"turns":3},{"damage":6,"enemies":"Centurion and Healer","floor":31,"turns":4},{"damage":54,"enemies":"Collector","floor":33,"turns":7}],"seed_played":"3841170305701080789","potions_obtained":[{"floor":1.0,"key":"Dexterity Potion"},{"floor":7.0,"key":"SkillPotion"},{"floor":8.0,"key":"LiquidMemories"},{"floor":20,"key":"Swift Potion"},{"floor":30,"key":"Fire Potion"}],"is_trial":false,"path_per_floor":["M","M","M","?","?","R","E","M","T","E","R","E","R","M","R","B",null,"M","?","M","M","$","R","?","E","T","?","M","R","M","M","R","B"],"character_chosen":"THE_SILENT","items_purchased":["Crippling Poison","SteroidPotion"],"campfire_rested":3,"item_purchase_floors":[22,22],"current_hp_per_floor":[57,52,52,41,41,41,34,30,30,20,20,12,12,12,31,11,52,46,46,31,16,16,35,35,38,38,17,6,6,12,14,27,0,0],"gold":297,"neow_bonus":"ONE_RANDOM_RARE_CARD","is_daily":false,"chose_seed":false,"campfire_upgraded":4,"win_rate":0.0,"timestamp":1608080432,"path_taken":["M","M","M","?","?","R","E","M","T","E","R","E","R","M","R","BOSS","M","?","?","M","$","R","?","E","T","?","M","R","M","M","R","BOSS"],"items_purchased_type":["Card","Potion"],"build_version":"2020-12-13","purchased_purges":1,"victory":false,"max_hp_per_floor":[66,66,66,66,66,66,66,66,66,66,66,66,66,66,66,66,66,66,66,66,66,66,66,46,46,46,46,46,46,46,46,46,46,46],"card_choices":[{"not_picked":["Outmaneuver","Flechettes"],"picked":"Sucker Punch","floor":1.0},{"not_picked":["Slice","Acrobatics"],"picked":"Dodge and Roll","floor":2.0},{"not_picked":["Tactician","Sucker Punch"],"picked":"Poisoned Stab","floor":3.0},{"not_picked":["Night Terror","Dodge and Roll","Sucker Punch"],"picked":"SKIP","floor":7.0},{"not_picked":["Tactician","Deadly Poison"],"picked":"Terror","floor":8.0},{"not_picked":["Burst","Endless Agony"],"picked":"Noxious Fumes","floor":10.0},{"not_picked":["Deflect","Infinite Blades"],"picked":"Adrenaline","floor":12},{"not_picked":["Riddle With Holes","Bane"],"picked":"PiercingWail","floor":14},{"not_picked":["Deflect","Sucker Punch"],"picked":"Catalyst","floor":14},{"not_picked":["Wraith Form v2","Doppelganger"],"picked":"Glass Knife","floor":16},{"not_picked":["Backflip","Sucker Punch"],"picked":"Well Laid Plans","floor":18},{"not_picked":["Outmaneuver","Sucker Punch","Dagger Throw"],"picked":"SKIP","floor":18},{"not_picked":["Endless Agony","Choke"],"picked":"Phantasmal Killer","floor":20},{"not_picked":["Outmaneuver","Cloak And Dagger","Dagger Spray"],"picked":"SKIP","floor":20},{"not_picked":["Noxious Fumes","Backflip","Slice"],"picked":"SKIP","floor":21},{"not_picked":["Outmaneuver","Poisoned Stab","Deflect"],"picked":"SKIP","floor":21},{"not_picked":["Heel Hook","Poisoned Stab"],"picked":"Phantasmal Killer","floor":25},{"not_picked":["Outmaneuver","Blade Dance","PiercingWail"],"picked":"SKIP","floor":28},{"not_picked":["Crippling Poison","Dagger Throw","Deadly Poison"],"picked":"SKIP","floor":28},{"not_picked":["Terror","Acrobatics"],"picked":"Skewer+1","floor":30},{"not_picked":["Expertise","Backflip","Predator"],"picked":"SKIP","floor":30},{"not_picked":["Leg Sweep","Calculated Gamble"],"picked":"Glass Knife","floor":31},{"not_picked":["Accuracy","Deflect","Backflip"],"picked":"SKIP","floor":31}],"player_experience":467820,"relics_obtained":[{"floor":7.0,"key":"Orichalcum"},{"floor":9.0,"key":"Happy Flower"},{"floor":10.0,"key":"Prayer Wheel"},{"floor":12,"key":"Bag of Marbles"},{"floor":25,"key":"Bottled Tornado"},{"floor":26,"key":"Tiny Chest"},{"floor":27,"key":"Nilry\u0027s Codex"}],"event_choices":[{"damage_healed":0.0,"max_hp_gain":0.0,"max_hp_loss":0.0,"gold_gain":0.0,"event_name":"Scrap Ooze","player_choice":"Success","floor":4.0,"gold_loss":0.0,"damage_taken":11.0,"relics_obtained":["Pen Nib"]},{"damage_healed":0.0,"max_hp_gain":0.0,"max_hp_loss":0.0,"gold_gain":0.0,"event_name":"World of Goop","player_choice":"Left Gold","floor":5.0,"gold_loss":68.0,"damage_taken":0.0},{"damage_healed":0,"gold_gain":0,"player_choice":"Cursed","damage_taken":0,"max_hp_gain":0,"max_hp_loss":0,"event_name":"Wheel of Change","floor":19,"gold_loss":0,"cards_obtained":["Decay"]},{"damage_healed":0,"gold_gain":0,"player_choice":"Became a vampire","damage_taken":0,"max_hp_gain":0,"max_hp_loss":20,"event_name":"Vampires","floor":24,"gold_loss":0,"cards_obtained":["Bite","Bite","Bite","Bite","Bite"]},{"damage_healed":0,"gold_gain":0,"player_choice":"Obtained Book","damage_taken":21,"max_hp_gain":0,"max_hp_loss":0,"event_name":"Cursed Tome","floor":27,"gold_loss":0}],"is_beta":false,"boss_relics":[{"not_picked":["Pandora\u0027s Box","Runic Dome"],"picked":"SlaversCollar"}],"items_purged_floors":[22],"is_endless":false,"potions_floor_spawned":[1,7,8,20,25,28,30],"killed_by":"Collector","ascension_level":16}}