{"host":"dpbezu80jg8zk7un","time":1608158578,"event":{"mods":["BaseMod","Colored Map","Colored Powertips","Custom Start","DeckTracker","Minty Spire (QoL Compilation)","Quick Restart","StSLib","SuperFastMode"],"gold_per_floor":[17,29,29,43,61,61,136,166,166,199,124,136,61,79,79,79,79],"floor_reached":16,"playtime":573,"items_purged":["Strike_P"],"score":224,"play_id":"67c621d8-418b-4d02-8043-1141f30daa8f","local_time":"20201217074258","is_ascension_mode":true,"campfire_choices":[{"data":"Thinking Ahead","floor":6.0,"key":"SMITH"},{"data":"SandsOfTime","floor":15,"key":"SMITH"}],"circlet_count":0,"master_deck":["AscendersBane","Strike_P","Strike_P","Strike_P","Defend_P","Defend_P","Defend_P","Eruption+1","Vigilance","Thinking Ahead+1","FlurryOfBlows","FlurryOfBlows","Adaptation","SandsOfTime+1","Adaptation"],"relics":["PureWater","Damaru","Shuriken","InkBottle"],"acts_visited":["Exordium"],"potions_floor_usage":[16,16],"damage_taken":[{"damage":0.0,"enemies":"Jaw Worm","floor":1.0,"turns":3.0},{"damage":0.0,"enemies":"Cultist","floor":2.0,"turns":2.0},{"damage":6.0,"enemies":"2 Louse","floor":4.0,"turns":3.0},{"damage":0.0,"enemies":"2 Fungi Beasts","floor":5.0,"turns":4.0},{"damage":32.0,"enemies":"3 Sentries","floor":8.0,"turns":11.0},{"damage":2.0,"enemies":"Lagavulin","floor":10.0,"turns":5.0},{"damage":6,"enemies":"Blue Slaver","floor":12,"turns":4},{"damage":0,"enemies":"Looter","floor":14,"turns":1},{"damage":19,"enemies":"The Guardian","floor":16,"turns":8}],"seed_played":"777678689996591759","potions_obtained":[{"floor":4.0,"key":"Energy Potion"},{"floor":5.0,"key":"Regen Potion"},{"floor":8.0,"key":"Swift Potion"},{"floor":14,"key":"Strength Potion"}],"is_trial":false,"path_per_floor":["M","M","?","M","M","R","?","E","T","E","?","M","$","M","R","B"],"character_chosen":"WATCHER","items_purchased":[],"campfire_rested":0,"item_purchase_floors":[],"current_hp_per_floor":[61,61,61,55,55,55,44,27,27,25,25,19,19,19,19,0,0],"gold":79,"neow_bonus":"RANDOM_COLORLESS_2","is_daily":false,"chose_seed":false,"campfire_upgraded":2,"win_rate":0.0,"timestamp":1608158578,"path_taken":["M","M","?","M","?","R","?","E","T","E","?","M","$","M","R","BOSS"],"items_purchased_type":[],"build_version":"2020-12-13","purchased_purges":1,"victory":false,"max_hp_per_floor":[68,68,68,68,68,68,68,68,68,68,68,68,68,68,68,68,68],"card_choices":[{"not_picked":["Magnetism","Secret Technique"],"picked":"Thinking Ahead","floor":0.0},{"not_picked":["EmptyMind","Study"],"picked":"FlurryOfBlows","floor":1.0},{"not_picked":["Wallop","FollowUp"],"picked":"FlurryOfBlows","floor":2.0},{"not_picked":["FlurryOfBlows","Halt","Protect"],"picked":"SKIP","floor":4.0},{"not_picked":["ClearTheMind","FlurryOfBlows","JustLucky"],"picked":"SKIP","floor":5.0},{"not_picked":["DeusExMachina","TalkToTheHand"],"picked":"Adaptation","floor":8.0},{"not_picked":["CarveReality","Study","EmptyMind"],"picked":"SKIP","floor":10.0},{"not_picked":["Consecrate","SashWhip"],"picked":"SandsOfTime","floor":12},{"not_picked":["Pray","FlyingSleeves"],"picked":"Adaptation","floor":14}],"player_experience":2756666,"relics_obtained":[{"floor":8.0,"key":"Damaru"},{"floor":9.0,"key":"Shuriken"},{"floor":10.0,"key":"InkBottle"}],"event_choices":[{"damage_healed":0.0,"max_hp_gain":0.0,"max_hp_loss":0.0,"gold_gain":0.0,"event_name":"Upgrade Shrine","player_choice":"Upgraded","floor":3.0,"gold_loss":0.0,"damage_taken":0.0,"cards_upgraded":["Eruption"]},{"damage_healed":0.0,"max_hp_gain":0.0,"max_hp_loss":0.0,"gold_gain":75.0,"event_name":"World of Goop","player_choice":"Gather Gold","floor":7.0,"gold_loss":0.0,"damage_taken":11.0},{"cards_removed":["Defend_P"],"damage_healed":0.0,"max_hp_gain":0.0,"max_hp_loss":0.0,"gold_gain":0.0,"event_name":"The Cleric","player_choice":"Card Removal","floor":11.0,"gold_loss":75.0,"damage_taken":0.0}],"is_beta":false,"boss_relics":[],"items_purged_floors":[13],"is_endless":false,"potions_floor_spawned":[4,5,8,14],"killed_by":"The Guardian","ascension_level":20}}