{"host":"2n2g1vowfllvjtvi","time":1608133237,"event":{"mods":["AchievementEnabler","BaseMod","Custom Start","GifTheSpireLib","Keyboard Shortcuts","Minty Spire (QoL Compilation)","Quick Restart","Rare Cards Sparkle","StSLib","SuperFastMode"],"gold_per_floor":[109,109,109,59,73,104,114,142,142,142,152,77,90,90,90,90,90],"floor_reached":16,"playtime":282,"items_purged":["Strike_G"],"score":230,"play_id":"344fc072-774d-436f-814b-0792f982696d","local_time":"20201217004037","is_ascension_mode":true,"campfire_choices":[{"data":"Crippling Poison","floor":10,"key":"SMITH"},{"data":"Neutralize","floor":15,"key":"SMITH"}],"circlet_count":0,"master_deck":["AscendersBane","Strike_G","Strike_G","Strike_G+1","Defend_G","Defend_G","Defend_G","Defend_G","Defend_G+1","Survivor","Neutralize+1","Crippling Poison+1","Dagger Throw","Tactician","Eviscerate"],"relics":["Ring of the Snake","NeowsBlessing","Tiny Chest","Eternal Feather","Ancient Tea Set","Shuriken","Frozen Egg 2"],"acts_visited":["Exordium"],"potions_floor_usage":[8,8],"damage_taken":[{"damage":0,"enemies":"Small Slimes","floor":1,"turns":1},{"damage":0,"enemies":"Jaw Worm","floor":5,"turns":1},{"damage":0,"enemies":"Gremlin Nob","floor":6,"turns":1},{"damage":0,"enemies":"2 Louse","floor":7,"turns":2},{"damage":21,"enemies":"3 Sentries","floor":8,"turns":8},{"damage":0,"enemies":"Red Slaver","floor":11,"turns":2},{"damage":6,"enemies":"2 Fungi Beasts","floor":13,"turns":4},{"damage":23,"enemies":"Slime Boss","floor":16,"turns":8}],"seed_played":"3186816573544943572","potions_obtained":[{"floor":1,"key":"Poison Potion"},{"floor":5,"key":"PowerPotion"}],"is_trial":false,"path_per_floor":["M","?","?","?","M","E","M","E","T","R","M","$","M","T","R","B"],"character_chosen":"THE_SILENT","items_purchased":[],"campfire_rested":0,"item_purchase_floors":[],"current_hp_per_floor":[59,47,34,34,34,34,34,13,13,22,22,22,16,16,25,2,2],"gold":90,"neow_bonus":"THREE_ENEMY_KILL","is_daily":false,"chose_seed":false,"campfire_upgraded":2,"win_rate":0.0,"timestamp":1608133237,"path_taken":["M","?","?","?","M","E","M","E","T","R","M","$","M","?","R","BOSS"],"items_purchased_type":[],"build_version":"2020-12-13","purchased_purges":1,"victory":false,"max_hp_per_floor":[66,66,66,66,66,66,66,66,66,66,66,66,66,66,66,66,66],"card_choices":[{"not_picked":["Flechettes","Predator"],"picked":"Crippling Poison","floor":1},{"not_picked":["Well Laid Plans","Terror"],"picked":"Dagger Throw","floor":5},{"not_picked":["Distraction","Prepared"],"picked":"Tactician","floor":6},{"not_picked":["Quick Slash","Expertise"],"picked":"Eviscerate","floor":7},{"not_picked":["Deadly Poison","Flying Knee","Flechettes"],"picked":"SKIP","floor":8},{"not_picked":["Dagger Throw","Flying Knee","Leg Sweep"],"picked":"SKIP","floor":11},{"not_picked":["Riddle With Holes","Caltrops","Accuracy"],"picked":"SKIP","floor":13}],"player_experience":425248,"relics_obtained":[{"floor":6,"key":"Eternal Feather"},{"floor":8,"key":"Ancient Tea Set"},{"floor":9,"key":"Shuriken"},{"floor":14,"key":"Frozen Egg 2"}],"event_choices":[{"damage_healed":0,"gold_gain":0,"player_choice":"Success","damage_taken":12,"relics_obtained":["Tiny Chest"],"max_hp_gain":0,"max_hp_loss":0,"event_name":"Scrap Ooze","floor":2,"gold_loss":0},{"damage_healed":0,"gold_gain":0,"player_choice":"Entered Light","damage_taken":13,"max_hp_gain":0,"max_hp_loss":0,"event_name":"Shining Light","floor":3,"gold_loss":0,"cards_upgraded":["Defend_G","Strike_G"]},{"cards_removed":["Strike_G"],"damage_healed":0,"gold_gain":0,"player_choice":"Card Removal","damage_taken":0,"max_hp_gain":0,"max_hp_loss":0,"event_name":"The Cleric","floor":4,"gold_loss":50}],"is_beta":false,"boss_relics":[],"items_purged_floors":[12],"is_endless":false,"potions_floor_spawned":[1,5,6],"killed_by":"Slime Boss","ascension_level":14}}