{"host":"tvytvmghe8inzt9c","time":1608076987,"event":{"mods":["AchievementEnabler","BaseMod","Better Third Choice","BetterRewards","Colored Map","Colored Powertips","Custom Start","DeckTracker","Downfall","Energized Spire","Hubris","Marisa????????","Minty Spire (QoL Compilation)","Quick Restart","StSLib","TheBandit"],"gold_per_floor":[160,174,233,233,250,275,275,1,46,46,73,73,111,135,135,243,243,271,341,363,363,388,426,462,488,539,539,539,539,539],"floor_reached":28,"playtime":1460,"items_purged":[],"score":496,"play_id":"5db1e7d1-663a-4b6f-88d0-5394f30f1d75","local_time":"20201215190307","is_ascension_mode":false,"campfire_choices":[{"data":"wariomod:RacingSpeed","floor":7,"key":"SMITH"},{"data":"wariomod:Hopshield","floor":10,"key":"SMITH"},{"data":"wariomod:MassiveParty","floor":12,"key":"SMITH"},{"data":"wariomod:WhirlwindBurst","floor":15,"key":"SMITH"},{"data":"wariomod:MassiveParty","floor":27,"key":"SMITH"}],"circlet_count":0,"master_deck":["wariomod:WhirlwindBurst+1","wariomod:CursedSpaces","wariomod:WhirlwindBurst","wariomod:DeepDig+1","wariomod:Bomblaster","wariomod:DiceyMove","wariomod:SpacialMastery","wariomod:SilenceBombs","wariomod:TempestBlasts","wariomod:GreaterGuard","wariomod:EnergizedBombs","wariomod:EnergizedBombs","wariomod:AbandonGame","wariomod:RacingSpeed+1","wariomod:RacingSpeed","wariomod:MassiveParty+1","wariomod:MassiveParty+1","wariomod:BoomAndDoom","wariomod:BoomAndDoom","wariomod:SpacialMastery","wariomod:DiceyMove","wariomod:WhirlwindBurst","wariomod:CursedSpaces","wariomod:Bomblaster","wariomod:DeepDig","wariomod:Purify","wariomod:TheGrandJourney","wariomod:Bombshield","wariomod:BoomBoom","wariomod:DisarmingMoves","wariomod:Hopshield","wariomod:SimpleShield","wariomod:Hopshield+1","wariomod:SimpleShield","wariomod:BodyBlock","wariomod:ChargeForth","wariomod:Step","wariomod:ShipSmash","wariomod:BumRush","wariomod:DoubleDip","wariomod:EndlessBlast","wariomod:f","wariomod:HappyHit","wariomod:Strike","wariomod:Strike","wariomod:Defend","wariomod:Defend","wariomod:Defend","wariomod:Defend","wariomod:ChargeForth","wariomod:ChargeForth","wariomod:BodyBlock","wariomod:BodyBlock","wariomod:ImFeelingLucky","wariomod:ImFeelingLucky+1","wariomod:SpikeSlash","wariomod:SpikeSlash","wariomod:BlastDash","wariomod:BlastDash","wariomod:ThatsNotAll","wariomod:DanceDash","wariomod:DanceDash","wariomod:Boomsmack","wariomod:Boomsmack","wariomod:Leapslam","wariomod:Leapslam","wariomod:Game","wariomod:Game","wariomod:Leap","wariomod:Leap","wariomod:Strike","wariomod:Strike","wariomod:Strike","wariomod:SpikeSlash","wariomod:SimpleShield","wariomod:Bombshield","wariomod:SimpleShield","wariomod:DoubleDash","wariomod:HappyHop","wariomod:DanceDash","wariomod:DanceDash+1","wariomod:WipeClean","wariomod:DisarmingMoves","wariomod:Bomblaster+1","wariomod:ImFeelingLucky+1","wariomod:DeepDig+1","wariomod:HappyHop+1"],"relics":["wariomod:TheHat","hubris:64BitClover","AmplifyWand","wariomod:GlassHat","wariomod:PropellerHat","wariomod:SmileyHat","wariomod:TheHat","wariomod:SuperHat","wariomod:SunglassHat","Letter Opener","Kunai","Lantern","Magic Flower","Mango","Ninja Scroll","Membership Card","Meat on the Bone","MealTicket","ShroomBag","WristBlade","HornCleat","Happy Flower","Burning Blood","Sozu","hubris:IronBody","Dream Catcher","hubris:FunFungus","hubris:GlazedTorus","Nunchaku","Shuriken","Tiny Chest","Tiny House","Smiling Mask","PreservedInsect","ClockworkSouvenir","Pantograph","CeramicFish","CaptainsWheel","wariomod:PropellerHat","Matryoshka","hubris:SlimyHat","Toxic Egg 2","Red Mask","Potion Belt","Art of War","Centennial Puzzle","Whetstone"],"acts_visited":["Exordium","TheCity"],"potions_floor_usage":[],"damage_taken":[{"damage":0,"enemies":"2 Louse","floor":1,"turns":1},{"damage":0,"enemies":"Jaw Worm","floor":2,"turns":1},{"damage":0,"enemies":"Small Slimes","floor":5,"turns":2},{"damage":0,"enemies":"Lagavulin","floor":6,"turns":3},{"damage":0,"enemies":"2 Fungi Beasts","floor":11,"turns":1},{"damage":0,"enemies":"3 Sentries","floor":13,"turns":3},{"damage":4,"enemies":"Exordium Wildlife","floor":14,"turns":3},{"damage":14,"enemies":"Hexaghost","floor":16,"turns":8},{"damage":6,"enemies":"2 Thieves","floor":18,"turns":2},{"damage":0,"enemies":"Spheric Guardian","floor":20,"turns":1},{"damage":8,"enemies":"Cultist and Chosen","floor":22,"turns":4},{"damage":0,"enemies":"Masked Bandits","floor":23,"turns":1},{"damage":0,"enemies":"Book of Stabbing","floor":24,"turns":3},{"damage":0,"enemies":"Snecko","floor":28,"turns":3}],"seed_played":"1759239619084082368","potions_obtained":[],"is_trial":true,"path_per_floor":["M","M","?","?","M","E","R","$","T","R","M","R","E","M","R","B",null,"M","T","M","?","M","?","E","T","T","R","M"],"character_chosen":"THE_BANDIT","items_purchased":["PreservedInsect","ClockworkSouvenir","Pantograph"],"campfire_rested":0,"item_purchase_floors":[8,8,8],"current_hp_per_floor":[99,99,99,104,104,104,104,104,104,104,104,104,104,104,104,99,104,104,104,104,98,98,98,98,98,98,98,0,0,0],"gold":539,"neow_bonus":"","is_daily":false,"chose_seed":false,"campfire_upgraded":5,"win_rate":0.0,"timestamp":1608076987,"path_taken":["M","M","?","?","M","E","R","?","T","R","M","R","E","M","R","BOSS","M","?","M","?","?","?","E","?","T","R","?"],"items_purchased_type":["Relic","Relic","Relic"],"build_version":"2020-12-13","purchased_purges":0,"victory":false,"max_hp_per_floor":[99,99,99,104,104,104,104,104,104,104,104,104,104,104,104,104,104,104,104,104,98,98,98,98,98,98,98,98,98,98],"card_choices":[{"not_picked":["wariomod:Leapslam","wariomod:NullJump"],"picked":"wariomod:SpikeSlash","floor":0},{"not_picked":["wariomod:SpikeSlash","wariomod:BlastDash"],"picked":"wariomod:SimpleShield","floor":1},{"not_picked":["wariomod:BigUpgrade","wariomod:Leapslam"],"picked":"wariomod:Bombshield","floor":2},{"not_picked":["wariomod:BoomBoom","wariomod:TrekTime"],"picked":"wariomod:SimpleShield","floor":5},{"not_picked":["wariomod:Bombshield","wariomod:ForbiddenMagic"],"picked":"wariomod:DoubleDash","floor":6},{"not_picked":["wariomod:ChargeForth","wariomod:CursedSpaces"],"picked":"wariomod:HappyHop","floor":11},{"not_picked":["wariomod:BlastDash","wariomod:Bomblaster"],"picked":"wariomod:DanceDash","floor":13},{"not_picked":["wariomod:BigUpgrade","wariomod:SpikeSlash"],"picked":"wariomod:DanceDash","floor":14},{"not_picked":["wariomod:VeryLongJump","wariomod:FabulousPrizes"],"picked":"wariomod:WipeClean","floor":16},{"not_picked":["wariomod:Goblast+1","wariomod:SpaceSwap"],"picked":"wariomod:DisarmingMoves","floor":18},{"not_picked":["wariomod:Leapslam","wariomod:SpikeSlash+1"],"picked":"wariomod:Bomblaster+1","floor":20},{"not_picked":["wariomod:ChargeForth+1","wariomod:RacingSpeed"],"picked":"wariomod:ImFeelingLucky+1","floor":22},{"not_picked":["wariomod:TempestBlasts","wariomod:DanceDash"],"picked":"wariomod:DeepDig+1","floor":23},{"not_picked":["wariomod:ImFeelingLucky","wariomod:TempestBlasts"],"picked":"wariomod:HappyHop+1","floor":24}],"player_experience":50873,"relics_obtained":[{"floor":6,"key":"Smiling Mask"},{"floor":9,"key":"CeramicFish"},{"floor":13,"key":"CaptainsWheel"},{"floor":18,"key":"Matryoshka"},{"floor":19,"key":"hubris:SlimyHat"},{"floor":19,"key":"Toxic Egg 2"},{"floor":23,"key":"Red Mask"},{"floor":24,"key":"Potion Belt"},{"floor":25,"key":"Art of War"},{"floor":25,"key":"Centennial Puzzle"},{"floor":26,"key":"Whetstone"}],"event_choices":[{"damage_healed":0,"gold_gain":59,"player_choice":"Gained Gold","damage_taken":0,"max_hp_gain":0,"max_hp_loss":0,"event_name":"Golden Wing","floor":3,"gold_loss":0},{"damage_healed":0,"gold_gain":0,"player_choice":"Donut","damage_taken":0,"max_hp_gain":5,"max_hp_loss":0,"event_name":"Big Fish","floor":4,"gold_loss":0},{"cards_removed":["Parasite","Parasite"],"damage_healed":0,"gold_gain":0,"player_choice":"Removed Curses","damage_taken":0,"max_hp_gain":0,"max_hp_loss":0,"event_name":"Fountain of Cleansing","floor":21,"gold_loss":0},{"damage_healed":0,"gold_gain":0,"player_choice":"Fought Bandits","damage_taken":0,"max_hp_gain":0,"max_hp_loss":0,"event_name":"Masked Bandits","floor":23,"gold_loss":0}],"is_beta":false,"boss_relics":[{"not_picked":["energizedSpire:EnergizedDie","Calling Bell"],"picked":"wariomod:PropellerHat"}],"items_purged_floors":[],"is_endless":true,"potions_floor_spawned":[5,6,13,16,22,24],"killed_by":"Snecko","ascension_level":0}}