{"host":"0vlubjftylzdr3ny","time":1608144369,"event":{"mods":["Always Whale","BaseMod","GifTheSpireLib","Minty Spire (QoL Compilation)","Relic Filter","StSLib","Stuff the Spire"],"gold_per_floor":[113,125,141,141,141,141,151,151,174,207,207,222,222,253,253,253,253],"floor_reached":16,"playtime":656,"items_purged":[],"score":220,"play_id":"e7d5694c-8847-4451-9fa3-d933810f6fcc","local_time":"20201216194609","is_ascension_mode":true,"campfire_choices":[{"data":"Ghostly Armor","floor":6,"key":"SMITH"},{"data":"Demon Form","floor":8,"key":"SMITH"},{"data":"Sword Boomerang","floor":13,"key":"SMITH"},{"data":"Shrug It Off","floor":15,"key":"SMITH"}],"circlet_count":0,"master_deck":["AscendersBane","Strike_R","Strike_R","Strike_R","Defend_R","Defend_R","Defend_R","Defend_R","Bash","Demon Form+1","Twin Strike","Ghostly Armor+1","Reckless Charge","Shrug It Off+1","Sword Boomerang+1"],"relics":["Burning Blood","Bag of Preparation","Matryoshka","Pen Nib"],"acts_visited":["Exordium"],"potions_floor_usage":[7,10,12,12,16],"damage_taken":[{"damage":8,"enemies":"Small Slimes","floor":1,"turns":6},{"damage":7,"enemies":"Cultist","floor":2,"turns":4},{"damage":9,"enemies":"Jaw Worm","floor":3,"turns":4},{"damage":1,"enemies":"Looter","floor":7,"turns":4},{"damage":20,"enemies":"Gremlin Nob","floor":10,"turns":4},{"damage":10,"enemies":"Gremlin Gang","floor":12,"turns":7},{"damage":10,"enemies":"Lagavulin","floor":14,"turns":5},{"damage":33,"enemies":"Slime Boss","floor":16,"turns":7}],"seed_played":"5887369739772895562","potions_obtained":[{"floor":2,"key":"BlessingOfTheForge"},{"floor":7,"key":"Block Potion"},{"floor":11,"key":"Fruit Juice"},{"floor":11,"key":"GamblersBrew"},{"floor":14,"key":"ColorlessPotion"}],"is_trial":false,"path_per_floor":["M","M","M","?","?","R","M","R","T","E","?","M","R","E","R","B"],"character_chosen":"IRONCLAD","items_purchased":[],"campfire_rested":0,"item_purchase_floors":[],"current_hp_per_floor":[48,47,44,44,44,44,49,49,49,35,35,36,36,32,32,0,0],"gold":253,"neow_bonus":"TRANSFORM_TWO_CARDS","is_daily":false,"chose_seed":false,"campfire_upgraded":4,"win_rate":0.0,"timestamp":1608144369,"path_taken":["M","M","M","?","?","R","M","R","T","E","?","?","R","E","R","BOSS"],"items_purchased_type":[],"build_version":"2020-12-13","purchased_purges":0,"victory":false,"max_hp_per_floor":[75,75,75,75,75,75,75,75,75,75,75,80,80,80,80,80,80],"card_choices":[{"not_picked":["Heavy Blade","Metallicize"],"picked":"Twin Strike","floor":1},{"not_picked":["Thunderclap","Clothesline"],"picked":"Ghostly Armor","floor":2},{"not_picked":["Power Through","Havoc","Warcry"],"picked":"SKIP","floor":3},{"not_picked":["Havoc","Rupture"],"picked":"Reckless Charge","floor":7},{"not_picked":["Reckless Charge","Clash"],"picked":"Shrug It Off","floor":10},{"not_picked":["Wild Strike","Havoc"],"picked":"Sword Boomerang","floor":12},{"not_picked":["Feel No Pain","Exhume","Armaments"],"picked":"SKIP","floor":14}],"player_experience":795603,"relics_obtained":[{"floor":9,"key":"Bag of Preparation"},{"floor":10,"key":"Matryoshka"},{"floor":14,"key":"Pen Nib"}],"event_choices":[{"cards_removed":["Shockwave"],"damage_healed":0,"gold_gain":0,"player_choice":"Forget","damage_taken":0,"max_hp_gain":0,"max_hp_loss":0,"event_name":"Living Wall","floor":4,"gold_loss":0},{"damage_healed":0,"gold_gain":0,"player_choice":"Ignored","damage_taken":0,"max_hp_gain":0,"max_hp_loss":0,"event_name":"Liars Game","floor":5,"gold_loss":0},{"damage_healed":0,"gold_gain":0,"player_choice":"Got Potions","damage_taken":0,"max_hp_gain":0,"max_hp_loss":0,"event_name":"Lab","floor":11,"gold_loss":0}],"is_beta":false,"boss_relics":[],"items_purged_floors":[],"is_endless":false,"potions_floor_spawned":[2,7,14],"killed_by":"Slime Boss","ascension_level":20}}