{"host":"zjpedncu52gty2eg","time":1608105361,"event":{"mods":["AchievementEnabler","BaseMod","Colored Powertips","Minty Spire (QoL Compilation)","Quick Restart","StSLib"],"gold_per_floor":[115,115,115,135,57,57,92,92,118,150,100,178,211,222,222,324,324,336,28,44,44,62,62,62,62,141,141,156,156,171,181,181,280,280,300,311,311,331,113,147,147,147,172,172,218,230,256,0,12,24],"floor_reached":51,"playtime":1999,"items_purged":["Defend_R"],"score":908,"play_id":"3311f993-4106-4ec3-9706-3fe527819510","local_time":"20201216005601","is_ascension_mode":true,"campfire_choices":[{"data":"Blood for Blood","floor":6,"key":"SMITH"},{"data":"Demon Form","floor":8,"key":"SMITH"},{"floor":15,"key":"REST"},{"floor":23,"key":"DIG"},{"floor":25,"key":"DIG"},{"floor":27,"key":"DIG"},{"floor":32,"key":"REST"},{"data":"Brutality","floor":41,"key":"SMITH"},{"floor":44,"key":"DIG"},{"floor":46,"key":"DIG"},{"floor":49,"key":"DIG"}],"circlet_count":0,"master_deck":["Strike_R","Strike_R","Strike_R+1","Strike_R","Strike_R","Defend_R+1","Defend_R","Bash","Blood for Blood+1","Rampage","Demon Form+1","Hemokinesis","Dual Wield+1","Brutality+1","Intimidate+1","Cleave","Pommel Strike+1","Good Instincts+1","Inflame+1","Bash","Reaper","Forethought+1","Bloodletting+1","Combust+1"],"relics":["Black Blood","Orichalcum","Bag of Marbles","Ice Cream","Toxic Egg 2","Torii","Shovel","Enchiridion","PreservedInsect","Sundial","Frozen Egg 2","Letter Opener","Busted Crown","WingedGreaves","Smiling Mask","Toy Ornithopter","MawBank","Eternal Feather","Red Mask","Pen Nib"],"acts_visited":["Exordium","TheCity","TheBeyond"],"potions_floor_usage":[31,33,33,40,50,50],"damage_taken":[{"damage":5,"enemies":"Small Slimes","floor":1,"turns":3},{"damage":3,"enemies":"2 Louse","floor":4,"turns":2},{"damage":20,"enemies":"3 Sentries","floor":7,"turns":7},{"damage":24,"enemies":"Lagavulin","floor":10,"turns":5},{"damage":10,"enemies":"Gremlin Nob","floor":13,"turns":3},{"damage":2,"enemies":"Cultist","floor":14,"turns":1},{"damage":8,"enemies":"Slime Boss","floor":16,"turns":7},{"damage":19,"enemies":"Spheric Guardian","floor":18,"turns":4},{"damage":15,"enemies":"3 Byrds","floor":20,"turns":4},{"damage":19,"enemies":"Snecko","floor":22,"turns":4},{"damage":31,"enemies":"Snake Plant","floor":28,"turns":4},{"damage":9,"enemies":"3 Cultists","floor":30,"turns":4},{"damage":22,"enemies":"Snecko","floor":31,"turns":4},{"damage":21,"enemies":"Automaton","floor":33,"turns":5},{"damage":25,"enemies":"3 Darklings","floor":35,"turns":4},{"damage":18,"enemies":"3 Shapes","floor":36,"turns":3},{"damage":32,"enemies":"Transient","floor":38,"turns":5},{"damage":33,"enemies":"Reptomancer","floor":40,"turns":4},{"damage":36,"enemies":"Sphere and 2 Shapes","floor":47,"turns":4},{"damage":83,"enemies":"Awakened One","floor":50,"turns":6}],"seed_played":"5601882673976641078","potions_obtained":[{"floor":1,"key":"Dexterity Potion"},{"floor":10,"key":"Dexterity Potion"},{"floor":14,"key":"DistilledChaos"},{"floor":20,"key":"SkillPotion"},{"floor":31,"key":"Weak Potion"},{"floor":33,"key":"SpeedPotion"},{"floor":40,"key":"Fruit Juice"},{"floor":47,"key":"SneckoOil"}],"is_trial":false,"path_per_floor":["M","?","?","M","$","R","E","R","T","E","?","T","E","M","R","B",null,"M","$","M","?","M","R","?","R","T","R","M","?","M","M","R","B",null,"M","M","?","M","$","E","R","?","T","R","T","R","M","?","R","B",null],"character_chosen":"IRONCLAD","items_purchased":["Rampage","Shovel","Bloodletting+1","Combust+1"],"campfire_rested":2,"item_purchase_floors":[5,19,39,39],"current_hp_per_floor":[88,70,75,78,78,78,64,64,64,46,46,46,42,46,73,71,93,86,86,83,67,60,60,42,42,42,42,23,23,26,16,45,36,98,98,92,87,73,73,57,57,57,57,57,57,57,48,48,60,44],"gold":36,"neow_bonus":"TEN_PERCENT_HP_BONUS","is_daily":false,"chose_seed":false,"campfire_upgraded":3,"win_rate":0.0,"timestamp":1608105361,"path_taken":["M","?","?","M","$","R","E","R","T","E","?","?","E","?","R","BOSS","M","$","M","?","M","R","?","R","T","R","M","?","M","M","R","BOSS","M","?","?","M","$","E","R","?","T","R","?","R","?","?","R","BOSS"],"items_purchased_type":["Card","Relic","Card","Card"],"build_version":"2020-12-13","purchased_purges":1,"victory":true,"max_hp_per_floor":[88,88,93,93,93,93,93,93,93,93,93,93,93,93,93,93,93,93,93,93,93,93,93,98,98,98,98,98,98,98,98,98,98,98,98,98,98,98,98,103,103,103,103,103,103,103,103,103,103,103],"card_choices":[{"not_picked":["Rampage","Infernal Blade"],"picked":"Blood for Blood","floor":1},{"not_picked":["Sword Boomerang","Body Slam","Shrug It Off"],"picked":"SKIP","floor":4},{"not_picked":["Anger","Wild Strike"],"picked":"Demon Form","floor":7},{"not_picked":["Disarm","Thunderclap"],"picked":"Hemokinesis","floor":10},{"not_picked":["Thunderclap","Pummel"],"picked":"Dual Wield+1","floor":13},{"not_picked":["Thunderclap","Fiend Fire","Fire Breathing"],"picked":"SKIP","floor":14},{"not_picked":["Feed","Fiend Fire"],"picked":"Brutality","floor":16},{"not_picked":["Thunderclap","Entrench+1"],"picked":"Intimidate+1","floor":18},{"not_picked":["Armaments+1","Headbutt"],"picked":"Cleave","floor":20},{"not_picked":["Perfected Strike","Reckless Charge"],"picked":"Cleave","floor":22},{"not_picked":["Sentinel+1","Iron Wave"],"picked":"Pommel Strike+1","floor":28},{"not_picked":["Fire Breathing+1","Cleave","Dark Embrace+1"],"picked":"SKIP","floor":30},{"not_picked":["Pummel","Thunderclap+1","Twin Strike"],"picked":"SKIP","floor":31},{"not_picked":["Barricade+1","Berserk+1"],"picked":"Reaper","floor":33},{"not_picked":["Evolve+1"],"picked":"SKIP","floor":35},{"not_picked":["Ghostly Armor+1"],"picked":"SKIP","floor":36},{"not_picked":[],"picked":"Forethought+1","floor":37},{"not_picked":["Wild Strike+1"],"picked":"SKIP","floor":38},{"not_picked":["Havoc+1"],"picked":"SKIP","floor":40},{"not_picked":["Sword Boomerang"],"picked":"SKIP","floor":47}],"player_experience":157735,"relics_obtained":[{"floor":7,"key":"Orichalcum"},{"floor":9,"key":"Bag of Marbles"},{"floor":10,"key":"Ice Cream"},{"floor":12,"key":"Toxic Egg 2"},{"floor":13,"key":"Torii"},{"floor":21,"key":"Enchiridion"},{"floor":23,"key":"PreservedInsect"},{"floor":25,"key":"Sundial"},{"floor":26,"key":"Frozen Egg 2"},{"floor":27,"key":"Letter Opener"},{"floor":40,"key":"WingedGreaves"},{"floor":43,"key":"Smiling Mask"},{"floor":44,"key":"Toy Ornithopter"},{"floor":45,"key":"MawBank"},{"floor":46,"key":"Eternal Feather"},{"floor":49,"key":"Pen Nib"}],"event_choices":[{"damage_healed":0,"gold_gain":0,"player_choice":"Entered Light","damage_taken":18,"max_hp_gain":0,"max_hp_loss":0,"event_name":"Shining Light","floor":2,"gold_loss":0,"cards_upgraded":["Defend_R","Strike_R"]},{"damage_healed":0,"gold_gain":0,"player_choice":"Donut","damage_taken":0,"max_hp_gain":5,"max_hp_loss":0,"event_name":"Big Fish","floor":3,"gold_loss":0},{"cards_removed":["Defend_R"],"damage_healed":0,"gold_gain":0,"player_choice":"Card Removal","damage_taken":0,"max_hp_gain":0,"max_hp_loss":0,"event_name":"The Cleric","floor":11,"gold_loss":50},{"damage_healed":0,"gold_gain":0,"player_choice":"Obtained Book","damage_taken":16,"max_hp_gain":0,"max_hp_loss":0,"event_name":"Cursed Tome","floor":21,"gold_loss":0},{"damage_healed":0,"gold_gain":0,"player_choice":"Shed Blood","damage_taken":23,"max_hp_gain":5,"max_hp_loss":0,"event_name":"Forgotten Altar","floor":24,"gold_loss":0},{"damage_healed":0,"gold_gain":0,"player_choice":"3 cards matched","damage_taken":0,"max_hp_gain":0,"max_hp_loss":0,"event_name":"Match and Keep!","floor":29,"gold_loss":0,"cards_obtained":["Good Instincts","Inflame","Bash"]},{"damage_healed":0,"gold_gain":0,"player_choice":"Memory 2","damage_taken":5,"max_hp_gain":0,"max_hp_loss":0,"event_name":"SensoryStone","floor":37,"gold_loss":0},{"cards_removed":["Cleave"],"damage_healed":0,"gold_gain":0,"player_choice":"Removed Attack","damage_taken":0,"max_hp_gain":0,"max_hp_loss":0,"event_name":"Falling","floor":42,"gold_loss":0},{"damage_healed":0,"gold_gain":0,"player_choice":"Paid","damage_taken":0,"relics_obtained":["Red Mask"],"max_hp_gain":0,"max_hp_loss":0,"event_name":"Tomb of Lord Red Mask","floor":48,"gold_loss":268}],"is_beta":false,"boss_relics":[{"not_picked":["Runic Dome","Cursed Key"],"picked":"Black Blood"},{"not_picked":["Pandora\u0027s Box","Tiny House"],"picked":"Busted Crown"}],"items_purged_floors":[39],"is_endless":false,"potions_floor_spawned":[1,10,14,20,22,31,33,40,47],"ascension_level":2}}