{"host":"e0kes70z4atl8xdk","time":1608145686,"event":{"mods":["BaseMod","Colored Map","Colored Powertips","Minty Spire (QoL Compilation)","Rare Cards Sparkle","Relic Stats"],"gold_per_floor":[118,135,152,77,77,110,110,110,110,128,128,147,179,198,198,303,303,317,67,83,83,8,8,33,33,60,92,92,110,127,2,2,98,98,117,129,129,147,159,188,202,229,229,229,44,44,44,58,58,58],"floor_reached":51,"playtime":4165,"items_purged":["Strike_R","Strike_R","Strike_R"],"score":857,"play_id":"cf416605-1f9f-4b03-8aa2-d755f957a21e","local_time":"20201216200806","is_ascension_mode":false,"campfire_choices":[{"data":"Armaments","floor":7.0,"key":"SMITH"},{"data":"True Grit","floor":11.0,"key":"SMITH"},{"floor":15.0,"key":"REST"},{"data":"Bludgeon","floor":23.0,"key":"SMITH"},{"data":"Intimidate","floor":25.0,"key":"SMITH"},{"data":"Uppercut","floor":32,"key":"SMITH"},{"floor":44,"key":"RECALL"},{"data":"Juggernaut","floor":49,"key":"SMITH"}],"circlet_count":0,"master_deck":["Defend_R","Defend_R","Defend_R","Defend_R","Bash","Pommel Strike","Armaments+1","Bludgeon+1","True Grit+1","Intimidate+1","Corruption","Uppercut+1","Body Slam","Juggernaut+1","Shockwave+1","Entrench"],"relics":["Burning Blood","Unceasing Top","Singing Bowl","Ancient Tea Set","Blood Vial","Self Forming Clay","Snecko Eye","TheAbacus","Bird Faced Urn","Happy Flower","Red Skull","Coffee Dripper","Bottled Tornado","Darkstone Periapt","HandDrill"],"acts_visited":["Exordium","TheCity","TheBeyond"],"potions_floor_usage":[33,39,40,50,50],"damage_taken":[{"damage":0.0,"enemies":"2 Louse","floor":1.0,"turns":3.0},{"damage":5.0,"enemies":"Small Slimes","floor":2.0,"turns":3.0},{"damage":8.0,"enemies":"Jaw Worm","floor":3.0,"turns":4.0},{"damage":23.0,"enemies":"Lagavulin","floor":6.0,"turns":6.0},{"damage":7.0,"enemies":"3 Louse","floor":10.0,"turns":3.0},{"damage":1.0,"enemies":"Exordium Wildlife","floor":12.0,"turns":3.0},{"damage":8.0,"enemies":"Gremlin Nob","floor":13.0,"turns":4.0},{"damage":8.0,"enemies":"2 Fungi Beasts","floor":14.0,"turns":3.0},{"damage":50.0,"enemies":"Hexaghost","floor":16.0,"turns":7.0},{"damage":3.0,"enemies":"Shell Parasite","floor":18.0,"turns":4.0},{"damage":0.0,"enemies":"3 Byrds","floor":20.0,"turns":4.0},{"damage":0.0,"enemies":"Book of Stabbing","floor":24.0,"turns":5.0},{"damage":10.0,"enemies":"Slavers","floor":27.0,"turns":3.0},{"damage":12.0,"enemies":"Cultist and Chosen","floor":29.0,"turns":5.0},{"damage":0.0,"enemies":"3 Cultists","floor":30.0,"turns":5.0},{"damage":2,"enemies":"Champ","floor":33,"turns":9},{"damage":0,"enemies":"3 Shapes","floor":35,"turns":4},{"damage":0,"enemies":"3 Darklings","floor":36,"turns":5},{"damage":3,"enemies":"4 Shapes","floor":38,"turns":3},{"damage":0,"enemies":"Writhing Mass","floor":39,"turns":3},{"damage":2,"enemies":"Reptomancer","floor":40,"turns":4},{"damage":2,"enemies":"Jaw Worm Horde","floor":41,"turns":3},{"damage":10,"enemies":"Giant Head","floor":42,"turns":6},{"damage":6,"enemies":"3 Darklings","floor":48,"turns":4},{"damage":20,"enemies":"Awakened One","floor":50,"turns":8}],"seed_played":"1969877124562564940","potions_obtained":[{"floor":6.0,"key":"Energy Potion"},{"floor":10.0,"key":"Block Potion"},{"floor":12.0,"key":"SkillPotion"},{"floor":14.0,"key":"BlessingOfTheForge"},{"floor":18.0,"key":"DistilledChaos"},{"floor":27.0,"key":"ColorlessPotion"},{"floor":29.0,"key":"Regen Potion"},{"floor":35,"key":"DuplicationPotion"},{"floor":36,"key":"DistilledChaos"},{"floor":39,"key":"EssenceOfSteel"},{"floor":42,"key":"Strength Potion"},{"floor":48,"key":"Block Potion"}],"is_trial":false,"path_per_floor":["M","M","M","$","?","E","R","?","T","M","R","M","E","M","R","B",null,"M","$","M","?","?","R","E","R","T","E","?","M","M","$","R","B",null,"M","M","?","M","M","E","M","E","T","R","$","?","?","M","R","B",null],"character_chosen":"IRONCLAD","items_purchased":["TheAbacus","Entrench","HandDrill"],"campfire_rested":1,"item_purchase_floors":[19,45,45],"current_hp_per_floor":[62,63,61,61,61,46,46,43,43,44,44,53,55,55,80,38,86,88,88,90,90,90,90,92,92,92,92,92,92,96,96,96,96,96,98,100,100,102,104,104,106,104,104,104,104,103,105,107,107,93],"gold":58,"neow_bonus":"ONE_RARE_RELIC","is_daily":false,"chose_seed":false,"campfire_upgraded":6,"win_rate":0.0,"timestamp":1608145686,"path_taken":["M","M","M","$","?","E","R","?","T","M","R","M","E","M","R","BOSS","M","$","M","?","?","R","E","R","T","E","?","?","M","$","R","BOSS","M","M","?","?","M","E","?","E","T","R","$","?","?","M","R","BOSS"],"items_purchased_type":["Relic","Card","Relic"],"build_version":"2020-12-13","purchased_purges":3,"victory":true,"max_hp_per_floor":[80,80,80,80,80,82,82,82,82,82,82,84,86,86,86,86,86,88,88,90,90,90,90,92,92,92,94,94,96,96,96,96,96,96,98,100,100,102,104,104,106,108,108,108,108,103,105,107,107,107],"relic_stats":{"Darkstone Periapt":0,"Singing Bowl":32,"Happy Flower":[20],"counters":[25,111],"Self Forming Clay":[69],"Burning Blood":89,"Blood Vial":14,"TheAbacus":[582],"Bird Faced Urn":[13],"Snecko Eye":[117,112,130,146],"HandDrill":[4],"obtain_stats":[{"Darkstone Periapt":43,"Singing Bowl":6,"Happy Flower":26,"Self Forming Clay":13,"Bottled Tornado":42,"Ancient Tea Set":8,"Burning Blood":0,"Blood Vial":9,"TheAbacus":19,"Bird Faced Urn":24,"Snecko Eye":17,"Coffee Dripper":34,"HandDrill":45,"Unceasing Top":0,"Red Skull":27},{"Darkstone Periapt":23,"Singing Bowl":4,"Happy Flower":12,"Self Forming Clay":7,"Bottled Tornado":23,"Ancient Tea Set":4,"Burning Blood":0,"Blood Vial":4,"TheAbacus":10,"Bird Faced Urn":12,"Snecko Eye":9,"Coffee Dripper":16,"HandDrill":23,"Unceasing Top":0,"Red Skull":13},{"Darkstone Periapt":99,"Singing Bowl":16,"Happy Flower":49,"Self Forming Clay":26,"Bottled Tornado":99,"Ancient Tea Set":16,"Burning Blood":0,"Blood Vial":16,"TheAbacus":40,"Bird Faced Urn":49,"Snecko Eye":36,"Coffee Dripper":71,"HandDrill":99,"Unceasing Top":0,"Red Skull":52}],"Unceasing Top":[16]},"card_choices":[{"not_picked":["Twin Strike","Clash"],"picked":"Pommel Strike","floor":1.0},{"not_picked":["Fire Breathing","Second Wind"],"picked":"Armaments","floor":2.0},{"not_picked":["Flex","Armaments"],"picked":"Bludgeon","floor":3.0},{"not_picked":["Infernal Blade","Armaments","Limit Break"],"picked":"Singing Bowl","floor":6.0},{"not_picked":["Iron Wave","Havoc"],"picked":"True Grit","floor":10.0},{"not_picked":["Thunderclap","Headbutt","Combust"],"picked":"Singing Bowl","floor":12.0},{"not_picked":["Warcry","Brutality","Pommel Strike"],"picked":"Singing Bowl","floor":13.0},{"not_picked":["Combust","Clothesline"],"picked":"Intimidate","floor":14.0},{"not_picked":["Limit Break","Demon Form"],"picked":"Corruption","floor":16.0},{"not_picked":["True Grit","Bloodletting","Heavy Blade"],"picked":"Singing Bowl","floor":18.0},{"not_picked":["Thunderclap","Clothesline+1","Dark Embrace"],"picked":"Singing Bowl","floor":20.0},{"not_picked":["Armaments+1","Warcry","Hemokinesis+1"],"picked":"Singing Bowl","floor":24.0},{"not_picked":["Havoc","Burning Pact","Brutality"],"picked":"Singing Bowl","floor":27.0},{"not_picked":["Burning Pact+1","Cleave","Anger"],"picked":"Singing Bowl","floor":29.0},{"not_picked":["Headbutt","Blood for Blood"],"picked":"Body Slam","floor":30.0},{"not_picked":["Brutality","Offering"],"picked":"Juggernaut","floor":33},{"not_picked":["Clothesline+1","Clash","Cleave"],"picked":"Singing Bowl","floor":35},{"not_picked":["Twin Strike","Heavy Blade+1","Anger"],"picked":"Singing Bowl","floor":36},{"not_picked":["Dual Wield","Burning Pact+1","Battle Trance+1"],"picked":"Singing Bowl","floor":38},{"not_picked":["Spot Weakness","Clothesline","Shrug It Off"],"picked":"Singing Bowl","floor":39},{"not_picked":["Havoc+1","True Grit"],"picked":"Shockwave+1","floor":40},{"not_picked":["Disarm+1","True Grit","Rampage+1"],"picked":"Singing Bowl","floor":41},{"not_picked":["Headbutt+1","Reaper","Juggernaut"],"picked":"Singing Bowl","floor":42},{"not_picked":["Bandage Up","Deep Breath","Purity"],"picked":"Singing Bowl","floor":47},{"not_picked":["Flex+1","Perfected Strike","Power Through"],"picked":"Singing Bowl","floor":48}],"player_experience":197837,"relics_obtained":[{"floor":6.0,"key":"Singing Bowl"},{"floor":9.0,"key":"Blood Vial"},{"floor":13.0,"key":"Self Forming Clay"},{"floor":24.0,"key":"Bird Faced Urn"},{"floor":26.0,"key":"Happy Flower"},{"floor":27.0,"key":"Red Skull"},{"floor":42,"key":"Bottled Tornado"},{"floor":43,"key":"Darkstone Periapt"}],"event_choices":[{"cards_removed":["Strike_R"],"damage_healed":0.0,"max_hp_gain":0.0,"max_hp_loss":0.0,"gold_gain":0.0,"event_name":"Living Wall","player_choice":"Forget","floor":5.0,"gold_loss":0.0,"damage_taken":0.0},{"damage_healed":0.0,"max_hp_gain":0.0,"max_hp_loss":0.0,"gold_gain":0.0,"event_name":"Scrap Ooze","player_choice":"Success","floor":8.0,"gold_loss":0.0,"damage_taken":3.0,"relics_obtained":["Ancient Tea Set"]},{"damage_healed":0.0,"max_hp_gain":0.0,"max_hp_loss":0.0,"gold_gain":0.0,"event_name":"Ghosts","player_choice":"Ignored","floor":21.0,"gold_loss":0.0,"damage_taken":0.0},{"cards_removed":["Strike_R"],"damage_healed":0.0,"max_hp_gain":0.0,"max_hp_loss":0.0,"gold_gain":0.0,"event_name":"Beggar","player_choice":"Gave Gold","floor":22.0,"gold_loss":75.0,"damage_taken":0.0},{"damage_healed":0.0,"max_hp_gain":0.0,"max_hp_loss":0.0,"gold_gain":0.0,"event_name":"The Library","player_choice":"Read","floor":28.0,"gold_loss":0.0,"damage_taken":0.0,"cards_obtained":["Uppercut"]},{"damage_healed":0,"gold_gain":0,"player_choice":"Bought 0 Potions","damage_taken":0,"max_hp_gain":0,"max_hp_loss":0,"event_name":"The Woman in Blue","floor":37,"gold_loss":0},{"damage_healed":0,"gold_gain":0,"player_choice":"Max HP","damage_taken":0,"max_hp_gain":0,"max_hp_loss":5,"event_name":"Winding Halls","floor":46,"gold_loss":0},{"damage_healed":0,"gold_gain":0,"player_choice":"Memory 1","damage_taken":0,"max_hp_gain":0,"max_hp_loss":0,"event_name":"SensoryStone","floor":47,"gold_loss":0}],"is_beta":false,"boss_relics":[{"not_picked":["Tiny House","Busted Crown"],"picked":"Snecko Eye"},{"not_picked":["Philosopher\u0027s Stone","Mark of Pain"],"picked":"Coffee Dripper"}],"items_purged_floors":[4,19,31],"is_endless":false,"potions_floor_spawned":[6,10,12,14,18,27,29,35,36,39,42,48],"ascension_level":0}}