{"host":"9pqy5lt7vda52ebm","time":1608095850,"event":{"mods":["BaseMod","Minty Spire (QoL Compilation)","Optimize The Spire","Quick Restart","StSLib","The Marked"],"gold_per_floor":[110,110,128,128,139,171,183,183,183,212,212,212,212,229,229,328,328,343,362,362,34,51,51,62,62,62,90,110,110,110,136,136,235,235,249,149,149,166,216,216,228,228,228,228,255,273,285,334,334,334,334,334,334,369,369],"floor_reached":56,"playtime":6447,"items_purged":["theMarked:Strike","Shame"],"score":1543,"play_id":"9b327b29-f1f6-4a43-95e8-860d2d60bee1","local_time":"20201216001730","is_ascension_mode":true,"campfire_choices":[{"data":"theMarked:SoldierOfQuellstein","floor":8,"key":"SMITH"},{"data":"theMarked:Strike","floor":11,"key":"PURGE"},{"data":"theMarked:Panic","floor":13,"key":"SMITH"},{"data":"theMarked:Strike","floor":15,"key":"PURGE"},{"data":"Writhe","floor":23,"key":"PURGE"},{"data":"theMarked:Strike","floor":25,"key":"PURGE"},{"data":"theMarked:Defend","floor":29,"key":"PURGE"},{"data":"theMarked:Defend","floor":32,"key":"PURGE"},{"data":"theMarked:TurnInvisible","floor":40,"key":"PURGE"},{"data":"theMarked:SummonStrength","floor":42,"key":"SMITH"},{"data":"theMarked:ChannelForce","floor":44,"key":"PURGE"},{"floor":49,"key":"RECALL"},{"data":"theMarked:EnhancedHearing","floor":52,"key":"PURGE"}],"circlet_count":0,"master_deck":["theMarked:Defend","theMarked:SoldierOfQuellstein+1","theMarked:Panic+1","theMarked:SwordAndMagic","theMarked:EmpowerWeapon","theMarked:BindingBlade","theMarked:SummonStrength+1","theMarked:Levitate","theMarked:EmpowerWeapon","theMarked:TwofoldDefense+1","theMarked:FavorableWinds","theMarked:EternalStudent","theMarked:Panic"],"relics":["theMarked:ArtifactOfAir","Ancient Tea Set","Peace Pipe","Shuriken","Regal Pillow","Coffee Dripper","Vajra","Bottled Tornado","theMarked:SecretDocuments","Happy Flower","Kunai","theMarked:DemonDagger","theMarked:SpiritSword","Pocketwatch","Mercury Hourglass","Thread and Needle","Incense Burner"],"acts_visited":["Exordium","TheCity","TheBeyond","TheEnding"],"potions_floor_usage":[10,55,55],"damage_taken":[{"damage":3,"enemies":"2 Louse","floor":1,"turns":3},{"damage":0,"enemies":"Small Slimes","floor":3,"turns":3},{"damage":0,"enemies":"Cultist","floor":5,"turns":3},{"damage":4,"enemies":"Gremlin Nob","floor":6,"turns":3},{"damage":8,"enemies":"3 Louse","floor":7,"turns":3},{"damage":0,"enemies":"Lagavulin","floor":10,"turns":6},{"damage":0,"enemies":"Looter","floor":14,"turns":2},{"damage":6,"enemies":"Hexaghost","floor":16,"turns":6},{"damage":9,"enemies":"Shell Parasite","floor":18,"turns":4},{"damage":1,"enemies":"Chosen","floor":19,"turns":3},{"damage":0,"enemies":"Snecko","floor":22,"turns":3},{"damage":6,"enemies":"Cultist and Chosen","floor":24,"turns":3},{"damage":0,"enemies":"Slavers","floor":27,"turns":2},{"damage":4,"enemies":"Snake Plant","floor":28,"turns":2},{"damage":0,"enemies":"Book of Stabbing","floor":31,"turns":2},{"damage":0,"enemies":"Collector","floor":33,"turns":2},{"damage":0,"enemies":"3 Darklings","floor":35,"turns":3},{"damage":0,"enemies":"3 Shapes","floor":38,"turns":1},{"damage":0,"enemies":"Mind Bloom Boss Battle","floor":39,"turns":2},{"damage":0,"enemies":"Spire Growth","floor":41,"turns":1},{"damage":0,"enemies":"Nemesis","floor":45,"turns":1},{"damage":0,"enemies":"Transient","floor":46,"turns":1},{"damage":0,"enemies":"3 Darklings","floor":47,"turns":1},{"damage":0,"enemies":"2 Orb Walkers","floor":48,"turns":1},{"damage":0,"enemies":"Awakened One","floor":50,"turns":3},{"damage":0,"enemies":"Shield and Spear","floor":54,"turns":1},{"damage":23,"enemies":"The Heart","floor":55,"turns":4}],"seed_played":"-6373557197537731461","potions_obtained":[{"floor":7,"key":"SkillPotion"},{"floor":10,"key":"SteroidPotion"},{"floor":16,"key":"Weak Potion"},{"floor":22,"key":"Fire Potion"},{"floor":24,"key":"DistilledChaos"},{"floor":28,"key":"DuplicationPotion"},{"floor":35,"key":"Ancient Potion"}],"is_trial":false,"path_per_floor":["M","?","M","?","M","E","M","R","T","E","R","?","R","M","R","B",null,"M","M","?","$","M","R","M","R","T","E","M","R","?","E","R","B",null,"M","$","?","M","?","R","M","R","T","R","E","M","M","?","R","B",null,"R","$","E","B",null],"character_chosen":"THE_DEFAULT","items_purchased":["Bottled Tornado"],"campfire_rested":0,"item_purchase_floors":[21],"current_hp_per_floor":[60,57,57,57,57,53,45,45,45,45,45,45,45,45,45,39,63,54,53,53,53,53,53,47,47,47,47,43,43,43,43,43,43,63,63,63,63,63,63,63,63,63,63,63,63,63,63,63,63,63,63,63,63,63,40],"gold":369,"neow_bonus":"THREE_RARE_CARDS","is_daily":false,"chose_seed":false,"campfire_upgraded":3,"win_rate":0.0,"timestamp":1608095850,"path_taken":["M","?","M","?","M","E","M","R","T","E","R","?","R","M","R","BOSS","M","?","?","$","M","R","M","R","T","E","M","R","?","E","R","BOSS","M","$","?","M","?","R","M","R","T","R","E","M","M","?","R","BOSS","R","$","E","BOSS"],"items_purchased_type":["Relic"],"build_version":"2020-12-13","purchased_purges":2,"victory":true,"max_hp_per_floor":[63,63,63,63,63,63,63,63,63,63,63,63,63,63,63,63,63,63,63,63,63,63,63,63,63,63,63,63,63,63,63,63,63,63,63,63,63,63,63,63,63,63,63,63,63,63,63,63,63,63,63,63,63,63,63],"card_choices":[{"not_picked":["theMarked:ThrowWeapon","theMarked:Challenge"],"picked":"theMarked:ChannelForce","floor":0},{"not_picked":["theMarked:ElectricStrings","theMarked:PowerFlow"],"picked":"theMarked:Panic","floor":1},{"not_picked":["theMarked:Improvise","theMarked:Frustration"],"picked":"theMarked:EnhancedHearing","floor":3},{"not_picked":["theMarked:PowerFlow","theMarked:ResourceFulStrike"],"picked":"theMarked:SwordAndMagic","floor":5},{"not_picked":["theMarked:Indomitable","theMarked:BanishingStrike"],"picked":"theMarked:EmpowerWeapon","floor":6},{"not_picked":["theMarked:SwordAndMagic","theMarked:Static","theMarked:ElectricStrings"],"picked":"SKIP","floor":7},{"not_picked":["theMarked:Parkour","theMarked:EnhancedHearing"],"picked":"theMarked:TurnInvisible","floor":10},{"not_picked":["theMarked:Convert","theMarked:DeterminationOfTheMarked"],"picked":"theMarked:BindingBlade","floor":14},{"not_picked":["theMarked:Defy","theMarked:FavorableWinds"],"picked":"theMarked:SummonStrength","floor":16},{"not_picked":["theMarked:KeepCalmAndFightOn","theMarked:HeritageOfTheMarked"],"picked":"theMarked:Levitate","floor":18},{"not_picked":["theMarked:ElectricStrings+1","theMarked:WastefulAttack","theMarked:TunnelVision"],"picked":"SKIP","floor":19},{"not_picked":["theMarked:ResourceFulStrike+1","theMarked:BanishingStrike"],"picked":"theMarked:EmpowerWeapon","floor":22},{"not_picked":["theMarked:HeightenedSenses","theMarked:Overcharge"],"picked":"theMarked:TwofoldDefense+1","floor":24},{"not_picked":["theMarked:RogueSparks","theMarked:TakeCover","theMarked:ContemptForTheProud"],"picked":"SKIP","floor":27},{"not_picked":["theMarked:ChainLightning","theMarked:Parkour+1","theMarked:WastefulAttack"],"picked":"SKIP","floor":28},{"not_picked":["theMarked:Frustration","theMarked:EnhanceMovement"],"picked":"theMarked:FavorableWinds","floor":31},{"not_picked":["theMarked:SoldierForm","theMarked:FavorableWinds"],"picked":"theMarked:EternalStudent","floor":33},{"not_picked":["theMarked:ShockingTouch","theMarked:WastefulDefense+1","theMarked:ElectricStrings+1"],"picked":"SKIP","floor":35},{"not_picked":["theMarked:LightningStrikesTwice+1","theMarked:BanishingStrike","theMarked:WardOff"],"picked":"SKIP","floor":38},{"not_picked":["theMarked:ResourceFulStrike+1","theMarked:EmpowerWeapon"],"picked":"theMarked:Panic","floor":39},{"not_picked":["theMarked:RogueSparks","theMarked:BanishingWave","theMarked:EmpowerWeapon+1"],"picked":"SKIP","floor":41},{"not_picked":["theMarked:ReduceFriction+1","theMarked:PowerFlow","theMarked:WardOff"],"picked":"SKIP","floor":45},{"not_picked":["theMarked:BanishingWave+1","theMarked:RepellingDischarge","theMarked:ThrowWeapon"],"picked":"SKIP","floor":46},{"not_picked":["theMarked:BanishingStrike","theMarked:WastefulAttack","theMarked:ElectricStrings+1"],"picked":"SKIP","floor":47},{"not_picked":["theMarked:EmpowerWeapon+1","theMarked:BanishingStrike+1","theMarked:RepellingDischarge"],"picked":"SKIP","floor":54}],"player_experience":327659,"relics_obtained":[{"floor":6,"key":"Peace Pipe"},{"floor":9,"key":"Shuriken"},{"floor":10,"key":"Regal Pillow"},{"floor":26,"key":"theMarked:SecretDocuments"},{"floor":27,"key":"Happy Flower"},{"floor":31,"key":"theMarked:DemonDagger"},{"floor":39,"key":"Pocketwatch"},{"floor":45,"key":"Mercury Hourglass"},{"floor":48,"key":"Thread and Needle"},{"floor":54,"key":"Incense Burner"}],"event_choices":[{"damage_healed":0,"gold_gain":0,"player_choice":"Success","damage_taken":3,"relics_obtained":["Ancient Tea Set"],"max_hp_gain":0,"max_hp_loss":0,"event_name":"Scrap Ooze","floor":2,"gold_loss":0},{"damage_healed":0,"gold_gain":0,"player_choice":"Ignored","damage_taken":0,"max_hp_gain":0,"max_hp_loss":0,"event_name":"Liars Game","floor":4,"gold_loss":0},{"cards_removed":["theMarked:Strike"],"damage_healed":0,"gold_gain":0,"player_choice":"Purged","damage_taken":0,"max_hp_gain":0,"max_hp_loss":0,"event_name":"Purifier","floor":12,"gold_loss":0},{"damage_healed":0,"gold_gain":0,"player_choice":"Opened","damage_taken":0,"relics_obtained":["Vajra"],"max_hp_gain":0,"max_hp_loss":0,"event_name":"The Mausoleum","floor":20,"gold_loss":0,"cards_obtained":["Writhe"]},{"damage_healed":0,"gold_gain":0,"player_choice":"Stole Relic","damage_taken":0,"relics_obtained":["Kunai"],"max_hp_gain":0,"max_hp_loss":0,"event_name":"Addict","floor":30,"gold_loss":0,"cards_obtained":["Shame"]},{"cards_removed":["theMarked:Defend"],"damage_healed":0,"gold_gain":0,"player_choice":"Removed Skill","damage_taken":0,"max_hp_gain":0,"max_hp_loss":0,"event_name":"Falling","floor":37,"gold_loss":0},{"damage_healed":0,"gold_gain":0,"player_choice":"Fight","damage_taken":0,"max_hp_gain":0,"max_hp_loss":0,"event_name":"MindBloom","floor":39,"gold_loss":0},{"damage_healed":0,"gold_gain":0,"player_choice":"Fight","damage_taken":0,"max_hp_gain":0,"max_hp_loss":0,"event_name":"Mysterious Sphere","floor":48,"gold_loss":0}],"is_beta":false,"boss_relics":[{"not_picked":["Philosopher\u0027s Stone","Snecko Eye"],"picked":"Coffee Dripper"},{"not_picked":["Black Star","Fusion Hammer"],"picked":"theMarked:SpiritSword"}],"items_purged_floors":[21,36],"is_endless":false,"potions_floor_spawned":[7,10,16,22,24,28,35,38,45,48],"ascension_level":2}}