{"host":"uxq2rly8rxtwffuf","time":1608107026,"event":{"mods":["BaseMod","Koishi","Minty Spire (QoL Compilation)","StSLib","The Judge","The Servant 0.9.4"],"gold_per_floor":[118,138,68,68,86,86,117,117,117,117,130,150,150,162,162,233,233,246,7,7,22,22,48,48,48,74,86,97,151,5,16,16,95,95,108,0,17,36,61,61,78,78,78,95,129,129,29,41,41,41],"floor_reached":51,"playtime":2222,"items_purged":["Strike_B","Defend_B"],"score":1162,"play_id":"49cb6e90-7279-4743-af86-1ed7852083ac","local_time":"20201216112346","is_ascension_mode":true,"campfire_choices":[{"data":"Zap","floor":6,"key":"SMITH"},{"data":"Self Repair","floor":10,"key":"SMITH"},{"floor":15,"key":"RECALL"},{"data":"Chaos","floor":24,"key":"SMITH"},{"floor":32,"key":"REST"},{"floor":40,"key":"REST"},{"data":"Defragment","floor":42,"key":"SMITH"},{"data":"Capacitor","floor":46,"key":"SMITH"},{"data":"Seek","floor":49,"key":"SMITH"}],"circlet_count":0,"master_deck":["AscendersBane","Strike_B","Defend_B+1","Defend_B","Defend_B","Zap+1","Dualcast","Loop+1","Capacitor+1","Self Repair+1","BootSequence","Chill","Darkness+1","Electrodynamics","Force Field","Cold Snap","Chaos+1","Coolheaded+1","Storm","Loop","Creative AI","Echo Form","Recycle","Glacier","Defragment+1","Melter","Creative AI","Seek+1"],"relics":["Cracked Core","Incense Burner","Question Card","StoneCalendar","Ice Cream","Nuclear Battery","Mummified Hand","Orichalcum","War Paint","Bronze Scales","Empty Cage","Red Mask","CaptainsWheel","HornCleat","Emotion Chip"],"acts_visited":["Exordium","TheCity","TheBeyond"],"potions_floor_usage":[16,21,23,31,41,50],"damage_taken":[{"damage":4,"enemies":"Jaw Worm","floor":1,"turns":3},{"damage":0,"enemies":"2 Louse","floor":2,"turns":2},{"damage":6,"enemies":"Cultist","floor":5,"turns":4},{"damage":21,"enemies":"Gremlin Nob","floor":7,"turns":4},{"damage":14,"enemies":"Exordium Wildlife","floor":11,"turns":4},{"damage":10,"enemies":"Exordium Thugs","floor":12,"turns":5},{"damage":2,"enemies":"3 Louse","floor":14,"turns":3},{"damage":32,"enemies":"The Guardian","floor":16,"turns":7},{"damage":19,"enemies":"2 Thieves","floor":18,"turns":5},{"damage":9,"enemies":"3 Byrds","floor":21,"turns":4},{"damage":22,"enemies":"Gremlin Leader","floor":23,"turns":8},{"damage":33,"enemies":"Sentry and Sphere","floor":27,"turns":7},{"damage":24,"enemies":"Centurion and Healer","floor":28,"turns":7},{"damage":0,"enemies":"Snecko","floor":31,"turns":4},{"damage":36,"enemies":"Automaton","floor":33,"turns":8},{"damage":24,"enemies":"3 Darklings","floor":35,"turns":5},{"damage":0,"enemies":"3 Shapes","floor":37,"turns":3},{"damage":14,"enemies":"3 Darklings","floor":38,"turns":3},{"damage":22,"enemies":"Mind Bloom Boss Battle","floor":39,"turns":6},{"damage":12,"enemies":"Writhing Mass","floor":41,"turns":5},{"damage":0,"enemies":"Maw","floor":44,"turns":7},{"damage":0,"enemies":"Nemesis","floor":45,"turns":5},{"damage":0,"enemies":"4 Shapes","floor":48,"turns":5},{"damage":40,"enemies":"Awakened One","floor":50,"turns":7}],"seed_played":"-395478756817027229","potions_obtained":[{"floor":1,"key":"Energy Potion"},{"floor":7,"key":"BlessingOfTheForge"},{"floor":18,"key":"ColorlessPotion"},{"floor":21,"key":"Swift Potion"},{"floor":28,"key":"AttackPotion"},{"floor":35,"key":"AttackPotion"},{"floor":44,"key":"Strength Potion"}],"is_trial":false,"path_per_floor":["M","M","$","?","M","R","E","?","T","R","M","M","?","M","R","B",null,"M","$","?","M","$","E","R","$","T","M","M","T","$","M","R","B",null,"M","?","M","M","?","R","M","R","T","M","E","R","$","M","R","B",null],"character_chosen":"DEFECT","items_purchased":["Self Repair","Mummified Hand","Loop"],"campfire_rested":2,"item_purchase_floors":[3,19,30],"current_hp_per_floor":[71,71,71,59,60,60,46,46,46,46,42,42,42,50,50,28,69,60,60,60,61,61,49,49,49,49,26,12,12,12,22,46,20,67,53,53,53,49,47,71,79,79,79,82,82,82,82,82,82,52],"gold":41,"neow_bonus":"TEN_PERCENT_HP_BONUS","is_daily":false,"chose_seed":false,"campfire_upgraded":6,"win_rate":0.0,"timestamp":1608107026,"path_taken":["M","M","$","?","M","R","E","?","T","R","M","M","?","M","R","BOSS","M","$","?","M","$","E","R","?","T","M","M","?","$","?","R","BOSS","M","?","M","M","?","R","M","R","T","?","E","R","?","M","R","BOSS"],"items_purchased_type":["Card","Relic","Card"],"build_version":"2020-12-13","purchased_purges":2,"victory":true,"max_hp_per_floor":[82,82,82,82,82,82,82,82,82,82,82,82,82,82,82,82,82,82,82,82,82,82,82,82,82,82,82,82,82,82,82,82,82,82,82,82,82,82,82,82,82,82,82,82,82,82,82,82,82,82],"card_choices":[{"not_picked":["Skim","Rebound"],"picked":"Loop","floor":1},{"not_picked":["Go for the Eyes","Redo"],"picked":"Capacitor","floor":2},{"not_picked":["Go for the Eyes","Rip and Tear","Stack"],"picked":"SKIP","floor":5},{"not_picked":["Streamline","Rebound","Biased Cognition"],"picked":"SKIP","floor":7},{"not_picked":["Barrage","Reinforced Body","Hologram"],"picked":"BootSequence","floor":11},{"not_picked":["Capacitor","Stack","Go for the Eyes"],"picked":"Chill","floor":12},{"not_picked":["Stack","Compile Driver","Heatsinks"],"picked":"Darkness","floor":14},{"not_picked":["Thunder Strike","Multi-Cast","Hyperbeam"],"picked":"Electrodynamics","floor":16},{"not_picked":["Sweeping Beam","Cold Snap","Leap"],"picked":"Force Field","floor":18},{"not_picked":["Turbo","Steam Power","Conserve Battery+1"],"picked":"Cold Snap","floor":21},{"not_picked":["Machine Learning","Conserve Battery","Double Energy"],"picked":"Chaos","floor":23},{"not_picked":["Hologram","Stack","Rip and Tear"],"picked":"Coolheaded+1","floor":27},{"not_picked":["Fusion","Streamline","Blizzard"],"picked":"Storm","floor":28},{"not_picked":["Chill","Go for the Eyes","Skim"],"picked":"Creative AI","floor":31},{"not_picked":["Thunder Strike","Rainbow","Hyperbeam"],"picked":"Echo Form","floor":33},{"not_picked":["Steam","Hologram","Conserve Battery"],"picked":"Recycle","floor":35},{"not_picked":["Leap","Steam","Hologram+1"],"picked":"Glacier","floor":37},{"not_picked":["Lockon","White Noise","Barrage","Steam"],"picked":"SKIP","floor":38},{"not_picked":["Static Discharge","Streamline","BootSequence"],"picked":"Defragment","floor":39},{"not_picked":["BootSequence+1","Beam Cell","Streamline"],"picked":"Melter","floor":41},{"not_picked":["Redo+1","Double Energy","Reprogram"],"picked":"Creative AI","floor":44},{"not_picked":["Rip and Tear","Sweeping Beam","Cold Snap+1","Redo"],"picked":"SKIP","floor":45},{"not_picked":["Turbo","Rebound+1","BootSequence"],"picked":"Seek","floor":48}],"player_experience":1337677,"relics_obtained":[{"floor":7,"key":"Question Card"},{"floor":9,"key":"StoneCalendar"},{"floor":23,"key":"Orichalcum"},{"floor":26,"key":"War Paint"},{"floor":29,"key":"Bronze Scales"},{"floor":39,"key":"CaptainsWheel"},{"floor":43,"key":"HornCleat"},{"floor":45,"key":"Emotion Chip"}],"event_choices":[{"damage_healed":0,"gold_gain":0,"player_choice":"Success","damage_taken":12,"relics_obtained":["Incense Burner"],"max_hp_gain":0,"max_hp_loss":0,"event_name":"Scrap Ooze","floor":4,"gold_loss":0},{"damage_healed":0,"gold_gain":0,"player_choice":"Ignored","damage_taken":0,"max_hp_gain":0,"max_hp_loss":0,"event_name":"Liars Game","floor":8,"gold_loss":0},{"damage_healed":0,"gold_gain":0,"player_choice":"Searched \u00271\u0027 times","damage_taken":0,"relics_obtained":["Ice Cream"],"max_hp_gain":0,"max_hp_loss":0,"event_name":"Dead Adventurer","floor":13,"gold_loss":0},{"damage_healed":0,"gold_gain":0,"player_choice":"Upgraded","damage_taken":0,"max_hp_gain":0,"max_hp_loss":0,"event_name":"Upgrade Shrine","floor":20,"gold_loss":0,"cards_upgraded":["Loop"]},{"damage_healed":0,"gold_gain":0,"player_choice":"Paid","damage_taken":0,"relics_obtained":["Red Mask"],"max_hp_gain":0,"max_hp_loss":0,"event_name":"Tomb of Lord Red Mask","floor":36,"gold_loss":108},{"damage_healed":0,"gold_gain":0,"player_choice":"Fight","damage_taken":0,"max_hp_gain":0,"max_hp_loss":0,"event_name":"MindBloom","floor":39,"gold_loss":0}],"is_beta":false,"boss_relics":[{"not_picked":["Black Star","SacredBark"],"picked":"Nuclear Battery"},{"not_picked":["Pandora\u0027s Box","Philosopher\u0027s Stone"],"picked":"Empty Cage"}],"items_purged_floors":[30,47],"is_endless":false,"potions_floor_spawned":[1,7,11,18,21,28,35,38,44,45],"ascension_level":13}}