{"host":"ci7ivtocgfxh0ueo","time":1608131896,"event":{"mods":["BaseMod","GifTheSpireLib","Minty Spire (QoL Compilation)","StSLib"],"gold_per_floor":[114,264,189,199,274,274,299,318,397,431,91,91,107,127,127,204,204,214,214,214,225,225,225,225,225,274,285,285,285,285],"floor_reached":29,"playtime":554,"items_purged":[],"score":474,"play_id":"5c37f90d-c3be-4ef5-9c5f-119c9d71dfa9","local_time":"20201216231816","is_ascension_mode":true,"campfire_choices":[{"data":"Seeing Red","floor":6,"key":"SMITH"},{"floor":12,"key":"REST"},{"data":"Immolate","floor":15,"key":"SMITH"},{"floor":23,"key":"REST"},{"floor":25,"key":"REST"}],"circlet_count":0,"master_deck":["AscendersBane","Strike_R+1","Strike_R+1","Strike_R+1","Defend_R+1","Defend_R+1","Defend_R+1","Defend_R+1","Bash+1","Pummel+1","Seeing Red+1","Ghostly Armor+1","Clash","Immolate+1","Pummel","Dropkick","Feed","CurseOfTheBell","Rampage","Hemokinesis","Immolate","Writhe","Metallicize"],"relics":["Burning Blood","NeowsBlessing","Whetstone","StrikeDummy","PreservedInsect","Membership Card","Anchor","Calling Bell","Ancient Tea Set","InkBottle","Ice Cream","Kunai","War Paint"],"acts_visited":["Exordium","TheCity"],"potions_floor_usage":[16,16,27,27],"damage_taken":[{"damage":0,"enemies":"2 Louse","floor":1,"turns":1},{"damage":0,"enemies":"Small Slimes","floor":4,"turns":1},{"damage":0,"enemies":"Gremlin Nob","floor":7,"turns":1},{"damage":7,"enemies":"Jaw Worm","floor":8,"turns":4},{"damage":32,"enemies":"Lagavulin","floor":10,"turns":8},{"damage":5,"enemies":"3 Louse","floor":13,"turns":3},{"damage":0,"enemies":"Looter","floor":14,"turns":2},{"damage":50,"enemies":"Hexaghost","floor":16,"turns":10},{"damage":22,"enemies":"3 Byrds","floor":18,"turns":5},{"damage":36,"enemies":"Shell Parasite","floor":21,"turns":5},{"damage":31,"enemies":"Chosen and Byrds","floor":27,"turns":4},{"damage":37,"enemies":"Sentry and Sphere","floor":29,"turns":5}],"seed_played":"-4338926998727863161","potions_obtained":[{"floor":1,"key":"Ancient Potion"},{"floor":7,"key":"SpeedPotion"},{"floor":21,"key":"EntropicBrew"},{"floor":27,"key":"BlessingOfTheForge"}],"is_trial":false,"path_per_floor":["M","?","?","M","?","R","E","M","T","E","$","R","M","M","R","B",null,"M","?","?","M","?","R","?","R","T","M","?","M"],"character_chosen":"IRONCLAD","items_purchased":["Membership Card","Anchor","Immolate"],"campfire_rested":3,"item_purchase_floors":[11,11,11],"current_hp_per_floor":[74,74,74,75,64,64,70,69,69,43,43,65,66,72,72,28,63,47,47,47,20,20,43,43,66,66,41,30,0,0],"gold":285,"neow_bonus":"THREE_ENEMY_KILL","is_daily":false,"chose_seed":false,"campfire_upgraded":2,"win_rate":0.0,"timestamp":1608131896,"path_taken":["M","?","?","M","?","R","E","?","T","E","$","R","M","M","R","BOSS","M","?","?","M","?","R","?","R","T","M","?","?"],"items_purchased_type":["Relic","Relic","Card"],"build_version":"2020-12-13","purchased_purges":0,"victory":false,"max_hp_per_floor":[75,75,75,75,75,75,75,75,75,75,75,75,75,75,75,75,75,75,75,75,78,78,78,78,78,78,78,78,78,78],"card_choices":[{"not_picked":["Reckless Charge","Thunderclap"],"picked":"Pummel","floor":1},{"not_picked":["Anger","Disarm"],"picked":"Seeing Red","floor":4},{"not_picked":["Impervious","Clash"],"picked":"Ghostly Armor","floor":7},{"not_picked":["Havoc","Warcry"],"picked":"Clash","floor":8},{"not_picked":["Reckless Charge","Headbutt","Havoc"],"picked":"SKIP","floor":10},{"not_picked":["Cleave","Blood for Blood"],"picked":"Pummel","floor":13},{"not_picked":["Wild Strike","Twin Strike"],"picked":"Dropkick","floor":14},{"not_picked":["Bludgeon","Exhume"],"picked":"Feed","floor":16},{"not_picked":["Anger","Havoc"],"picked":"Rampage","floor":18},{"not_picked":["Clothesline","Bloodletting","Wild Strike"],"picked":"SKIP","floor":21},{"not_picked":["Double Tap","Havoc"],"picked":"Metallicize","floor":27}],"player_experience":1257698,"relics_obtained":[{"floor":7,"key":"Whetstone"},{"floor":9,"key":"StrikeDummy"},{"floor":10,"key":"PreservedInsect"},{"floor":17,"key":"Ancient Tea Set"},{"floor":17,"key":"InkBottle"},{"floor":17,"key":"Ice Cream"},{"floor":26,"key":"War Paint"}],"event_choices":[{"damage_healed":0,"gold_gain":150,"player_choice":"AGREE","damage_taken":0,"max_hp_gain":0,"max_hp_loss":0,"event_name":"Liars Game","floor":2,"gold_loss":0,"cards_obtained":["Doubt"]},{"cards_removed":["Doubt"],"damage_healed":0,"gold_gain":0,"player_choice":"Card Removal","damage_taken":0,"max_hp_gain":0,"max_hp_loss":0,"event_name":"The Cleric","floor":3,"gold_loss":75},{"damage_healed":0,"gold_gain":75,"player_choice":"Gather Gold","damage_taken":11,"max_hp_gain":0,"max_hp_loss":0,"event_name":"World of Goop","floor":5,"gold_loss":0},{"damage_healed":0,"gold_gain":0,"cards_transformed":["Strike_R","Strike_R"],"player_choice":"Became Test Subject","damage_taken":0,"max_hp_gain":0,"max_hp_loss":0,"event_name":"Drug Dealer","floor":19,"gold_loss":0,"cards_obtained":["Hemokinesis","Immolate"]},{"damage_healed":0,"gold_gain":0,"player_choice":"Opened","damage_taken":0,"relics_obtained":["Kunai"],"max_hp_gain":0,"max_hp_loss":0,"event_name":"The Mausoleum","floor":20,"gold_loss":0,"cards_obtained":["Writhe"]},{"damage_healed":0,"gold_gain":0,"player_choice":"Simplicity","damage_taken":0,"max_hp_gain":0,"max_hp_loss":0,"event_name":"Back to Basics","floor":22,"gold_loss":0,"cards_upgraded":["Strike_R","Strike_R","Strike_R","Defend_R","Defend_R","Defend_R","Defend_R"]},{"damage_healed":0,"gold_gain":0,"player_choice":"Ignored","damage_taken":0,"max_hp_gain":0,"max_hp_loss":0,"event_name":"Cursed Tome","floor":24,"gold_loss":0},{"damage_healed":0,"gold_gain":0,"player_choice":"Damaged","damage_taken":11,"max_hp_gain":0,"max_hp_loss":0,"event_name":"Wheel of Change","floor":28,"gold_loss":0}],"is_beta":false,"boss_relics":[{"not_picked":["Tiny House","Black Blood"],"picked":"Calling Bell"}],"items_purged_floors":[],"is_endless":false,"potions_floor_spawned":[1,7,13,21,27],"killed_by":"Sentry and Sphere","ascension_level":17}}