{"host":"jm9833yuloeli2yd","time":1608080913,"event":{"mods":["AchievementEnabler","BaseMod","Better Altar","Better Match","Better Note","Better Sensory Stone","Better Skull","Better Vampires","Colored Map","Colored Powertips","DeckTracker","Minty Spire (QoL Compilation)","Permanent Neow","Quick Restart","Replay The Spire","StSLib","SuperFastMode"],"gold_per_floor":[115,132,132,22,37,70,31,41,96,108,108,118,128,40,40,112,112,112,52,52,24,24,24,24,24,24,24,24,24,24,24,24,24,24,24,24,24,24,24,24,24,24,24,24,24,24,24,24,24,24,24],"floor_reached":52,"playtime":2406,"items_purged":[],"score":2483,"play_id":"4faf7016-9679-4ded-bd20-7fa3213c3027","local_time":"20201215200833","is_ascension_mode":true,"campfire_choices":[{"floor":11.0,"key":"REST"},{"data":"Defragment","floor":15,"key":"SMITH"},{"data":"Multi-Cast","floor":32,"key":"SMITH"},{"data":"Reboot","floor":40,"key":"SMITH"},{"floor":49,"key":"RECALL"}],"circlet_count":0,"master_deck":["AscendersBane","Defend_B+1","Defend_B+1","Defend_B","Defend_B+1","Zap+1","Dualcast","Sweeping Beam","Compile Driver","Gash","Doom and Gloom","Biased Cognition","Cold Snap","Auto Shields","Defragment+1","Multi-Cast+1","Reinforced Body+1","Turbo","Chill+1","Gash","Metamorphosis","Finesse","Hologram","Hologram","Glacier","Reboot+1","Scrape","Core Surge","Ghostly","Ghostly","Ghostly","Writhe","Reboot","Turbo+1","Defragment","Defragment","BasicCrystalCard","Turbo","Double Energy","Heatsinks","Mirror Shield","ReplayTheSpireMod:Calculation Training"],"relics":["Cracked Core","Geode","InkBottle","War Paint","Replay:Grab Bag","Ectoplasm","Painkiller Herb","Replay:Drink Me","Nuclear Battery","ReplayTheSpireMod:TigerMarble","Ancient Tea Set","Smiling Mask","Shuriken","PreservedInsect","Honey Jar","Calipers","ReplayTheSpireMod:Shallot","Boot","Dream Catcher","Cables","Simple Rune"],"acts_visited":["Exordium","TheCity","TheBeyond"],"potions_floor_usage":[50,50],"damage_taken":[{"damage":4.0,"enemies":"Jaw Worm","floor":1.0,"turns":3.0},{"damage":9.0,"enemies":"2 Louse","floor":2.0,"turns":3.0},{"damage":7.0,"enemies":"Small Slimes","floor":5.0,"turns":2.0},{"damage":25.0,"enemies":"3 Sentries","floor":6.0,"turns":6.0},{"damage":7.0,"enemies":"3 Louse","floor":8.0,"turns":2.0},{"damage":3.0,"enemies":"Blue Slaver","floor":10.0,"turns":4.0},{"damage":6,"enemies":"2 Fungi Beasts","floor":12,"turns":3},{"damage":0,"enemies":"Exordium Wildlife","floor":13,"turns":2},{"damage":12,"enemies":"The Guardian","floor":16,"turns":9},{"damage":2,"enemies":"Chosen","floor":18,"turns":3},{"damage":7,"enemies":"2 Thieves","floor":19,"turns":3},{"damage":2,"enemies":"Centurion and Healer","floor":20,"turns":5},{"damage":0,"enemies":"Gremlin Leader","floor":23,"turns":7},{"damage":0,"enemies":"Shelled Parasite and Fungi","floor":24,"turns":4},{"damage":0,"enemies":"Book of Stabbing","floor":25,"turns":3},{"damage":0,"enemies":"Slavers","floor":28,"turns":3},{"damage":0,"enemies":"Snake Plant","floor":31,"turns":4},{"damage":0,"enemies":"Champ","floor":33,"turns":5},{"damage":0,"enemies":"3 Darklings","floor":35,"turns":5},{"damage":0,"enemies":"3 Shapes","floor":38,"turns":3},{"damage":0,"enemies":"Reptomancer","floor":41,"turns":6},{"damage":0,"enemies":"Maw","floor":42,"turns":5},{"damage":0,"enemies":"Giant Head","floor":44,"turns":5},{"damage":0,"enemies":"Jaw Worm Horde","floor":45,"turns":3},{"damage":1,"enemies":"R_Hoarder","floor":47,"turns":7},{"damage":0,"enemies":"3 Darklings","floor":48,"turns":3},{"damage":24,"enemies":"Time Eater","floor":50,"turns":9},{"damage":0,"enemies":"Donu and Deca","floor":51,"turns":10}],"seed_played":"4007909644264355690","potions_obtained":[{"floor":2.0,"key":"SkillPotion"},{"floor":6.0,"key":"Explosive Potion"},{"floor":10.0,"key":"SpeedPotion"},{"floor":35,"key":"Toxic Potion"},{"floor":38,"key":"FocusPotion"},{"floor":45,"key":"GamblersBrew"},{"floor":47,"key":"ColorlessPotion"},{"floor":48,"key":"Adrenaline Potion"}],"is_trial":false,"path_per_floor":["M","M","?","$","M","E","?","M","T","M","R","M","M","$","R","B",null,"?","?","?","T","?","E","?","E","T","?","E","?","?","?","T","B",null,"?","?","T","?","?","T","E","?","T","E","?","T","E","?","T","B","B",null],"character_chosen":"DEFECT","items_purchased":["Compile Driver","Gash","Defragment","Gash"],"campfire_rested":1,"item_purchase_floors":[4,4,14,21],"current_hp_per_floor":[60,51,51,51,44,19,19,12,12,9,30,24,24,24,24,12,44,42,35,33,33,33,33,33,33,33,33,33,27,27,27,27,27,27,27,27,27,27,27,27,27,27,27,27,27,27,26,26,26,2,2],"gold":24,"neow_bonus":"RANDOM_COMMON_RELIC","is_daily":false,"chose_seed":false,"campfire_upgraded":3,"win_rate":0.0,"timestamp":1608080913,"path_taken":["M","M","?","$","M","E","?","M","T","M","R","M","M","$","R","BOSS","?","?","?","T","?","E","?","E","T","?","E","?","?","?","T","BOSS","?","?","T","?","?","T","E","?","T","E","?","T","E","?","T","BOSS","BOSS"],"items_purchased_type":["Card","Card","Card","Card"],"build_version":"2020-12-13","purchased_purges":0,"victory":true,"max_hp_per_floor":[71,71,71,71,71,71,71,71,71,71,71,71,71,71,71,71,54,54,54,54,54,54,54,54,54,54,54,54,27,27,27,27,27,27,27,27,27,27,27,27,27,27,27,27,27,27,27,27,27,27,27],"card_choices":[{"not_picked":["Chaos","Reprogram"],"picked":"Sweeping Beam","floor":1.0},{"not_picked":["BootSequence","BasicCrystalCard","ReplaySort"],"picked":"SKIP","floor":2.0},{"not_picked":["Hologram","Turbo","BasicCrystalCard"],"picked":"SKIP","floor":5.0},{"not_picked":["Storm","Steam Power"],"picked":"Doom and Gloom","floor":6.0},{"not_picked":["Gash","Redo"],"picked":"Biased Cognition","floor":8.0},{"not_picked":["Barrage","BasicCrystalCard"],"picked":"Streamline","floor":10.0},{"not_picked":["Panic Button","ReplayTheSpireMod:Repulse"],"picked":"Cold Snap","floor":12},{"not_picked":["Scrape","Melter"],"picked":"Auto Shields","floor":13},{"not_picked":["Amplify","Biased Cognition"],"picked":"Multi-Cast","floor":16},{"not_picked":["Barrage","Turbo"],"picked":"Reinforced Body+1","floor":18},{"not_picked":["Tempest","ReplayTheSpireMod:Reroute Power"],"picked":"Turbo","floor":19},{"not_picked":["Conserve Battery","Ball Lightning"],"picked":"Chill+1","floor":20},{"not_picked":["Flash of Steel","Replay:Bootleg Shield Generator"],"picked":"Metamorphosis","floor":22},{"not_picked":["Poisoned Strike","Jack Of All Trades"],"picked":"Finesse","floor":22},{"not_picked":["Ball Lightning","Storm"],"picked":"Hologram","floor":23},{"not_picked":["Coolheaded","Hello World"],"picked":"Hologram","floor":24},{"not_picked":["BasicCrystalCard","Stack"],"picked":"Glacier","floor":25},{"not_picked":["BasicCrystalCard","Crystallizer"],"picked":"Core Surge","floor":28},{"not_picked":["Cold Snap","Compile Driver"],"picked":"Go for the Eyes","floor":31},{"not_picked":["Fission","Multi-Cast"],"picked":"Reboot","floor":33},{"not_picked":["Rebound+1","Steam","Coolheaded"],"picked":"Turbo+1","floor":35},{"not_picked":["Conserve Battery","Go for the Eyes+1","Melter"],"picked":"Defragment","floor":36},{"not_picked":["Barrage","Tempest","Time Bomb+1"],"picked":"Defragment","floor":38},{"not_picked":["Ball Lightning","Panic Button","Gash"],"picked":"BasicCrystalCard","floor":41},{"not_picked":["Sunder","Barrage","Blizzard"],"picked":"Turbo","floor":42},{"not_picked":["Sunder","Amplify","Steam"],"picked":"Double Energy","floor":44},{"not_picked":["Storm","Gash+1","Compile Driver"],"picked":"Heatsinks","floor":45},{"not_picked":["Compile Driver+1","Stack","Lockon+1"],"picked":"Mirror Shield","floor":47},{"not_picked":["Stack","Hologram","Go for the Eyes+1"],"picked":"ReplayTheSpireMod:Calculation Training","floor":48}],"player_experience":1088051,"relics_obtained":[{"floor":6.0,"key":"InkBottle"},{"floor":9.0,"key":"War Paint"},{"floor":23,"key":"ReplayTheSpireMod:TigerMarble"},{"floor":25,"key":"Ancient Tea Set"},{"floor":26,"key":"Smiling Mask"},{"floor":28,"key":"Shuriken"},{"floor":36,"key":"Calipers"},{"floor":41,"key":"Boot"},{"floor":43,"key":"Dream Catcher"},{"floor":44,"key":"Cables"},{"floor":47,"key":"Simple Rune"}],"event_choices":[{"damage_healed":0.0,"max_hp_gain":0.0,"max_hp_loss":0.0,"gold_gain":0.0,"event_name":"Golden Wing","player_choice":"Ignored","floor":3.0,"gold_loss":0.0,"damage_taken":0.0},{"damage_healed":0.0,"max_hp_gain":0.0,"max_hp_loss":0.0,"gold_gain":0.0,"event_name":"World of Goop","player_choice":"Left Gold","floor":7.0,"gold_loss":39.0,"damage_taken":0.0},{"damage_healed":0,"gold_gain":2,"player_choice":"1","damage_taken":0,"max_hp_gain":0,"max_hp_loss":0,"event_name":"betterStone:BetterStone","floor":22,"gold_loss":0},{"damage_healed":0,"gold_gain":0,"cards_transformed":["Strike_B","Streamline"],"player_choice":"Became Test Subject","damage_taken":0,"max_hp_gain":0,"max_hp_loss":0,"event_name":"Drug Dealer","floor":27,"gold_loss":0,"cards_obtained":["Reboot","Scrape"]},{"damage_healed":0,"gold_gain":0,"player_choice":"Became a Ghost","damage_taken":0,"max_hp_gain":0,"max_hp_loss":27,"event_name":"Ghosts","floor":29,"gold_loss":0,"cards_obtained":["Ghostly","Ghostly","Ghostly"]},{"damage_healed":0,"gold_gain":0,"player_choice":"Opened","damage_taken":0,"relics_obtained":["PreservedInsect"],"max_hp_gain":0,"max_hp_loss":0,"event_name":"The Mausoleum","floor":30,"gold_loss":0,"cards_obtained":["Writhe"]},{"cards_removed":["Go for the Eyes"],"damage_healed":0,"gold_gain":0,"player_choice":"Gave Card","damage_taken":0,"relics_obtained":["ReplayTheSpireMod:Shallot"],"max_hp_gain":0,"max_hp_loss":0,"event_name":"WeMeetAgain","floor":39,"gold_loss":0}],"is_beta":false,"boss_relics":[{"not_picked":["Busted Crown","Pandora\u0027s Box"],"picked":"Replay:Grab Bag"},{"not_picked":["ReplayTheSpireMod:DimensionalGlitch","ReplayTheSpireMod:Onyx Gauntlets"],"picked":"Ectoplasm"},{"not_picked":["ChewingGum","Velvet Choker"],"picked":"Painkiller Herb"},{"not_picked":["SlaversCollar","SacredBark"],"picked":"Replay:Drink Me"},{"not_picked":["Kintsugi","Astrolabe"],"picked":"Nuclear Battery"},{"not_picked":["Replay:Ancient Bell","Runic Pyramid"],"picked":"Honey Jar"}],"items_purged_floors":[],"is_endless":false,"potions_floor_spawned":[2,6,10,16,19,24,28,35,38,45,47,48],"ascension_level":20}}