{"host":"a7kkotolxcg5vljr","time":1608152987,"event":{"mods":["2.2 Compatiblity","AchievementEnabler","Act Like it!","BaseMod","Better Altar","Better Skull","Better Third Choice","Colored Map","Colored Powertips","Downfall","Hermit","Highlight Path","Marisa????????","Minty Spire (QoL Compilation)","Quick Restart","Rare Cards Sparkle","Replay The Spire","Spicy Shops","StSLib","The Cursed","The Disciple","The Servant 0.9.4"],"gold_per_floor":[111,111,131,131,141,141,316,316,343,356,374,391,391,391,391,421,421,421,421],"floor_reached":18,"playtime":433,"items_purged":[],"score":114,"play_id":"2c6c6c10-92cd-440b-bd06-a2d289639ba9","local_time":"20201216160947","is_ascension_mode":false,"campfire_choices":[{"floor":6,"key":"RECALL"},{"data":"Draining Mist","floor":8,"key":"SMITH"},{"data":"Bouncing Flask","floor":17,"key":"SMITH"}],"circlet_count":0,"master_deck":["Strike_G","Strike_G","Strike_G","Strike_G","Strike_G+1","Defend_G","Defend_G","Defend_G","Defend_G","Defend_G","Survivor","Neutralize+1","Bouncing Flask+1","Cloak And Dagger","Draining Mist+1","Doubt","Bane","Outmaneuver","Backflip","Hidden Blade"],"relics":["NeowsBlessing","Sizzling Blood","Whetstone","Lantern"],"acts_visited":["Exordium"],"potions_floor_usage":[10,13,16,16],"damage_taken":[{"damage":0,"enemies":"Cultist","floor":1,"turns":1},{"damage":0,"enemies":"2 Louse","floor":3,"turns":1},{"damage":0,"enemies":"Jaw Worm","floor":5,"turns":1},{"damage":11,"enemies":"Large Slime","floor":10,"turns":7},{"damage":3,"enemies":"2 Fungi Beasts","floor":11,"turns":3},{"damage":2,"enemies":"3 Louse","floor":12,"turns":3},{"damage":0,"enemies":"Lots of Slimes","floor":13,"turns":1},{"damage":14,"enemies":"Gremlin Nob","floor":16,"turns":4},{"damage":68,"enemies":"Fading Forest","floor":18,"turns":8}],"seed_played":"4942620207978946449","potions_obtained":[{"floor":1,"key":"BlessingOfTheForge"},{"floor":3,"key":"Weak Potion"},{"floor":5,"key":"Venom Potion"},{"floor":11,"key":"SmokeBomb"}],"is_trial":false,"path_per_floor":["M","?","M","?","M","R","?","R","T","M","M","M","M","PTL","PTL","E","R","B"],"character_chosen":"THE_SILENT","items_purchased":[],"campfire_rested":0,"item_purchase_floors":[],"current_hp_per_floor":[70,74,74,74,74,74,74,74,74,67,68,70,74,74,74,64,64,0,0],"gold":421,"neow_bonus":"THREE_ENEMY_KILL","is_daily":false,"chose_seed":false,"campfire_upgraded":2,"win_rate":0.0,"timestamp":1608152987,"path_taken":["M","?","M","?","M","R","?","R","T","M","M","?","M","PTL","PTL","E","R","BOSS"],"items_purchased_type":[],"build_version":"2020-12-13","purchased_purges":0,"victory":false,"max_hp_per_floor":[70,74,74,74,74,74,74,74,74,74,74,74,74,74,74,74,74,74,74],"card_choices":[{"not_picked":["ReplayTheSpireMod:Tripwire","ReplayTheSpireMod:Exploit Weakness"],"picked":"Bouncing Flask","floor":1},{"not_picked":["Dodge and Roll","Acrobatics"],"picked":"Cloak And Dagger","floor":3},{"not_picked":["Dodge and Roll","ReplayTheSpireMod:Exploit Weakness"],"picked":"Draining Mist","floor":5},{"not_picked":["Backflip","Concentrate"],"picked":"Bane","floor":10},{"not_picked":["Endless Agony","Deflect"],"picked":"Outmaneuver","floor":11},{"not_picked":["Prepared","Dagger Spray"],"picked":"Backflip","floor":12},{"not_picked":["Flying Knee","Underhanded Strike"],"picked":"Hidden Blade","floor":16}],"player_experience":338404,"relics_obtained":[{"floor":9,"key":"Whetstone"},{"floor":16,"key":"Lantern"}],"event_choices":[{"damage_healed":0,"gold_gain":0,"player_choice":"Ignored","damage_taken":0,"max_hp_gain":0,"max_hp_loss":0,"event_name":"Golden Wing","floor":4,"gold_loss":0},{"damage_healed":0,"gold_gain":175,"player_choice":"AGREE","damage_taken":141,"max_hp_gain":0,"max_hp_loss":0,"event_name":"betterThird:BetterSerpent","floor":7,"gold_loss":0}],"is_beta":false,"boss_relics":[],"items_purged_floors":[],"is_endless":false,"potions_floor_spawned":[1,3,5,11],"killed_by":"Fading Forest","ascension_level":0}}