{"host":"fne7yx97fnz7kq05","time":1608088750,"event":{"mods":["BaseMod","Colored Map","Colored Powertips","Highlight Path","Minty Spire (QoL Compilation)","Relic Stats"],"gold_per_floor":[119,138,138,138,156,182,182,193,193,20,36,62,72,101,101,206,206,224,241,241,256,286,286,286],"floor_reached":23,"playtime":1593,"items_purged":[],"score":274,"play_id":"c4c3afcd-817b-40b1-a92e-61744c700b6b","local_time":"20201215211910","is_ascension_mode":true,"campfire_choices":[{"data":"Cleave","floor":7,"key":"SMITH"},{"floor":15,"key":"REST"}],"circlet_count":0,"master_deck":["Strike_R+1","Strike_R+1","Strike_R+1","Strike_R+1","Defend_R+1","Defend_R+1","Defend_R+1","Defend_R+1","Bash","Exhume","Clothesline","Dual Wield","Cleave+1","Disarm","Shrug It Off","Feel No Pain","Shrug It Off","Barricade","Blood for Blood","Berserk","CurseOfTheBell","Disarm+1","True Grit"],"relics":["Burning Blood","CultistMask","Letter Opener","TungstenRod","Gambling Chip","Eternal Feather","Calling Bell","Omamori","Sundial","FossilizedHelix","Red Mask"],"acts_visited":["Exordium","TheCity"],"potions_floor_usage":[6,16,22,23],"damage_taken":[{"damage":9,"enemies":"Small Slimes","floor":1,"turns":4},{"damage":6,"enemies":"Jaw Worm","floor":2,"turns":4},{"damage":11,"enemies":"Cultist","floor":5,"turns":4},{"damage":0,"enemies":"Gremlin Nob","floor":6,"turns":2},{"damage":12,"enemies":"Lots of Slimes","floor":8,"turns":4},{"damage":5,"enemies":"Exordium Wildlife","floor":11,"turns":5},{"damage":35,"enemies":"3 Sentries","floor":12,"turns":10},{"damage":0,"enemies":"Large Slime","floor":13,"turns":4},{"damage":30,"enemies":"Lagavulin","floor":14,"turns":10},{"damage":19,"enemies":"The Guardian","floor":16,"turns":13},{"damage":8,"enemies":"3 Byrds","floor":18,"turns":6},{"damage":32,"enemies":"Spheric Guardian","floor":19,"turns":8},{"damage":33,"enemies":"Shelled Parasite and Fungi","floor":21,"turns":10},{"damage":40,"enemies":"Masked Bandits","floor":22,"turns":4},{"damage":38,"enemies":"Slavers","floor":23,"turns":3}],"seed_played":"-150988792268305102","potions_obtained":[{"floor":1,"key":"AttackPotion"},{"floor":6,"key":"Energy Potion"},{"floor":12,"key":"LiquidBronze"},{"floor":19,"key":"DistilledChaos"}],"is_trial":false,"path_per_floor":["M","M","?","?","M","E","R","M","T","$","M","E","M","E","R","B",null,"M","M","?","M","?","E"],"character_chosen":"IRONCLAD","items_purchased":["Feel No Pain","FairyPotion"],"campfire_rested":1,"item_purchase_floors":[10,10],"current_hp_per_floor":[77,77,77,77,72,78,78,72,72,72,73,44,50,26,59,46,80,78,52,52,25,30,0,0],"gold":286,"neow_bonus":"ONE_RANDOM_RARE_CARD","is_daily":false,"chose_seed":false,"campfire_upgraded":1,"win_rate":0.0,"timestamp":1608088750,"path_taken":["M","M","?","?","M","E","R","M","T","$","M","E","?","E","R","BOSS","M","?","?","M","?","E"],"items_purchased_type":["Card","Potion"],"build_version":"2020-12-13","purchased_purges":0,"victory":false,"max_hp_per_floor":[80,80,80,80,80,80,80,80,80,80,80,80,80,80,80,80,80,80,80,80,80,80,80,80],"relic_stats":{"counters":[15,91],"Sundial":[4],"Gambling Chip":[28],"Eternal Feather":9,"Letter Opener":[35],"obtain_stats":[{"Calling Bell":17,"Sundial":17,"Gambling Chip":12,"Eternal Feather":14,"CultistMask":4,"Omamori":17,"Red Mask":22,"Letter Opener":6,"Burning Blood":0,"TungstenRod":9,"FossilizedHelix":17},{"Calling Bell":10,"Sundial":10,"Gambling Chip":7,"Eternal Feather":9,"CultistMask":2,"Omamori":10,"Red Mask":14,"Letter Opener":4,"Burning Blood":0,"TungstenRod":5,"FossilizedHelix":10},{"Calling Bell":60,"Sundial":60,"Gambling Chip":33,"Eternal Feather":47,"CultistMask":8,"Omamori":60,"Red Mask":88,"Letter Opener":14,"Burning Blood":0,"TungstenRod":18,"FossilizedHelix":60}],"Burning Blood":84,"TungstenRod":45},"card_choices":[{"not_picked":["Sentinel","Rage"],"picked":"Clothesline","floor":1},{"not_picked":["Heavy Blade","Clothesline","Dropkick"],"picked":"SKIP","floor":2},{"not_picked":["Shrug It Off","Flex"],"picked":"Cleave","floor":5},{"not_picked":["Sword Boomerang","Shockwave"],"picked":"Disarm","floor":6},{"not_picked":["Havoc","Sentinel"],"picked":"Shrug It Off","floor":8},{"not_picked":["Heavy Blade","Thunderclap"],"picked":"Shrug It Off","floor":11},{"not_picked":["Shrug It Off","Inflame"],"picked":"Barricade","floor":12},{"not_picked":["Anger","Thunderclap","Twin Strike"],"picked":"SKIP","floor":13},{"not_picked":["Wild Strike","Headbutt"],"picked":"Blood for Blood","floor":14},{"not_picked":["Demon Form","Bludgeon"],"picked":"Berserk","floor":16},{"not_picked":["Clothesline+1","Warcry","Sword Boomerang"],"picked":"SKIP","floor":18},{"not_picked":["Havoc","Wild Strike"],"picked":"Disarm+1","floor":19},{"not_picked":["Barricade","Cleave"],"picked":"True Grit","floor":21}],"player_experience":22344,"relics_obtained":[{"floor":6,"key":"Letter Opener"},{"floor":9,"key":"TungstenRod"},{"floor":12,"key":"Gambling Chip"},{"floor":14,"key":"Eternal Feather"},{"floor":17,"key":"Omamori"},{"floor":17,"key":"Sundial"},{"floor":17,"key":"FossilizedHelix"},{"floor":22,"key":"Red Mask"}],"event_choices":[{"damage_healed":0,"gold_gain":0,"cards_transformed":["Strike_R"],"player_choice":"Change","damage_taken":0,"max_hp_gain":0,"max_hp_loss":0,"event_name":"Living Wall","floor":3,"gold_loss":0,"cards_obtained":["Dual Wield"]},{"damage_healed":0,"gold_gain":0,"player_choice":"Trade","damage_taken":0,"relics_obtained":["CultistMask"],"max_hp_gain":0,"max_hp_loss":0,"event_name":"FaceTrader","floor":4,"gold_loss":0},{"damage_healed":0,"gold_gain":0,"player_choice":"Simplicity","damage_taken":0,"max_hp_gain":0,"max_hp_loss":0,"event_name":"Back to Basics","floor":20,"gold_loss":0,"cards_upgraded":["Strike_R","Strike_R","Strike_R","Strike_R","Defend_R","Defend_R","Defend_R","Defend_R"]},{"damage_healed":0,"gold_gain":0,"player_choice":"Fought Bandits","damage_taken":0,"max_hp_gain":0,"max_hp_loss":0,"event_name":"Masked Bandits","floor":22,"gold_loss":0}],"is_beta":false,"boss_relics":[{"not_picked":["Tiny House","Philosopher\u0027s Stone"],"picked":"Calling Bell"}],"items_purged_floors":[],"is_endless":false,"potions_floor_spawned":[1,6,12,14,19,21],"killed_by":"Slavers","ascension_level":3}}