{"host":"m6aaltr68g9tvoay","time":1608096876,"event":{"mods":["AchievementEnabler","BaseMod","Colored Map","Minty Spire (QoL Compilation)","StSLib"],"gold_per_floor":[118,138,157,157,171,171,134,134,185,217,237,52,105,151,163,175,175],"floor_reached":16,"playtime":403,"items_purged":[],"score":195,"play_id":"4e709b7e-a47e-4993-a410-a2a2be43bd61","local_time":"20201215213436","is_ascension_mode":true,"campfire_choices":[{"data":"Dagger Spray","floor":6.0,"key":"SMITH"},{"floor":8.0,"key":"REST"},{"floor":15.0,"key":"REST"}],"circlet_count":0,"master_deck":["AscendersBane","Strike_G","Strike_G","Strike_G","Defend_G","Defend_G","Defend_G","Defend_G","Survivor","Neutralize","Riddle With Holes+1","Reflex+1","Grand Finale+1","Dagger Throw","Terror","Slice","Dagger Spray+1","Caltrops","Distraction","Sucker Punch","Sadistic Nature"],"relics":["Astrolabe","Orichalcum","Nunchaku","MawBank"],"acts_visited":["Exordium"],"potions_floor_usage":[],"damage_taken":[{"damage":11.0,"enemies":"2 Louse","floor":1.0,"turns":4.0},{"damage":2.0,"enemies":"Jaw Worm","floor":2.0,"turns":4.0},{"damage":0.0,"enemies":"Cultist","floor":3.0,"turns":3.0},{"damage":2.0,"enemies":"2 Fungi Beasts","floor":5.0,"turns":3.0},{"damage":23.0,"enemies":"Lagavulin","floor":10.0,"turns":5.0},{"damage":10.0,"enemies":"Looter","floor":11.0,"turns":2.0},{"damage":63,"enemies":"Slime Boss","floor":16,"turns":10}],"seed_played":"-5122945647093229637","potions_obtained":[{"floor":2.0,"key":"CunningPotion"},{"floor":5.0,"key":"Regen Potion"}],"is_trial":false,"path_per_floor":["M","M","M","?","M","R","$","R","T","E","M","$","?","T","R","B"],"character_chosen":"THE_SILENT","items_purchased":["Caltrops","Sadistic Nature"],"campfire_rested":2,"item_purchase_floors":[7,12],"current_hp_per_floor":[48,46,46,46,44,44,44,63,63,49,39,39,39,39,58,0,0],"gold":175,"neow_bonus":"BOSS_RELIC","is_daily":false,"chose_seed":false,"campfire_upgraded":1,"win_rate":0.0,"timestamp":1608096876,"path_taken":["M","M","M","?","M","R","$","R","T","E","M","$","?","?","R","BOSS"],"items_purchased_type":["Card","Card"],"build_version":"2020-12-13","purchased_purges":0,"victory":false,"max_hp_per_floor":[66,66,66,66,66,66,66,66,66,66,66,66,66,66,66,66,66],"card_choices":[{"not_picked":["Backflip","Bane"],"picked":"Dagger Throw","floor":1.0},{"not_picked":["Riddle With Holes","Prepared"],"picked":"Terror","floor":2.0},{"not_picked":["Acrobatics","Expertise"],"picked":"Slice","floor":3.0},{"not_picked":["Masterful Stab","Slice"],"picked":"Dagger Spray","floor":5.0},{"not_picked":["Predator","Dagger Throw"],"picked":"Distraction","floor":10.0},{"not_picked":["Deadly Poison","Quick Slash"],"picked":"Sucker Punch","floor":11.0}],"player_experience":1244374,"relics_obtained":[{"floor":9.0,"key":"Orichalcum"},{"floor":10.0,"key":"Nunchaku"},{"floor":14.0,"key":"MawBank"}],"event_choices":[{"damage_healed":0.0,"max_hp_gain":0.0,"max_hp_loss":0.0,"gold_gain":0.0,"event_name":"Liars Game","player_choice":"Ignored","floor":4.0,"gold_loss":0.0,"damage_taken":0.0},{"damage_healed":0.0,"max_hp_gain":0.0,"max_hp_loss":0.0,"gold_gain":53.0,"event_name":"Golden Wing","player_choice":"Gained Gold","floor":13.0,"gold_loss":0.0,"damage_taken":0.0}],"is_beta":false,"boss_relics":[],"items_purged_floors":[],"is_endless":false,"potions_floor_spawned":[2,5],"killed_by":"Slime Boss","ascension_level":19}}