{"host":"6hzrz31j95f2y1pa","time":1608144115,"event":{"mods":["BaseMod","Colored Map","Downfall","Minty Spire (QoL Compilation)","StSLib"],"gold_per_floor":[99,116,143,143,153,328,353,353,371,397,11,27,177,196,209,309,309,309,409,444,511,531,531,554,580,580,610,625,439,439,439],"floor_reached":30,"playtime":3111,"items_purged":["Doubt","Slimebound:Icky"],"score":339,"play_id":"b206869c-46ad-4e19-a304-ecdba7628899","local_time":"20201216134155","is_ascension_mode":true,"campfire_choices":[{"data":"champ:Taunt","floor":1,"key":"SMITH"},{"data":"champ:FocusedGladiator","floor":8,"key":"SMITH"},{"data":"champ:StanceDance","floor":18,"key":"SMITH"},{"data":"champ:EndlessRage","floor":23,"key":"SMITH"},{"floor":26,"key":"REST"}],"circlet_count":0,"master_deck":["champ:Strike","champ:Strike","champ:Strike","champ:Strike","champ:Defend","champ:Defend","champ:Defend","champ:Defend","champ:Execute","champ:Taunt+1","champ:ArenaPreparation","champ:GladiatorStyle","champ:Haymaker","champ:FocusedGladiator+1","champ:SwordSigil","champ:PreciseThrust","champ:Balance","champ:GladiatorsShout","champ:StanceDance+1","champ:IronFortress","expansioncontent:Flail","champ:FanOfKnives","champ:TornadoPunch","champ:FlashCut","champ:BringItOn","champ:ShieldWall","champ:PerfectForm","champ:BringItOn","champ:Backstep","champ:EndlessRage+1","champ:BerserkerStyle"],"relics":["champ:ChampionCrown","Prayer Wheel","Bronze Scales","Pantograph","champ:ChampionCrownUpgraded","downfall:CloakOfManyFaces","CultistMask","FaceOfCleric","NlothsMask","GremlinMask","SsserpentHead","Centennial Puzzle","Akabeko","Blue Candle"],"acts_visited":["Exordium","TheCity"],"potions_floor_usage":[3,14,20,25,30],"damage_taken":[{"damage":5,"enemies":"2 Louse","floor":2,"turns":3},{"damage":22,"enemies":"Lagavulin","floor":3,"turns":9},{"damage":5,"enemies":"Small Slimes","floor":5,"turns":3},{"damage":19,"enemies":"Cultist","floor":9,"turns":3},{"damage":5,"enemies":"3 Sentries","floor":10,"turns":8},{"damage":10,"enemies":"downfall:FleeingMerchant","floor":11,"turns":4},{"damage":17,"enemies":"Blue Slaver","floor":12,"turns":3},{"damage":6,"enemies":"Gremlin Gang","floor":14,"turns":2},{"damage":0,"enemies":"Lots of Slimes","floor":15,"turns":1},{"damage":54,"enemies":"downfall:Ironclad","floor":16,"turns":9},{"damage":51,"enemies":"downfall:FaceTrader","floor":19,"turns":7},{"damage":46,"enemies":"Book of Stabbing","floor":20,"turns":5},{"damage":16,"enemies":"3 Byrds","floor":21,"turns":5},{"damage":21,"enemies":"Shelled Parasite and Fungi","floor":22,"turns":3},{"damage":57,"enemies":"Gremlin Leader","floor":25,"turns":5},{"damage":19,"enemies":"Book of Stabbing","floor":27,"turns":4},{"damage":45,"enemies":"3 Cultists","floor":28,"turns":5},{"damage":16,"enemies":"downfall:FleeingMerchant","floor":29,"turns":4},{"damage":48,"enemies":"Chosen and Byrds","floor":30,"turns":4}],"seed_played":"8348030104237925519","potions_obtained":[{"floor":0,"key":"SneckoOil"},{"floor":0,"key":"BlessingOfTheForge"},{"floor":0,"key":"Energy Potion"},{"floor":2,"key":"PowerPotion"},{"floor":5,"key":"AttackPotion"},{"floor":16,"key":"CultistPotion"},{"floor":21,"key":"champ:CounterPotion"},{"floor":25,"key":"sneckomod:MuddlingPotion"}],"is_trial":false,"path_per_floor":["R","M","E","?","M","?","T","R","M","E","$","M","?","M","M","B",null,"R","?","E","M","M","R","T","E","R","E","M","$","M"],"character_chosen":"THE_CHAMP","items_purchased":["champ:GladiatorsShout","champ:StanceDance","champ:IronFortress","expansioncontent:Flail","champ:FanOfKnives","champ:BerserkerStyle"],"campfire_rested":1,"item_purchase_floors":[11,11,11,11,11,29],"current_hp_per_floor":[90,90,88,93,93,93,93,93,89,89,89,77,77,71,71,61,95,95,76,54,55,55,55,55,37,66,66,60,46,0,0],"gold":439,"neow_bonus":"THREE_SMALL_POTIONS","is_daily":false,"chose_seed":false,"campfire_upgraded":4,"win_rate":0.0,"timestamp":1608144115,"path_taken":["R","M","E","?","M","?","T","R","M","E","$","M","?","M","M","BOSS","R","?","E","?","M","R","T","E","R","E","M","$","M"],"items_purchased_type":["Card","Card","Card","Card","Card","Card"],"build_version":"2020-12-13","purchased_purges":2,"victory":false,"max_hp_per_floor":[90,90,90,95,95,95,95,95,95,95,95,95,95,95,95,95,95,95,95,96,97,98,98,98,99,99,100,101,102,102,102],"card_choices":[{"not_picked":["champ:FocusedBerserking","champ:PerfectedStrike"],"picked":"champ:ArenaPreparation","floor":2},{"not_picked":["champ:BerserkerStyle","champ:Haymaker"],"picked":"champ:GladiatorStyle","floor":3},{"not_picked":["champ:BringItOn","champ:DeathBlow"],"picked":"champ:Haymaker","floor":5},{"not_picked":["champ:Duel","champ:FaceSlap"],"picked":"champ:FocusedGladiator","floor":5},{"not_picked":["champ:FightOn","champ:PreciseThrust"],"picked":"champ:SwordSigil","floor":9},{"not_picked":["champ:GutPunch","champ:TornadoPunch"],"picked":"champ:PreciseThrust","floor":9},{"not_picked":["champ:Devastate","champ:DefensiveStyle"],"picked":"champ:Balance","floor":10},{"not_picked":["champ:Backstep","champ:FaceSlap","champ:PreciseThrust"],"picked":"SKIP","floor":11},{"not_picked":["champ:Encircle","champ:RageSigil"],"picked":"champ:TornadoPunch","floor":12},{"not_picked":["champ:Circumvent","champ:FocusedBerserking"],"picked":"champ:FlashCut","floor":12},{"not_picked":["champ:FanOfKnives","champ:GladiatorsShout"],"picked":"champ:BringItOn","floor":14},{"not_picked":["champ:LastStand","champ:TornadoPunch"],"picked":"champ:ShieldWall","floor":14},{"not_picked":["champ:TornadoPunch","champ:RageSigil","champ:FocusedDefense"],"picked":"SKIP","floor":15},{"not_picked":["champ:FlashCut","champ:GladiatorStyle","champ:PerfectedStrike"],"picked":"SKIP","floor":15},{"not_picked":["champ:ShieldThrow","champ:SwordThrow"],"picked":"champ:PerfectForm","floor":16},{"not_picked":["champ:FanOfKnives","champ:AdrenalArmor"],"picked":"champ:BringItOn","floor":20},{"not_picked":["champ:RisingSlash","champ:Encircle+1"],"picked":"champ:Backstep","floor":21},{"not_picked":["champ:ShieldWall+1","champ:FanOfKnives","champ:Circumvent"],"picked":"SKIP","floor":21},{"not_picked":["champ:RageSigil","champ:SwordSigil"],"picked":"champ:EndlessRage","floor":22},{"not_picked":["champ:FocusedDefense","champ:ShieldSigil","champ:HeartStrike"],"picked":"SKIP","floor":22},{"not_picked":["champ:BringItOn+1","champ:CalledShot","champ:BladeFlurry+1"],"picked":"SKIP","floor":25},{"not_picked":["champ:RecklessLeap+1","champ:FocusedBerserking","champ:FanOfKnives"],"picked":"SKIP","floor":27},{"not_picked":["champ:Riposte","champ:CrookedStrike","champ:Haymaker"],"picked":"SKIP","floor":28},{"not_picked":["champ:EnragedBash+1","champ:EnGarde+1","champ:SkillfulDodge"],"picked":"SKIP","floor":28},{"not_picked":["champ:LastStand","champ:CalledShot","champ:Circumvent"],"picked":"SKIP","floor":29}],"player_experience":1187230,"relics_obtained":[{"floor":3,"key":"Prayer Wheel"},{"floor":7,"key":"Bronze Scales"},{"floor":10,"key":"Pantograph"},{"floor":19,"key":"downfall:CloakOfManyFaces"},{"floor":20,"key":"Centennial Puzzle"},{"floor":25,"key":"Akabeko"},{"floor":27,"key":"Blue Candle"}],"event_choices":[{"damage_healed":0,"gold_gain":0,"player_choice":"Donut","damage_taken":0,"max_hp_gain":5,"max_hp_loss":0,"event_name":"Big Fish","floor":4,"gold_loss":0}],"is_beta":false,"boss_relics":[{"not_picked":["Calling Bell","Runic Pyramid"],"picked":"champ:ChampionCrownUpgraded"}],"items_purged_floors":[11,29],"is_endless":false,"potions_floor_spawned":[2,5,9,12,16,21,25,27],"killed_by":"Chosen and Byrds","ascension_level":1}}