{"host":"z9zlow7pt2vzlu59","time":1608094355,"event":{"mods":["AchievementEnabler","BaseMod","Colored Powertips","Minty Spire (QoL Compilation)","Permanent Neow"],"gold_per_floor":[118,118,193,193,209,209,240,10,83,98,47,58,70,88,88,88,88],"floor_reached":16,"playtime":437,"items_purged":["Strike_R"],"score":102,"play_id":"eff3feb1-a2aa-4bb5-9350-d1f04413a61d","local_time":"20201215205235","is_ascension_mode":false,"campfire_choices":[{"data":"Bash","floor":6,"key":"SMITH"},{"data":"Body Slam","floor":15,"key":"SMITH"}],"circlet_count":0,"master_deck":["Strike_R","Strike_R","Strike_R","Strike_R","Defend_R","Defend_R","Defend_R","Defend_R","Bash+1","Shrug It Off+1","Body Slam+1","Body Slam"],"relics":["Philosopher\u0027s Stone","Blood Vial","MealTicket","Frozen Egg 2"],"acts_visited":["Exordium"],"potions_floor_usage":[16,16,16],"damage_taken":[{"damage":12,"enemies":"Jaw Worm","floor":1,"turns":3},{"damage":5,"enemies":"2 Louse","floor":5,"turns":3},{"damage":32,"enemies":"Gremlin Nob","floor":7,"turns":5},{"damage":0,"enemies":"Small Slimes","floor":10,"turns":3},{"damage":10,"enemies":"3 Louse","floor":12,"turns":4},{"damage":0,"enemies":"Exordium Wildlife","floor":13,"turns":3},{"damage":8,"enemies":"Large Slime","floor":14,"turns":5},{"damage":42,"enemies":"Slime Boss","floor":16,"turns":10}],"seed_played":"-4815711190569195096","potions_obtained":[{"floor":1,"key":"Explosive Potion"},{"floor":7,"key":"SkillPotion"},{"floor":12,"key":"SpeedPotion"}],"is_trial":false,"path_per_floor":["M","?","?","?","M","R","E","$","T","M","$","M","M","M","R","B"],"character_chosen":"IRONCLAD","items_purchased":["MealTicket","Body Slam"],"campfire_rested":0,"item_purchase_floors":[8,11],"current_hp_per_floor":[68,73,62,62,57,57,25,25,25,27,42,34,36,30,30,0,0],"gold":88,"neow_bonus":"BOSS_RELIC","is_daily":false,"chose_seed":false,"campfire_upgraded":2,"win_rate":0.0,"timestamp":1608094355,"path_taken":["M","?","?","?","M","R","E","$","T","M","$","M","M","M","R","BOSS"],"items_purchased_type":["Relic","Card"],"build_version":"2020-12-13","purchased_purges":1,"victory":false,"max_hp_per_floor":[80,85,85,85,85,85,85,85,85,85,85,85,85,85,85,85,85],"card_choices":[{"not_picked":["Clothesline","Rupture"],"picked":"Shrug It Off","floor":1},{"not_picked":["Anger","Evolve","Twin Strike"],"picked":"SKIP","floor":5},{"not_picked":["Sword Boomerang","Thunderclap","True Grit"],"picked":"SKIP","floor":7},{"not_picked":["Warcry","Dropkick","Evolve+1"],"picked":"SKIP","floor":10},{"not_picked":["Battle Trance","Dark Embrace+1"],"picked":"Body Slam","floor":12},{"not_picked":["Body Slam","Perfected Strike","Clothesline"],"picked":"SKIP","floor":13},{"not_picked":["Power Through","Wild Strike","Perfected Strike"],"picked":"SKIP","floor":14}],"player_experience":125629,"relics_obtained":[{"floor":7,"key":"Blood Vial"},{"floor":9,"key":"Frozen Egg 2"}],"event_choices":[{"damage_healed":0,"gold_gain":0,"player_choice":"Donut","damage_taken":0,"max_hp_gain":5,"max_hp_loss":0,"event_name":"Big Fish","floor":2,"gold_loss":0},{"damage_healed":0,"gold_gain":75,"player_choice":"Gather Gold","damage_taken":11,"max_hp_gain":0,"max_hp_loss":0,"event_name":"World of Goop","floor":3,"gold_loss":0},{"damage_healed":0,"gold_gain":0,"player_choice":"Grow","damage_taken":0,"max_hp_gain":0,"max_hp_loss":0,"event_name":"Living Wall","floor":4,"gold_loss":0,"cards_upgraded":["Shrug It Off"]}],"is_beta":false,"boss_relics":[],"items_purged_floors":[8],"is_endless":false,"potions_floor_spawned":[1,7,12],"killed_by":"Slime Boss","ascension_level":0}}