{"host":"3a1ypf1irl30q4k8","time":1608154897,"event":{"mods":["AchievementEnabler","BaseMod","Bestiary","Colored Map","Minty Spire (QoL Compilation)","Relic Stats"],"gold_per_floor":[114,189,202,39,39,64,64,64,64],"floor_reached":8,"playtime":425,"items_purged":["Strike_G"],"score":86,"play_id":"7ef56ab5-236e-4b58-b2aa-7176b1f1a4ac","local_time":"20201216214137","is_ascension_mode":true,"campfire_choices":[{"floor":7,"key":"REST"}],"circlet_count":0,"master_deck":["AscendersBane","Strike_G","Strike_G","Defend_G","Defend_G","Defend_G","Defend_G","Defend_G","Survivor","Neutralize","Dagger Spray+1","Dodge and Roll","Crippling Poison","Dagger Throw+1","Deadly Poison"],"relics":["Empty Cage","Whetstone"],"acts_visited":["Exordium"],"potions_floor_usage":[6],"damage_taken":[{"damage":0,"enemies":"2 Louse","floor":1,"turns":5},{"damage":8,"enemies":"Jaw Worm","floor":3,"turns":8},{"damage":26,"enemies":"3 Sentries","floor":6,"turns":12},{"damage":41,"enemies":"Lagavulin","floor":8,"turns":6}],"seed_played":"-9064021540413536643","potions_obtained":[{"floor":3,"key":"EssenceOfSteel"}],"is_trial":false,"path_per_floor":["M","?","M","$","?","E","R","E"],"character_chosen":"THE_SILENT","items_purchased":["Crippling Poison","Dagger Throw"],"campfire_rested":1,"item_purchase_floors":[4,4],"current_hp_per_floor":[63,52,44,44,44,18,39,0,0],"gold":64,"neow_bonus":"BOSS_RELIC","is_daily":false,"chose_seed":false,"campfire_upgraded":0,"win_rate":0.0,"timestamp":1608154897,"path_taken":["M","?","M","$","?","E","R","E"],"items_purchased_type":["Card","Card"],"build_version":"2020-12-13","purchased_purges":1,"victory":false,"max_hp_per_floor":[70,70,70,70,70,70,70,70,70],"relic_stats":{"counters":[4,31],"Whetstone":["Dagger Throw","Dagger Spray"],"obtain_stats":[{"Whetstone":6,"Empty Cage":0,"Ring of the Snake":0},{"Whetstone":3,"Empty Cage":0,"Ring of the Snake":0},{"Whetstone":25,"Empty Cage":0,"Ring of the Snake":0}]},"card_choices":[{"not_picked":["Outmaneuver","Poisoned Stab"],"picked":"Dagger Spray","floor":1},{"not_picked":["Accuracy","Catalyst"],"picked":"Dodge and Roll","floor":3},{"not_picked":["Acrobatics","Calculated Gamble"],"picked":"Deadly Poison","floor":6}],"player_experience":849592,"relics_obtained":[{"floor":6,"key":"Whetstone"}],"event_choices":[{"damage_healed":0,"gold_gain":75,"player_choice":"Gather Gold","damage_taken":11,"max_hp_gain":0,"max_hp_loss":0,"event_name":"World of Goop","floor":2,"gold_loss":0},{"damage_healed":0,"gold_gain":0,"player_choice":"Ignored","damage_taken":0,"max_hp_gain":0,"max_hp_loss":0,"event_name":"Golden Wing","floor":5,"gold_loss":0}],"is_beta":false,"boss_relics":[],"items_purged_floors":[4],"is_endless":false,"potions_floor_spawned":[3],"killed_by":"Lagavulin","ascension_level":12}}