{"host":"7y3xcojbvgknqiob","time":1608155700,"event":{"mods":["Aspiration","BaseMod","Best Route Mod","Downfall","Hermit","Magitek Elite","Minty Spire (QoL Compilation)","Potionbrewer","Quick Restart","StSLib","The Bug Knight"],"gold_per_floor":[99,99,99,24,199,232,284,284,309,309,321,331,351,408,419,516,516,516,536,549,579,579,599,599,599,630,555,569,259,259,101,120,217,217,217,52,37,47,47,57,111,140,140,140],"floor_reached":43,"playtime":2999,"items_purged":[],"score":577,"play_id":"2c924fd8-d87a-4008-ba13-a376b5f763ca","local_time":"20201216135500","is_ascension_mode":false,"campfire_choices":[{"floor":1,"key":"RECALL"},{"data":"Guardian:TwinSlam","floor":4,"key":"SMITH"},{"data":"Guardian:CurlUp","floor":8,"key":"SMITH"},{"data":"Guardian:PiercingHide","floor":10,"key":"SMITH"},{"data":"Guardian:DecasProtection","floor":18,"key":"SMITH"},{"floor":25,"key":"REST"},{"data":"Guardian:SpikerProtocol","floor":27,"key":"SMITH"},{"data":"Guardian:TimeSifter","floor":35,"key":"SMITH"},{"data":"Guardian:WalkerClaw","floor":39,"key":"SMITH"}],"circlet_count":0,"master_deck":["Guardian:Strike_Guardian","Guardian:Strike_Guardian","Guardian:Defend_Guardian","Guardian:Defend_Guardian","Guardian:Defend_Guardian","Guardian:CurlUp+1","Guardian:TwinSlam+1","Defend_G","Underhanded Strike","Neutralize","Doubt","Guardian:Recover","Guardian:PiercingHide+1","Guardian:Orbwalk","Guardian:SpikerProtocol+1","Guardian:Incinerate","Guardian:DecasProtection+1","Guardian:Recover","Guardian:HyperBeam_Guardian","Guardian:PiercingHide+1","Guardian:TimeBomb","Guardian:FastForward","Guardian:EvasiveProtocol","Guardian:TimeSifter+1","Guardian:Emergency+1","Guardian:Reroute+1","Guardian:WalkerClaw+1","Guardian:TemporalStrike+1","Guardian:ShieldCharger"],"relics":["Guardian:ModeShifter","downfall:HeartsMalice","downfall:HeartBlessingRed","Letter Opener","Tintinnabulum","Shovel","Guardian:StasisSlotReductionRelic","Meat on the Bone","potionbrewer:ToyAutogyro","Singing Bowl","downfall:HeartBlessingGreen","Bottled Tornado","Ornamental Fan","Guardian:BottledStasis","potionbrewer:Keyblade","MealTicket","Regal Pillow"],"acts_visited":["Exordium","TheCity","TheBeyond"],"potions_floor_usage":[13,13,21,21,31,38],"damage_taken":[{"damage":0,"enemies":"Jaw Worm","floor":3,"turns":1},{"damage":0,"enemies":"3 Sentries","floor":6,"turns":1},{"damage":0,"enemies":"Gremlin Nob","floor":9,"turns":1},{"damage":0,"enemies":"2 Louse","floor":11,"turns":2},{"damage":0,"enemies":"Cultist","floor":12,"turns":4},{"damage":3,"enemies":"Gremlin Gang","floor":13,"turns":4},{"damage":21,"enemies":"Lagavulin Event","floor":14,"turns":7},{"damage":3,"enemies":"Red Slaver","floor":15,"turns":3},{"damage":28,"enemies":"downfall:Silent","floor":16,"turns":9},{"damage":10,"enemies":"Chosen","floor":19,"turns":5},{"damage":0,"enemies":"Shell Parasite","floor":20,"turns":4},{"damage":34,"enemies":"Gremlin Leader","floor":21,"turns":6},{"damage":10,"enemies":"Chosen and Byrds","floor":23,"turns":7},{"damage":7,"enemies":"HollowMod:Nosk","floor":26,"turns":9},{"damage":0,"enemies":"Snake Plant","floor":28,"turns":2},{"damage":0,"enemies":"downfall:FleeingMerchant","floor":29,"turns":4},{"damage":0,"enemies":"downfall:FleeingMerchant","floor":31,"turns":4},{"damage":22,"enemies":"Cultist and Chosen","floor":32,"turns":7},{"damage":0,"enemies":"downfall:Defect","floor":33,"turns":9},{"damage":0,"enemies":"downfall:FleeingMerchant","floor":36,"turns":4},{"damage":0,"enemies":"downfall:FleeingMerchant","floor":37,"turns":4},{"damage":0,"enemies":"Orb Walker","floor":38,"turns":4},{"damage":10,"enemies":"3 Darklings","floor":40,"turns":3},{"damage":50,"enemies":"Nemesis","floor":42,"turns":9},{"damage":52,"enemies":"Maw","floor":43,"turns":8}],"seed_played":"-2328700861026412638","potions_obtained":[{"floor":9,"key":"Swift Potion"},{"floor":12,"key":"potionbrewer:ToxicPotion"},{"floor":16,"key":"Swift Potion"},{"floor":19,"key":"Swift Potion"},{"floor":20,"key":"Explosive Potion"},{"floor":26,"key":"Fire Potion"},{"floor":38,"key":"Fruit Juice"},{"floor":40,"key":"sneckomod:MuddlingPotion"}],"is_trial":false,"path_per_floor":["R","?","M","R","?","E","T","R","E","R","M","M","M","?","M","B",null,"R","M","M","E","?","M","T","R","E","R","M","$","T","$","M","B",null,"R","$","$","M","R","M","T","E","M"],"character_chosen":"GUARDIAN","items_purchased":["Guardian:Gem_Green","Bottled Tornado","Guardian:BottledStasis","potionbrewer:Keyblade"],"campfire_rested":1,"item_purchase_floors":[29,29,31,36],"current_hp_per_floor":[80,80,80,80,80,80,80,80,80,80,80,80,77,57,55,52,80,80,70,71,38,39,42,43,68,62,63,64,65,66,69,48,49,82,82,82,82,87,87,77,78,41,0,0],"gold":140,"neow_bonus":"THREE_ENEMY_KILL","is_daily":false,"chose_seed":false,"campfire_upgraded":7,"win_rate":0.0,"timestamp":1608155700,"path_taken":["R","?","M","R","?","E","T","R","E","R","M","M","M","?","M","BOSS","R","M","M","E","?","?","T","R","E","R","?","$","?","?","M","BOSS","R","$","$","M","R","M","T","E","M"],"items_purchased_type":["Card","Relic","Relic","Relic"],"build_version":"2020-12-13","purchased_purges":0,"victory":false,"max_hp_per_floor":[80,80,80,80,80,80,80,80,80,80,80,80,80,80,80,80,80,80,80,80,80,80,80,80,80,80,80,80,80,80,82,82,82,82,82,82,82,87,87,87,87,87,87,87],"card_choices":[{"not_picked":["Guardian:Incinerate","Guardian:TimeCapacitor"],"picked":"Guardian:Gem_Lightblue","floor":3},{"not_picked":["Guardian:TemporalStrike","Guardian:Orbwalk"],"picked":"Guardian:Recover","floor":6},{"not_picked":["Guardian:PrimingBeam","Guardian:Clone"],"picked":"Guardian:PiercingHide","floor":9},{"not_picked":["Guardian:Preprogram","Guardian:PiercingHide"],"picked":"Guardian:Orbwalk","floor":11},{"not_picked":["Guardian:Gem_Green","Guardian:GuardianWhirl"],"picked":"Guardian:SpikerProtocol","floor":12},{"not_picked":["Guardian:VentSteam","Guardian:TimeSifter"],"picked":"Guardian:Gem_Crimson","floor":13},{"not_picked":["Guardian:Recover","Guardian:CrystalBeam"],"picked":"Guardian:Incinerate","floor":14},{"not_picked":["Guardian:Gem_Cyan","Guardian:Preprogram"],"picked":"Guardian:DecasProtection","floor":15},{"not_picked":["Guardian:AncientConstruct","Guardian:FierceBash"],"picked":"Guardian:Gem_Orange","floor":16},{"not_picked":["Guardian:CrystalBeam+1","Guardian:PolyBeam"],"picked":"Guardian:Recover","floor":19},{"not_picked":["Guardian:FloatingOrbs","Guardian:CrystalBeam","Guardian:Planning"],"picked":"SKIP","floor":20},{"not_picked":["Guardian:Gem_Cyan","Guardian:TemporalStrike"],"picked":"Guardian:Gem_Purple","floor":21},{"not_picked":["Guardian:VentSteam+1","Guardian:RefractedBeam"],"picked":"Guardian:PiercingHide+1","floor":23},{"not_picked":["Guardian:SentryBeam","Guardian:TemporalShield"],"picked":"Guardian:Gem_Fragmented","floor":26},{"not_picked":["Guardian:VentSteam","Guardian:SentryBeam"],"picked":"Guardian:TimeBomb","floor":28},{"not_picked":["Guardian:Gem_Lightblue","Guardian:PrismaticBeam"],"picked":"Guardian:FastForward","floor":29},{"not_picked":["Guardian:MultiBeam","Guardian:TimeBomb","Guardian:PrimingBeam"],"picked":"Singing Bowl","floor":31},{"not_picked":["Guardian:Gem_Crimson","Guardian:Reroute+1"],"picked":"Guardian:EvasiveProtocol","floor":32},{"not_picked":["Guardian:ExploitGems","Guardian:RevengeProtocol"],"picked":"Guardian:TimeSifter","floor":33},{"not_picked":["Guardian:Gem_Green","Guardian:Gem_Blue"],"picked":"Guardian:Emergency+1","floor":36},{"not_picked":["Guardian:VentSteam","Guardian:MultiBeam+1"],"picked":"Guardian:Reroute+1","floor":37},{"not_picked":["Guardian:Reroute","Guardian:VentSteam"],"picked":"Guardian:WalkerClaw","floor":38},{"not_picked":["Guardian:BaubleBeam","Guardian:MultiBeam"],"picked":"Guardian:TemporalStrike+1","floor":40},{"not_picked":["Guardian:PiercingHide","Guardian:VentSteam"],"picked":"Guardian:ShieldCharger","floor":42}],"player_experience":306949,"relics_obtained":[{"floor":6,"key":"Letter Opener"},{"floor":7,"key":"Tintinnabulum"},{"floor":9,"key":"Pantograph"},{"floor":14,"key":"Shovel"},{"floor":21,"key":"Meat on the Bone"},{"floor":24,"key":"potionbrewer:ToyAutogyro"},{"floor":26,"key":"Singing Bowl"},{"floor":30,"key":"Ornamental Fan"},{"floor":41,"key":"MealTicket"},{"floor":42,"key":"Regal Pillow"}],"event_choices":[],"is_beta":false,"boss_relics":[{"not_picked":["aspiration:FutureDiary","Tiny House"],"picked":"Guardian:StasisSlotReductionRelic"},{"not_picked":["Velvet Choker","aspiration:RitualDagger","Snecko Eye"]}],"items_purged_floors":[],"is_endless":false,"potions_floor_spawned":[9,12,16,19,20,26,38,40],"killed_by":"Maw","ascension_level":0}}