{"host":"xkcp1i6l4yppoyj3","time":1608115380,"event":{"mods":["2.2 Compatiblity","AchievementEnabler","BaseMod","Colored Map","Colored Powertips","DeckTracker","Highlight Path","KOR Keyword Fix","Keyboard Shortcuts","Minty Spire (QoL Compilation)","Quick Restart","Relic Stats","StSLib","SuperFastMode","The Hierophant"],"gold_per_floor":[109,109,126,141,154,154,165,165,165,153,163,96,129,140,140,242,242,256,118,132,150,87,105,65,85,112,123,123,113,125,132,132,235,285,286,336,171,81,26,51,59,45,95,115,116,129,129,128,128,18],"floor_reached":51,"playtime":1650,"items_purged":["hierophant:Strike_Hierophant","hierophant:Strike_Hierophant","hierophant:Strike_Hierophant","hierophant:Defend_Hierophant","hierophant:Strike_Hierophant"],"score":1179,"play_id":"34240194-e640-4284-b0ff-e20e1f3c2c0b","local_time":"20201216194300","is_ascension_mode":true,"campfire_choices":[{"data":"hierophant:Punish","floor":6.0,"key":"SMITH"},{"data":"hierophant:Anathema","floor":8.0,"key":"SMITH"},{"data":"hierophant:LocustPlague","floor":15.0,"key":"SMITH"},{"floor":28.0,"key":"REST"},{"data":"hierophant:Levitation","floor":32.0,"key":"SMITH"},{"data":"Secret Weapon","floor":47.0,"key":"SMITH"},{"data":"hierophant:Levitation","floor":49,"key":"SMITH"}],"circlet_count":0,"master_deck":["hierophant:Punish+1","hierophant:Defend_Hierophant+1","hierophant:Defend_Hierophant+1","hierophant:ChurchCoffers+1","hierophant:Invocation","hierophant:Anathema+1","hierophant:LocustPlague+1","hierophant:Kindle+1","hierophant:Invocation","Secret Weapon+1","hierophant:Bribe","hierophant:Levitation+1","hierophant:Levitation+1","hierophant:SolarFlare+1","hierophant:Levitation"],"relics":["hierophant:PropheticMaskRelic","Mercury Hourglass","Membership Card","CaptainsWheel","SacredBark","Molten Egg 2","Sundial","Blood Vial","Incense Burner","Tiny House","Turnip","Orrery","Vajra","Anchor","Art of War","Regal Pillow"],"acts_visited":["Exordium","TheCity","TheBeyond"],"potions_floor_usage":[50],"damage_taken":[{"damage":0.0,"enemies":"2 Louse","floor":1.0,"turns":1.0},{"damage":0.0,"enemies":"Cultist","floor":3.0,"turns":3.0},{"damage":2.0,"enemies":"Small Slimes","floor":4.0,"turns":2.0},{"damage":3.0,"enemies":"Exordium Wildlife","floor":5.0,"turns":4.0},{"damage":0.0,"enemies":"Red Slaver","floor":7.0,"turns":4.0},{"damage":3.0,"enemies":"Looter","floor":10.0,"turns":2.0},{"damage":0.0,"enemies":"3 Louse","floor":11.0,"turns":1.0},{"damage":16.0,"enemies":"Gremlin Nob","floor":13.0,"turns":3.0},{"damage":6.0,"enemies":"Gremlin Gang","floor":14.0,"turns":2.0},{"damage":7.0,"enemies":"The Guardian","floor":16.0,"turns":7.0},{"damage":19.0,"enemies":"Shell Parasite","floor":18.0,"turns":5.0},{"damage":12.0,"enemies":"Chosen","floor":20.0,"turns":2.0},{"damage":9.0,"enemies":"Centurion and Healer","floor":21.0,"turns":3.0},{"damage":18.0,"enemies":"Gremlin Leader","floor":23.0,"turns":4.0},{"damage":19.0,"enemies":"Book of Stabbing","floor":25.0,"turns":3.0},{"damage":0.0,"enemies":"Snake Plant","floor":27.0,"turns":1.0},{"damage":7.0,"enemies":"Cultist and Chosen","floor":29.0,"turns":4.0},{"damage":9.0,"enemies":"Centurion and Healer","floor":30.0,"turns":3.0},{"damage":25.0,"enemies":"Collector","floor":33.0,"turns":5.0},{"damage":2.0,"enemies":"3 Darklings","floor":35.0,"turns":5.0},{"damage":1.0,"enemies":"Mind Bloom Boss Battle","floor":36.0,"turns":3.0},{"damage":28.0,"enemies":"3 Shapes","floor":39.0,"turns":5.0},{"damage":1.0,"enemies":"Giant Head","floor":40.0,"turns":6.0},{"damage":1.0,"enemies":"Maw","floor":41.0,"turns":3.0},{"damage":1.0,"enemies":"Nemesis","floor":42.0,"turns":3.0},{"damage":0.0,"enemies":"Spire Growth","floor":44.0,"turns":3.0},{"damage":2.0,"enemies":"Reptomancer","floor":45.0,"turns":3.0},{"damage":8.0,"enemies":"3 Darklings","floor":46.0,"turns":3.0},{"damage":1,"enemies":"Maw","floor":48,"turns":5},{"damage":12,"enemies":"Donu and Deca","floor":50,"turns":8}],"seed_played":"-8398905591865083907","potions_obtained":[{"floor":4.0,"key":"Explosive Potion"},{"floor":7.0,"key":"Strength Potion"},{"floor":13.0,"key":"Fire Potion"},{"floor":16.0,"key":"SteroidPotion"},{"floor":21.0,"key":"EssenceOfSteel"},{"floor":24.0,"key":"PowerPotion"},{"floor":24.0,"key":"ColorlessPotion"},{"floor":24.0,"key":"Regen Potion"},{"floor":29.0,"key":"AttackPotion"},{"floor":30.0,"key":"DuplicationPotion"},{"floor":34.0,"key":"Weak Potion"},{"floor":40.0,"key":"PowerPotion"},{"floor":45.0,"key":"Explosive Potion"},{"floor":46.0,"key":"Dexterity Potion"}],"is_trial":false,"path_per_floor":["M","?","M","M","M","R","M","R","T","M","M","$","E","M","R","B",null,"M","$","M","M","$","E","?","E","T","M","R","M","M","$","R","B",null,"M","?","$","?","M","E","M","E","T","M","E","M","R","M","R","B",null],"character_chosen":"HIEROPHANT","items_purchased":["Membership Card","hierophant:LocustPlague","Secret Weapon","hierophant:Levitation","Incense Burner","Orrery"],"campfire_rested":1,"item_purchase_floors":[12,12,19,31,31,37],"current_hp_per_floor":[75,60,60,58,55,55,55,55,55,52,52,52,36,30,30,23,75,56,56,44,35,35,17,17,17,17,19,41,36,29,29,29,6,80,78,79,79,79,52,53,54,55,55,57,57,51,51,52,52,42],"gold":18,"neow_bonus":"ONE_RANDOM_RARE_CARD","is_daily":false,"chose_seed":false,"campfire_upgraded":6,"win_rate":0.0,"timestamp":1608115380,"path_taken":["M","?","M","M","M","R","M","R","T","M","M","$","E","M","R","BOSS","M","$","M","M","$","E","?","E","T","?","R","M","M","$","R","BOSS","M","?","$","?","M","E","M","E","T","?","E","M","R","M","R","BOSS"],"items_purchased_type":["Relic","Card","Card","Card","Relic","Relic"],"build_version":"2020-12-13","purchased_purges":5,"victory":true,"max_hp_per_floor":[75,75,75,75,75,75,75,75,75,75,75,75,75,75,75,75,75,75,75,75,75,75,75,75,75,75,75,75,75,75,75,75,75,80,80,80,80,80,80,80,80,80,80,80,80,80,80,80,80,80],"relic_stats":{"Blood Vial":27,"Regal Pillow":0,"counters":[30,105],"Sundial":[12],"Turnip":[6],"Art of War":[7],"obtain_stats":[{"Regal Pillow":45,"Tiny House":34,"hierophant:PropheticMaskRelic":0,"SacredBark":17,"Vajra":40,"Incense Burner":31,"Mercury Hourglass":9,"Blood Vial":26,"CaptainsWheel":13,"Anchor":42,"Sundial":25,"Orrery":37,"Molten Egg 2":23,"Turnip":36,"Art of War":43,"Membership Card":12},{"Regal Pillow":27,"Tiny House":19,"hierophant:PropheticMaskRelic":0,"SacredBark":10,"Vajra":23,"Incense Burner":18,"Mercury Hourglass":5,"Blood Vial":15,"CaptainsWheel":8,"Anchor":25,"Sundial":15,"Orrery":21,"Molten Egg 2":14,"Turnip":21,"Art of War":25,"Membership Card":7},{"Regal Pillow":89,"Tiny House":58,"hierophant:PropheticMaskRelic":0,"SacredBark":28,"Vajra":77,"Incense Burner":53,"Mercury Hourglass":14,"Blood Vial":45,"CaptainsWheel":20,"Anchor":83,"Sundial":45,"Orrery":66,"Molten Egg 2":42,"Turnip":66,"Art of War":83,"Membership Card":17}],"Mercury Hourglass":[360]},"card_choices":[{"not_picked":["hierophant:AuricBeam","hierophant:PristineSoul","hierophant:Prophecy"],"picked":"SKIP","floor":1.0},{"not_picked":["hierophant:Purify","hierophant:Smite","hierophant:ThreeLashes"],"picked":"SKIP","floor":3.0},{"not_picked":["hierophant:MorningPrayer","hierophant:SealAway","hierophant:Chorus"],"picked":"SKIP","floor":4.0},{"not_picked":["hierophant:RustyCrate","hierophant:CoinFling","hierophant:Prophecy"],"picked":"SKIP","floor":5.0},{"not_picked":["hierophant:Sermon","hierophant:FieryStrike"],"picked":"hierophant:Anathema","floor":7.0},{"not_picked":["hierophant:Encroach","hierophant:RepressedViolence","hierophant:Embezzle"],"picked":"SKIP","floor":10.0},{"not_picked":["hierophant:AuricBeam","hierophant:DisplayOfPower","hierophant:Encroach"],"picked":"SKIP","floor":11.0},{"not_picked":["hierophant:FieryStrike","hierophant:MirrorShield","hierophant:Remorse"],"picked":"SKIP","floor":13.0},{"not_picked":["hierophant:RustyCrate","hierophant:Kindle","hierophant:Doubloon"],"picked":"SKIP","floor":14.0},{"not_picked":["hierophant:RustyCrate","hierophant:Doubloon"],"picked":"hierophant:Kindle","floor":14.0},{"not_picked":["hierophant:Generosity","hierophant:Anathema"],"picked":"hierophant:Invocation","floor":16.0},{"not_picked":["hierophant:ThreeLashes","hierophant:AuricShield+1","hierophant:Doubloon"],"picked":"SKIP","floor":18.0},{"not_picked":["hierophant:Smite","hierophant:CursedGold","hierophant:Endure"],"picked":"SKIP","floor":20.0},{"not_picked":["hierophant:CursedGold+1","hierophant:AuricBeam","hierophant:SealAway"],"picked":"SKIP","floor":21.0},{"not_picked":["hierophant:Charity+1","hierophant:FlamingChariot+1","hierophant:RepressedViolence+1"],"picked":"SKIP","floor":23.0},{"not_picked":["hierophant:Repentance","hierophant:FaithHealing","hierophant:HammerAndAnvil"],"picked":"SKIP","floor":25.0},{"not_picked":["hierophant:Shelter","hierophant:Chorus","hierophant:OrnateBuckler+1"],"picked":"SKIP","floor":27.0},{"not_picked":["hierophant:MirrorShield","hierophant:Mercenaries+1","hierophant:MorningPrayer"],"picked":"SKIP","floor":29.0},{"not_picked":["hierophant:RecallFunds+1","hierophant:PristineSoul+1"],"picked":"hierophant:Bribe","floor":30.0},{"not_picked":["hierophant:Cornucopia","hierophant:LocustPlague+1"],"picked":"hierophant:Levitation","floor":33.0},{"not_picked":["hierophant:Patience","hierophant:Exaltation+1","hierophant:OrnateBuckler+1"],"picked":"SKIP","floor":35.0},{"not_picked":["hierophant:OrnateBuckler+1","hierophant:Patience"],"picked":"hierophant:SolarFlare+1","floor":37.0},{"not_picked":["hierophant:Shelter+1","hierophant:MorningPrayer+1","hierophant:Sermon+1"],"picked":"SKIP","floor":39.0},{"not_picked":["hierophant:SealAway+1","hierophant:Zeal+1","hierophant:ConvertCurrency"],"picked":"SKIP","floor":40.0},{"not_picked":["hierophant:Alms","hierophant:Purify+1","hierophant:Refuge+1"],"picked":"SKIP","floor":41.0},{"not_picked":["hierophant:Zeal+1","hierophant:DisplayOfPower+1","hierophant:Embezzle"],"picked":"SKIP","floor":42.0},{"not_picked":["hierophant:Sermon+1","hierophant:Patience"],"picked":"hierophant:Levitation","floor":44.0},{"not_picked":["hierophant:HolyVerse","hierophant:Upheaval+1","hierophant:Zeal+1"],"picked":"SKIP","floor":45.0},{"not_picked":["hierophant:AuricShield","hierophant:MorningPrayer+1","hierophant:OrnateBuckler"],"picked":"SKIP","floor":46.0},{"not_picked":["hierophant:CoinFling+1","hierophant:RepressedViolence+1","hierophant:SealAway+1"],"picked":"SKIP","floor":48}],"player_experience":486608,"relics_obtained":[{"floor":9.0,"key":"Mercury Hourglass"},{"floor":13.0,"key":"CaptainsWheel"},{"floor":23.0,"key":"Molten Egg 2"},{"floor":25.0,"key":"Sundial"},{"floor":26.0,"key":"Blood Vial"},{"floor":36.0,"key":"Turnip"},{"floor":40.0,"key":"Vajra"},{"floor":42.0,"key":"Anchor"},{"floor":43.0,"key":"Art of War"},{"floor":45.0,"key":"Regal Pillow"}],"event_choices":[{"damage_healed":0.0,"max_hp_gain":0.0,"max_hp_loss":0.0,"gold_gain":0.0,"event_name":"Shining Light","player_choice":"Entered Light","floor":2.0,"gold_loss":0.0,"damage_taken":15.0,"cards_upgraded":["hierophant:ChurchCoffers","hierophant:Defend_Hierophant"]},{"damage_healed":0.0,"max_hp_gain":0.0,"max_hp_loss":0.0,"gold_gain":0.0,"event_name":"The Woman in Blue","player_choice":"Bought 3 Potions","floor":24.0,"gold_loss":0.0,"damage_taken":0.0},{"damage_healed":0.0,"max_hp_gain":0.0,"max_hp_loss":0.0,"gold_gain":0.0,"event_name":"MindBloom","player_choice":"Fight","floor":36.0,"gold_loss":0.0,"damage_taken":0.0},{"cards_removed":["hierophant:Defend_Hierophant"],"damage_healed":0.0,"max_hp_gain":0.0,"max_hp_loss":0.0,"gold_gain":0.0,"event_name":"Designer","player_choice":"Upgrade and Remove","floor":38.0,"gold_loss":90.0,"damage_taken":0.0,"cards_upgraded":["hierophant:Defend_Hierophant"]}],"is_beta":false,"boss_relics":[{"not_picked":["Calling Bell","SlaversCollar"],"picked":"SacredBark"},{"not_picked":["Black Star","Astrolabe"],"picked":"Tiny House"}],"items_purged_floors":[12,19,22,31,37],"is_endless":false,"potions_floor_spawned":[4,7,13,16,21,29,30,40,45,46],"ascension_level":3}}