{"host":"6xsbn6ynqlzwllfm","time":1608133102,"event":{"mods":["2.2 Compatiblity","BaseMod","Bestiary","Colored Map","Colored Powertips","Curses Come First","Downfall","Highlight Path","Minty Spire (QoL Compilation)","Quick Restart","Relic Stats","Slay the Relics Exporter","StSLib","SuperFastMode"],"gold_per_floor":[112,122,122,134,148,148,160,160,187,187,217,232,248,266,266,340,340,358,377,377,395,415,415,444,444,493,493,493],"floor_reached":27,"playtime":1024,"items_purged":[],"score":503,"play_id":"eacd0989-4a31-446e-bead-30f65a9455ab","local_time":"20201216103822","is_ascension_mode":true,"campfire_choices":[{"data":"Uppercut","floor":6,"key":"SMITH"},{"data":"Defend_R","floor":8,"key":"SMITH"},{"data":"Iron Wave","floor":10,"key":"SMITH"},{"floor":15,"key":"REST"},{"data":"Armaments","floor":23,"key":"SMITH"},{"floor":25,"key":"REST"}],"circlet_count":0,"master_deck":["AscendersBane","Defend_R+1","Defend_R+1","Defend_R","Bash","Uppercut+1","Seeing Red+1","Cleave","Iron Wave+1","Disarm","Battle Trance","Shrug It Off","Armaments+1","Immolate","Fire Breathing","Iron Wave+1","Bite","Bite","Bite","Bite","Bite","Power Through"],"relics":["Empty Cage","Potion Belt","War Paint","Happy Flower","Sozu","Molten Egg 2"],"acts_visited":["Exordium","TheCity"],"potions_floor_usage":[11,16,24],"damage_taken":[{"damage":10,"enemies":"2 Louse","floor":1,"turns":3},{"damage":1,"enemies":"Cultist","floor":2,"turns":3},{"damage":8,"enemies":"Jaw Worm","floor":4,"turns":4},{"damage":8,"enemies":"2 Fungi Beasts","floor":5,"turns":4},{"damage":7,"enemies":"Exordium Wildlife","floor":7,"turns":3},{"damage":10,"enemies":"Lagavulin","floor":11,"turns":5},{"damage":11,"enemies":"3 Louse","floor":12,"turns":5},{"damage":0,"enemies":"Large Slime","floor":13,"turns":4},{"damage":9,"enemies":"Blue Slaver","floor":14,"turns":3},{"damage":17,"enemies":"The Guardian","floor":16,"turns":10},{"damage":15,"enemies":"Spheric Guardian","floor":18,"turns":5},{"damage":0,"enemies":"Chosen","floor":19,"turns":4},{"damage":6,"enemies":"Centurion and Healer","floor":21,"turns":7},{"damage":16,"enemies":"Shelled Parasite and Fungi","floor":22,"turns":6},{"damage":49,"enemies":"Slavers","floor":24,"turns":7},{"damage":33,"enemies":"Gremlin Leader","floor":27,"turns":2}],"seed_played":"-2417898187727858059","potions_obtained":[{"floor":1,"key":"AttackPotion"},{"floor":4,"key":"SteroidPotion"},{"floor":13,"key":"Fire Potion"},{"floor":14,"key":"Strength Potion"}],"is_trial":false,"path_per_floor":["M","M","?","M","M","R","M","R","T","R","E","M","M","M","R","B",null,"M","M","?","M","M","R","E","R","T","E"],"character_chosen":"IRONCLAD","items_purchased":[],"campfire_rested":2,"item_purchase_floors":[],"current_hp_per_floor":[58,57,57,49,41,41,34,34,34,34,24,13,13,4,26,9,59,44,44,44,52,46,46,14,29,29,0,0],"gold":493,"neow_bonus":"BOSS_RELIC","is_daily":false,"chose_seed":false,"campfire_upgraded":4,"win_rate":0.0,"timestamp":1608133102,"path_taken":["M","M","?","?","M","R","M","R","T","R","E","M","M","M","R","BOSS","M","M","?","M","M","R","E","R","T","E"],"items_purchased_type":[],"build_version":"2020-12-13","purchased_purges":0,"victory":false,"max_hp_per_floor":[75,75,75,75,75,75,75,75,75,75,75,75,75,75,75,75,75,75,75,52,52,52,52,52,52,52,52,52],"relic_stats":{"Sozu":3,"Happy Flower":[17],"counters":[16,75],"War Paint":["Defend_R","Seeing Red"],"obtain_stats":[{"Potion Belt":3,"Sozu":17,"Happy Flower":11,"Molten Egg 2":24,"War Paint":9,"Empty Cage":0,"Burning Blood":0},{"Potion Belt":2,"Sozu":10,"Happy Flower":6,"Molten Egg 2":15,"War Paint":5,"Empty Cage":0,"Burning Blood":0},{"Potion Belt":6,"Sozu":44,"Happy Flower":22,"Molten Egg 2":73,"War Paint":17,"Empty Cage":0,"Burning Blood":0}]},"card_choices":[{"not_picked":["Anger","Flex"],"picked":"Uppercut","floor":1},{"not_picked":["Headbutt","Uppercut","Clothesline"],"picked":"SKIP","floor":2},{"not_picked":["Dark Embrace","Armaments"],"picked":"Seeing Red","floor":4},{"not_picked":["Reckless Charge","Bloodletting"],"picked":"Cleave","floor":5},{"not_picked":["Fire Breathing","Sword Boomerang"],"picked":"Iron Wave","floor":7},{"not_picked":["Perfected Strike","Warcry"],"picked":"Disarm","floor":11},{"not_picked":["Wild Strike","Fire Breathing"],"picked":"Battle Trance","floor":12},{"not_picked":["Armaments","Disarm"],"picked":"Shrug It Off","floor":13},{"not_picked":["Reckless Charge","Heavy Blade"],"picked":"Armaments","floor":14},{"not_picked":["Bludgeon","Offering"],"picked":"Immolate","floor":16},{"not_picked":["Cleave","Thunderclap"],"picked":"Fire Breathing","floor":18},{"not_picked":["Rage","Blood for Blood"],"picked":"Iron Wave+1","floor":19},{"not_picked":["Cleave+1","Clothesline"],"picked":"Power Through","floor":22},{"not_picked":["Rupture+1","Hemokinesis+1","Searing Blow+1"],"picked":"SKIP","floor":24}],"player_experience":1218937,"relics_obtained":[{"floor":9,"key":"War Paint"},{"floor":11,"key":"Happy Flower"},{"floor":24,"key":"Molten Egg 2"}],"event_choices":[{"damage_healed":0,"gold_gain":0,"player_choice":"Gave Potion","damage_taken":0,"relics_obtained":["Potion Belt"],"max_hp_gain":0,"max_hp_loss":0,"event_name":"WeMeetAgain","floor":3,"gold_loss":0},{"damage_healed":0,"gold_gain":0,"player_choice":"Became a vampire","damage_taken":0,"max_hp_gain":0,"max_hp_loss":23,"event_name":"Vampires","floor":20,"gold_loss":0,"cards_obtained":["Bite","Bite","Bite","Bite","Bite"]}],"is_beta":false,"boss_relics":[{"not_picked":["SlaversCollar","Runic Cube"],"picked":"Sozu"}],"items_purged_floors":[],"is_endless":false,"potions_floor_spawned":[1,4,13,14,18,19,24],"killed_by":"Gremlin Leader","ascension_level":20}}