{"host":"hdafziggwnbzqpcb","time":1608151113,"event":{"mods":["BaseMod","Better Vampires","Colored Map","Colored Powertips","GifTheSpireLib","Minty Spire (QoL Compilation)","Quick Restart","Rare Cards Sparkle","StSLib","The Bug Knight","The Cursed","TheHero"],"gold_per_floor":[20,20,20,20,20,20,37,37,109,137,157,157,173,25,25,123,123,143,174,188,11,11,11,26,26,26,42,60,60,70,80,80,80,80],"floor_reached":33,"playtime":2118,"items_purged":["HollowMod:NailStrikeStart"],"score":262,"play_id":"544f97fc-39c2-4b8b-84a1-ee8eeaa450b9","local_time":"20201216123833","is_ascension_mode":false,"campfire_choices":[{"data":"HollowMod:ChannelNail","floor":6.0,"key":"SMITH"},{"data":"HollowMod:CycloneSlash","floor":8.0,"key":"SMITH"},{"floor":15,"key":"REST"},{"floor":23,"key":"REST"},{"floor":29,"key":"REST"},{"floor":32,"key":"REST"}],"circlet_count":0,"master_deck":["HollowMod:NailStrikeStart","HollowMod:NailStrikeStart","HollowMod:QuickDashStart","HollowMod:QuickDashStart","HollowMod:FocusHealStart","HollowMod:PogoStrike","HollowMod:ChannelNail+1","HollowMod:CycloneSlash+1","HollowMod:SoulStrike","HollowMod:DashSlash","HollowMod:CloakDash+1","HollowMod:HowlingWraiths+1","HollowMod:GoodIntentions"],"relics":["HollowMod:VesselMask","Matryoshka","Odd Mushroom","HollowMod:KingsBrand","Mummified Hand","Omamori","SlaversCollar","HollowMod:GreatKnightMask","HollowMod:LumaflyLanternRelic","Centennial Puzzle"],"acts_visited":["Exordium","TheCity"],"potions_floor_usage":[13,18,27,31,33],"damage_taken":[{"damage":2.0,"enemies":"2 Louse","floor":1.0,"turns":2.0},{"damage":1.0,"enemies":"Jaw Worm","floor":7.0,"turns":4.0},{"damage":25,"enemies":"The Mushroom Lair","floor":10,"turns":3},{"damage":0,"enemies":"Small Slimes","floor":11,"turns":3},{"damage":10,"enemies":"Exordium Thugs","floor":13,"turns":3},{"damage":50,"enemies":"HollowMod:FalseKnight","floor":16,"turns":8},{"damage":25,"enemies":"Spheric Guardian","floor":18,"turns":4},{"damage":0,"enemies":"HollowMod:Zote","floor":19,"turns":2},{"damage":27,"enemies":"2 Thieves","floor":20,"turns":4},{"damage":46,"enemies":"Sentry and Sphere","floor":24,"turns":6},{"damage":5,"enemies":"3 Cultists","floor":27,"turns":4},{"damage":20,"enemies":"Centurion and Healer","floor":28,"turns":4},{"damage":2,"enemies":"Cultist and Chosen","floor":30,"turns":6},{"damage":21,"enemies":"Snake Plant","floor":31,"turns":5},{"damage":57,"enemies":"Champ","floor":33,"turns":14}],"seed_played":"-2866468151263361122","potions_obtained":[{"floor":7.0,"key":"ColorlessPotion"},{"floor":10,"key":"GamblersBrew"},{"floor":24,"key":"SteroidPotion"},{"floor":30,"key":"SpeedPotion"},{"floor":31,"key":"ColorlessPotion"}],"is_trial":false,"path_per_floor":["M","?","?","$","T","R","M","R","T","?","M","T","M","$","R","B",null,"M","?","M","$","?","R","M","?","T","M","M","R","M","M","R","B"],"character_chosen":"THE_BUGKNIGHT","items_purchased":["Omamori","FairyPotion"],"campfire_rested":4,"item_purchase_floors":[14,21],"current_hp_per_floor":[73,73,73,73,73,73,72,72,72,53,53,53,49,49,71,27,75,55,55,28,28,14,38,2,2,2,7,13,37,35,14,38,0,0],"gold":80,"neow_bonus":"REMOVE_TWO","is_daily":false,"chose_seed":false,"campfire_upgraded":2,"win_rate":0.0,"timestamp":1608151113,"path_taken":["M","?","?","?","?","R","M","R","T","?","?","?","M","$","R","BOSS","M","?","M","$","?","R","M","?","T","M","?","R","M","M","R","BOSS"],"items_purchased_type":["Relic","Potion"],"build_version":"2020-12-13","purchased_purges":1,"victory":false,"max_hp_per_floor":[75,75,75,75,75,75,75,75,75,75,75,75,75,75,75,75,75,75,75,75,75,80,80,80,80,80,80,80,80,80,80,80,80,80],"card_choices":[{"not_picked":["HollowMod:ShadowDash","HollowMod:InfectedCysts"],"picked":"HollowMod:ChannelNail","floor":1.0},{"not_picked":["HollowMod:DescendingDark","HollowMod:SiblingsSouls"],"picked":"HollowMod:CycloneSlash","floor":7.0},{"not_picked":["HollowMod:GoodIntentions","HollowMod:SiblingsShadow","HollowMod:SharpenedShadows"],"picked":"SKIP","floor":11},{"not_picked":["HollowMod:GoodIntentions","HollowMod:SiblingsShadow","HollowMod:SharpenedShadows"],"picked":"SKIP","floor":11},{"not_picked":["HollowMod:DesolateDive","HollowMod:InfectedCysts","HollowMod:VengefulVoid"],"picked":"SKIP","floor":13},{"not_picked":["HollowMod:NewLittleFool","HollowMod:SoulShaman+1"],"picked":"HollowMod:SoulStrike","floor":18},{"not_picked":["HollowMod:CycloneSlash+1","HollowMod:ShadowDash"],"picked":"HollowMod:DashSlash","floor":19},{"not_picked":["HollowMod:VengefulVoid+1","HollowMod:MawleksShell+1","HollowMod:GreatSlash"],"picked":"SKIP","floor":20},{"not_picked":["HollowMod:ShadowDash","HollowMod:DoubleDash"],"picked":"HollowMod:CloakDash+1","floor":24},{"not_picked":["HollowMod:CloakDash","HollowMod:LifebloodCocoon"],"picked":"HollowMod:HowlingWraiths+1","floor":27},{"not_picked":["HollowMod:LifebloodCocoon","HollowMod:HowlingWraiths+1"],"picked":"HollowMod:GoodIntentions","floor":28},{"not_picked":["HollowMod:WraithStrike+1","HollowMod:SlysStrikes","HollowMod:SiblingsSouls"],"picked":"SKIP","floor":30},{"not_picked":["HollowMod:ShapeofUnn","HollowMod:SharpenedShadows","HollowMod:SoulSplash"],"picked":"SKIP","floor":31}],"player_experience":612415,"relics_obtained":[{"floor":9.0,"key":"Matryoshka"},{"floor":10,"key":"Odd Mushroom"},{"floor":12,"key":"HollowMod:KingsBrand"},{"floor":12,"key":"Mummified Hand"},{"floor":19,"key":"HollowMod:GreatKnightMask"},{"floor":26,"key":"HollowMod:LumaflyLanternRelic"},{"floor":26,"key":"Centennial Puzzle"}],"event_choices":[{"cards_removed":["HollowMod:QuickDashStart"],"damage_healed":0.0,"max_hp_gain":0.0,"max_hp_loss":0.0,"gold_gain":0.0,"event_name":"Living Wall","player_choice":"Forget","floor":2.0,"gold_loss":0.0,"damage_taken":0.0},{"damage_healed":0,"gold_gain":0,"player_choice":"Fought Mushrooms","damage_taken":0,"max_hp_gain":0,"max_hp_loss":0,"event_name":"Mushrooms","floor":10,"gold_loss":0},{"damage_healed":0,"gold_gain":0,"player_choice":"Shed Blood","damage_taken":19,"max_hp_gain":5,"max_hp_loss":0,"event_name":"Forgotten Altar","floor":22,"gold_loss":0},{"damage_healed":0,"gold_gain":0,"player_choice":"Ignored","damage_taken":0,"max_hp_gain":0,"max_hp_loss":0,"event_name":"Vampires","floor":25,"gold_loss":0}],"is_beta":false,"boss_relics":[{"not_picked":["Snecko Eye","Pandora\u0027s Box"],"picked":"SlaversCollar"}],"items_purged_floors":[21],"is_endless":false,"potions_floor_spawned":[7,10,24,30,31],"killed_by":"Champ","ascension_level":0}}