{"host":"j9rq22nraqsrbvz2","time":1608134796,"event":{"mods":["AchievementEnabler","Act Like it!","BaseMod","BetterRewards","Colored Map","Colored Powertips","Conspire","Downfall","Friendly Minions","GifTheSpireLib","Googly Eyes","Gremlin Mod","Halation","Hallownest","Hermit","Hubris","Hunter ??","Kiyohime????","Mimic Mod","Minty Spire (QoL Compilation)","Replay The Spire","Shop Mod","StSLib","Stuff the Spire","The Administrix","The Bug Knight","The Factory","The IronCluck","The Jungle","TheBandit"],"gold_per_floor":[115,131,131,131,131,162,6,32,32,32,52,52,52,63,63,162,162,182,182,182,31,31,31,31,48,71,88,65,65,31,41,41,139,139,154,154,1,11,11,11],"floor_reached":39,"playtime":2884,"items_purged":[],"score":410,"play_id":"90fe63db-0a43-40bd-a1e3-64690682c9d1","local_time":"20201216110636","is_ascension_mode":false,"campfire_choices":[{"floor":10,"key":"REST"},{"data":"hermit:ShadowCloak","floor":13,"key":"SMITH"},{"floor":15,"key":"REST"},{"floor":23,"key":"REST"},{"floor":29,"key":"REST"},{"floor":32,"key":"REST"}],"circlet_count":0,"master_deck":["hermit:Strike_Hermit","hermit:Strike_Hermit","hermit:Strike_Hermit","hermit:Strike_Hermit","hermit:Defend_Hermit","hermit:Defend_Hermit","hermit:Defend_Hermit","hermit:Defend_Hermit","hermit:Snapshot","hermit:Covet","hermit:Enervate","hermit:Roulette+1","hermit:WideOpen","hermit:Snipe+1","hermit:ShadowCloak+1","hermit:Ricochet","hermit:DeadOrAlive","hermit:CalledShot+1","hermit:TakeAim","hermit:Misfire+1","hermit:Headshot+1","hermit:Manifest","hermit:ShadowCloak+1","hermit:Shortfuse","hermit:BodyArmor","hermit:Deadeye","hermit:EternalForm","hermit:NoHoldsBarred+1","hermit:Misfire+1"],"relics":["hermit:Momento","NeowsBlessing","White Beast Statue","hubris:TenFootPole","Nunchaku","Replay:WaspNest","Black Star","Nilry\u0027s Codex","hubris:Towel","Anchor","Dream Catcher","HollowMod:PaleOreRelic","Bronze Scales","hubris:Backtick","Thread and Needle","halation:Jellyphish","halation:TwoAmDonut"],"acts_visited":["Exordium","TheCity","TheBeyond"],"potions_floor_usage":[16,16,16,27,27,31,33,39,39,39],"damage_taken":[{"damage":0,"enemies":"Jaw Worm","floor":1,"turns":1},{"damage":0,"enemies":"2 Louse","floor":2,"turns":1},{"damage":0,"enemies":"Gremlin Nob","floor":6,"turns":1},{"damage":26,"enemies":"Lagavulin","floor":8,"turns":5},{"damage":1,"enemies":"Cultist","floor":11,"turns":3},{"damage":12,"enemies":"Exordium Thugs","floor":14,"turns":3},{"damage":17,"enemies":"Fading Forest","floor":16,"turns":11},{"damage":20,"enemies":"Spheric Guardian","floor":18,"turns":4},{"damage":14,"enemies":"Shell Parasite","floor":25,"turns":5},{"damage":9,"enemies":"Snecko","floor":27,"turns":5},{"damage":21,"enemies":"Centurion and Healer","floor":31,"turns":6},{"damage":33,"enemies":"conspire:MysteriousRune","floor":33,"turns":8},{"damage":22,"enemies":"Orb Walker","floor":35,"turns":4},{"damage":32,"enemies":"3 Darklings","floor":38,"turns":4},{"damage":23,"enemies":"4 Shapes","floor":39,"turns":5}],"seed_played":"-2273821115279920554","potions_obtained":[{"floor":8,"key":"Strength Potion"},{"floor":11,"key":"Dexterity Potion"},{"floor":14,"key":"SneckoOil"},{"floor":16,"key":"BlessingOfTheForge"},{"floor":18,"key":"hermit:Tonic"},{"floor":25,"key":"SkillPotion"},{"floor":27,"key":"Regen Potion"},{"floor":31,"key":"Dexterity Potion"},{"floor":33,"key":"sneckomod:MuddlingPotion"},{"floor":35,"key":"Weak Potion"},{"floor":38,"key":"Milkshake"}],"is_trial":false,"path_per_floor":["M","M","?","$","?","E","$","E","T","R","M","?","R","M","R","B",null,"M","?","?","$","T","R","?","M","T","M","$","R","$","M","R_BF","B",null,"M","?","$","M","M"],"character_chosen":"HERMIT","items_purchased":["hubris:TenFootPole","Anchor","hermit:Manifest","hermit:Shortfuse","halation:Jellyphish"],"campfire_rested":5,"item_purchase_floors":[7,21,28,30,37],"current_hp_per_floor":[75,75,75,75,75,75,75,49,49,71,70,70,70,58,75,58,75,55,48,48,48,48,70,70,56,56,47,47,69,69,62,75,42,75,53,53,53,21,0,0],"gold":11,"neow_bonus":"THREE_ENEMY_KILL","is_daily":false,"chose_seed":false,"campfire_upgraded":1,"win_rate":0.0,"timestamp":1608134796,"path_taken":["M","M","?","$","?","E","?","E","T","R","M","?","R","M","R","BOSS","M","?","?","$","?","R","?","M","T","?","$","R","?","M","R_BF","BOSS","M","?","$","?","M"],"items_purchased_type":["Relic","Relic","Card","Card","Relic"],"build_version":"2020-12-13","purchased_purges":0,"victory":false,"max_hp_per_floor":[75,75,75,75,75,75,75,75,75,75,75,75,75,75,75,75,75,75,75,75,75,75,75,75,75,75,75,75,75,75,75,75,75,75,75,75,75,75,75,75],"card_choices":[{"not_picked":["hermit:ItchyTrigger","hermit:Coalescence"],"picked":"hermit:Enervate","floor":1},{"not_picked":["hermit:Vantage","hermit:Enervate"],"picked":"hermit:Roulette","floor":2},{"not_picked":["hermit:SprayPray","hermit:Roughhouse"],"picked":"hermit:WideOpen","floor":6},{"not_picked":["hermit:TrackingShot","hermit:Gestalt"],"picked":"hermit:Snipe","floor":8},{"not_picked":["hermit:GhostlyPresence","hermit:Roulette"],"picked":"hermit:ShadowCloak","floor":11},{"not_picked":["hermit:Coalescence","hermit:Snipe"],"picked":"hermit:Ricochet","floor":14},{"not_picked":["hermit:HighNoon","hermit:BlackWind"],"picked":"hermit:DeadOrAlive","floor":16},{"not_picked":["hermit:HighCaliber","hermit:Snipe"],"picked":"hermit:CalledShot+1","floor":18},{"not_picked":["hermit:Roulette","hermit:Coalescence"],"picked":"hermit:TakeAim","floor":23},{"not_picked":["hermit:FlashPowder","hermit:Deadeye"],"picked":"hermit:Misfire+1","floor":25},{"not_picked":["hermit:CalledShot","hermit:Gambit"],"picked":"hermit:Headshot+1","floor":27},{"not_picked":["hermit:DeadMansHand","hermit:ItchyTrigger"],"picked":"hermit:ShadowCloak+1","floor":29},{"not_picked":["hermit:Virtue","hermit:Vantage"],"picked":"hermit:BodyArmor","floor":31},{"not_picked":["hermit:Enervate","hermit:Ricochet"],"picked":"hermit:Deadeye","floor":32},{"not_picked":["hermit:DeadOrAlive","hermit:BlackWind"],"picked":"hermit:EternalForm","floor":33},{"not_picked":["hermit:Misfire","hermit:Snipe+1"],"picked":"hermit:NoHoldsBarred+1","floor":35},{"not_picked":["hermit:BodyArmor","hermit:LuckOfTheDraw"],"picked":"hermit:Misfire+1","floor":38}],"player_experience":103691,"relics_obtained":[{"floor":6,"key":"White Beast Statue"},{"floor":8,"key":"Nunchaku"},{"floor":9,"key":"Replay:WaspNest"},{"floor":19,"key":"Nilry\u0027s Codex"},{"floor":22,"key":"Dream Catcher"},{"floor":26,"key":"Bronze Scales"}],"event_choices":[{"damage_healed":0,"gold_gain":0,"player_choice":"Leave","damage_taken":0,"max_hp_gain":0,"max_hp_loss":0,"event_name":"The Cleric","floor":5,"gold_loss":0},{"damage_healed":0,"gold_gain":0,"player_choice":"Obtained Book","damage_taken":16,"max_hp_gain":0,"max_hp_loss":0,"event_name":"Cursed Tome","floor":19,"gold_loss":0},{"damage_healed":0,"gold_gain":0,"player_choice":"Gave Potion","damage_taken":0,"relics_obtained":["HollowMod:PaleOreRelic"],"max_hp_gain":0,"max_hp_loss":0,"event_name":"WeMeetAgain","floor":24,"gold_loss":0},{"damage_healed":0,"gold_gain":0,"player_choice":"Ignored","damage_taken":0,"max_hp_gain":0,"max_hp_loss":0,"event_name":"NoteForYourself","floor":36,"gold_loss":0}],"is_beta":false,"boss_relics":[{"not_picked":["halation:PinkAlligatorPlush","Philosopher\u0027s Stone"],"picked":"Black Star"},{"not_picked":["hermit:DentedPlate","hubris:CrackedHourglass"],"picked":"hubris:Backtick"}],"items_purged_floors":[],"is_endless":false,"potions_floor_spawned":[8,11,14,16,18,25,27,31,33,35,38],"killed_by":"4 Shapes","ascension_level":0}}