{"host":"480qzmvu0s2e3e6w","time":1608129492,"event":{"mods":["BaseMod","Colored Map","DeckTracker","Minty Spire (QoL Compilation)","StSLib","SuperFastMode"],"gold_per_floor":[110,130,150,150,168,168,200,200,282,282,302,302,319,161,161,235,235,245,245,258,268,268,268,294,134,188,204,204,94,127,127,127,200,200,215,234,234,249,261,261,276,302,302,302,302,331,345,359,359,359,359,359,51,80,80],"floor_reached":56,"playtime":3640,"items_purged":["Strike_R","Strike_R","Strike_R"],"score":2132,"play_id":"ed1aa36a-ec93-4152-b5da-a2a7659af72c","local_time":"20201216233812","is_ascension_mode":true,"campfire_choices":[{"floor":6.0,"key":"REST"},{"data":"Fire Breathing","floor":8.0,"key":"SMITH"},{"data":"Juggernaut","floor":10.0,"key":"SMITH"},{"data":"Dark Embrace","floor":15.0,"key":"SMITH"},{"data":"Body Slam","floor":23.0,"key":"SMITH"},{"data":"Entrench","floor":28.0,"key":"SMITH"},{"data":"Fiend Fire","floor":32.0,"key":"SMITH"},{"data":"Apotheosis","floor":40.0,"key":"SMITH"},{"data":"Barricade","floor":45.0,"key":"SMITH"},{"floor":49.0,"key":"RECALL"},{"data":"Secret Technique","floor":52.0,"key":"SMITH"}],"circlet_count":0,"master_deck":["AscendersBane","Defend_R","Defend_R","Defend_R","Defend_R","Bash","Feed","Fire Breathing+1","Anger","Dark Embrace+1","Pommel Strike","Juggernaut+1","Havoc","Body Slam+1","Clothesline","Fiend Fire+1","True Grit+1","Second Wind+1","Entrench+1","Shrug It Off","Dark Shackles","Carnage","Barricade+1","Headbutt","Secret Technique+1","Master of Strategy","Apotheosis+1","Battle Trance","Burning Pact+1","Purity","Disarm"],"relics":["Burning Blood","Charon\u0027s Ashes","Eternal Feather","PreservedInsect","Philosopher\u0027s Stone","Blood Vial","Membership Card","Oddly Smooth Stone","Question Card","Coffee Dripper","Paper Frog","The Courier","OrangePellets","HornCleat","Bottled Tornado"],"acts_visited":["Exordium","TheCity","TheBeyond","TheEnding"],"potions_floor_usage":[55,55],"damage_taken":[{"damage":17.0,"enemies":"Small Slimes","floor":1.0,"turns":7.0},{"damage":13.0,"enemies":"2 Louse","floor":2.0,"turns":5.0},{"damage":13.0,"enemies":"Jaw Worm","floor":3.0,"turns":5.0},{"damage":22.0,"enemies":"Blue Slaver","floor":5.0,"turns":6.0},{"damage":16.0,"enemies":"Gremlin Nob","floor":7.0,"turns":3.0},{"damage":21.0,"enemies":"Exordium Wildlife","floor":11.0,"turns":4.0},{"damage":12.0,"enemies":"Looter","floor":13.0,"turns":4.0},{"damage":53.0,"enemies":"Hexaghost","floor":16.0,"turns":10.0},{"damage":0.0,"enemies":"Spheric Guardian","floor":18.0,"turns":3.0},{"damage":15.0,"enemies":"Shell Parasite","floor":20.0,"turns":4.0},{"damage":17.0,"enemies":"Snake Plant","floor":21.0,"turns":3.0},{"damage":32.0,"enemies":"Book of Stabbing","floor":24.0,"turns":4.0},{"damage":10.0,"enemies":"Chosen and Byrds","floor":27.0,"turns":4.0},{"damage":7.0,"enemies":"Gremlin Leader","floor":30.0,"turns":4.0},{"damage":47.0,"enemies":"Automaton","floor":33.0,"turns":9.0},{"damage":4.0,"enemies":"3 Shapes","floor":35.0,"turns":4.0},{"damage":6.0,"enemies":"3 Darklings","floor":36.0,"turns":3.0},{"damage":20.0,"enemies":"Spire Growth","floor":38.0,"turns":5.0},{"damage":13.0,"enemies":"Writhing Mass","floor":39.0,"turns":6.0},{"damage":6.0,"enemies":"Maw","floor":41.0,"turns":5.0},{"damage":14.0,"enemies":"Reptomancer","floor":42.0,"turns":6.0},{"damage":6.0,"enemies":"Sphere and 2 Shapes","floor":44.0,"turns":2.0},{"damage":0.0,"enemies":"Nemesis","floor":46.0,"turns":5.0},{"damage":0.0,"enemies":"Writhing Mass","floor":47.0,"turns":4.0},{"damage":8.0,"enemies":"4 Shapes","floor":48.0,"turns":3.0},{"damage":31.0,"enemies":"Donu and Deca","floor":50.0,"turns":6.0},{"damage":55.0,"enemies":"Shield and Spear","floor":54.0,"turns":6.0},{"damage":77,"enemies":"The Heart","floor":55,"turns":11}],"seed_played":"6917231873970802219","potions_obtained":[{"floor":1.0,"key":"Strength Potion"},{"floor":2.0,"key":"EntropicBrew"},{"floor":11.0,"key":"SteroidPotion"},{"floor":16.0,"key":"Block Potion"},{"floor":20.0,"key":"Energy Potion"},{"floor":24.0,"key":"LiquidBronze"},{"floor":30.0,"key":"PowerPotion"},{"floor":33.0,"key":"EntropicBrew"},{"floor":35.0,"key":"Explosive Potion"},{"floor":41.0,"key":"SmokeBomb"},{"floor":46.0,"key":"Energy Potion"},{"floor":48.0,"key":"DuplicationPotion"}],"is_trial":false,"path_per_floor":["M","M","M","?","M","R","E","R","T","R","M","?","M","$","R","B",null,"M","?","M","M","?","R","E","$","T","M","R","$","E","?","R","B",null,"M","M","?","M","M","R","M","E","T","M","R","E","M","M","R","B",null,"R","$","E","B",null],"character_chosen":"IRONCLAD","items_purchased":["Clothesline","BloodPotion","Membership Card","Shrug It Off","Dark Shackles","OrangePellets","Purity","GamblersBrew","HornCleat"],"campfire_rested":1,"item_purchase_floors":[14,14,25,29,29,53,53,53,53],"current_hp_per_floor":[60,56,52,45,32,58,48,48,48,57,45,34,28,46,55,8,70,76,76,70,59,59,71,45,45,45,46,58,58,59,59,71,32,80,87,89,79,67,62,80,82,76,76,78,96,99,99,100,102,77,96,102,102,53,34],"gold":80,"neow_bonus":"ONE_RANDOM_RARE_CARD","is_daily":false,"chose_seed":false,"campfire_upgraded":9,"win_rate":0.0,"timestamp":1608129492,"path_taken":["M","M","M","?","M","R","E","R","T","R","M","?","M","$","R","BOSS","M","?","M","M","?","R","E","?","T","M","R","$","E","?","R","BOSS","M","M","?","M","M","R","M","E","T","M","R","E","M","M","R","BOSS","R","$","E","BOSS"],"items_purchased_type":["Card","Potion","Relic","Card","Card","Relic","Card","Potion","Relic"],"build_version":"2020-12-13","purchased_purges":3,"victory":true,"max_hp_per_floor":[78,81,84,84,87,87,87,87,87,87,90,90,90,90,90,90,90,90,90,93,93,93,93,93,93,93,96,96,96,96,96,96,96,96,99,99,99,99,99,99,99,99,99,99,99,99,99,102,102,102,102,102,102,102,102],"card_choices":[{"not_picked":["Bloodletting","Evolve"],"picked":"Fire Breathing","floor":1.0},{"not_picked":["Clash","Warcry"],"picked":"Anger","floor":2.0},{"not_picked":["Rage","Seeing Red"],"picked":"Dark Embrace","floor":3.0},{"not_picked":["Iron Wave","Anger"],"picked":"Pommel Strike","floor":5.0},{"not_picked":["Exhume","Shrug It Off"],"picked":"Juggernaut","floor":7.0},{"not_picked":["Cleave","Heavy Blade","Havoc"],"picked":"SKIP","floor":11.0},{"not_picked":["Cleave","Heavy Blade"],"picked":"Havoc","floor":11.0},{"not_picked":["Heavy Blade","Pommel Strike"],"picked":"Body Slam","floor":13.0},{"not_picked":["Brutality","Bludgeon"],"picked":"Fiend Fire","floor":16.0},{"not_picked":["Shrug It Off","Thunderclap"],"picked":"True Grit+1","floor":18.0},{"not_picked":["Fire Breathing","Clothesline","Dark Embrace"],"picked":"SKIP","floor":20.0},{"not_picked":["Seeing Red","Body Slam"],"picked":"Second Wind+1","floor":21.0},{"not_picked":["Sentinel","Juggernaut","Wild Strike+1"],"picked":"SKIP","floor":24.0},{"not_picked":["Armaments","Twin Strike","Body Slam"],"picked":"SKIP","floor":27.0},{"not_picked":["Flex","Perfected Strike","Heavy Blade+1"],"picked":"SKIP","floor":30.0},{"not_picked":["Berserk","Limit Break","Corruption"],"picked":"Barricade","floor":33.0},{"not_picked":["Iron Wave","Flex","Rage"],"picked":"Headbutt","floor":35.0},{"not_picked":["Dark Embrace","Bloodletting","Pummel","Entrench"],"picked":"SKIP","floor":36.0},{"not_picked":["Dramatic Entrance","PanicButton","Transmutation"],"picked":"Secret Technique","floor":37.0},{"not_picked":["Discovery","Sadistic Nature","Purity"],"picked":"Master of Strategy","floor":37.0},{"not_picked":["Purity","Bandage Up","Master of Strategy"],"picked":"Apotheosis","floor":37.0},{"not_picked":["Headbutt","Rampage","Twin Strike"],"picked":"Battle Trance","floor":38.0},{"not_picked":["Combust","Thunderclap","Havoc+1"],"picked":"Burning Pact+1","floor":39.0},{"not_picked":["Inflame+1","Sword Boomerang+1","Rupture+1","Flex"],"picked":"SKIP","floor":41.0},{"not_picked":["Havoc","Anger","Pommel Strike+1","Thunderclap"],"picked":"SKIP","floor":42.0},{"not_picked":["Entrench","Flex","Cleave","Perfected Strike"],"picked":"SKIP","floor":46.0},{"not_picked":["Rupture","Battle Trance","Double Tap","Inflame+1"],"picked":"SKIP","floor":47.0},{"not_picked":["Iron Wave","Body Slam+1","Perfected Strike+1","Cleave"],"picked":"SKIP","floor":48.0},{"not_picked":["Battle Trance","Dual Wield","Clash"],"picked":"Disarm","floor":54.0}],"player_experience":599380,"relics_obtained":[{"floor":7.0,"key":"Charon\u0027s Ashes"},{"floor":9.0,"key":"Eternal Feather"},{"floor":24.0,"key":"Blood Vial"},{"floor":26.0,"key":"Oddly Smooth Stone"},{"floor":30.0,"key":"Question Card"},{"floor":42.0,"key":"Paper Frog"},{"floor":46.0,"key":"The Courier"},{"floor":54.0,"key":"Bottled Tornado"}],"event_choices":[{"cards_removed":["Strike_R"],"damage_healed":0.0,"max_hp_gain":0.0,"max_hp_loss":0.0,"gold_gain":0.0,"event_name":"Golden Wing","player_choice":"Card Removal","floor":4.0,"gold_loss":0.0,"damage_taken":7.0},{"damage_healed":0.0,"max_hp_gain":0.0,"max_hp_loss":0.0,"gold_gain":0.0,"event_name":"Scrap Ooze","player_choice":"Success","floor":12.0,"gold_loss":0.0,"damage_taken":11.0,"relics_obtained":["PreservedInsect"]},{"damage_healed":0.0,"max_hp_gain":0.0,"max_hp_loss":0.0,"gold_gain":0.0,"event_name":"Ghosts","player_choice":"Ignored","floor":19.0,"gold_loss":0.0,"damage_taken":0.0},{"damage_healed":0.0,"max_hp_gain":0.0,"max_hp_loss":0.0,"gold_gain":0.0,"event_name":"The Library","player_choice":"Read","floor":22.0,"gold_loss":0.0,"damage_taken":0.0,"cards_obtained":["Entrench"]},{"damage_healed":0.0,"max_hp_gain":0.0,"max_hp_loss":0.0,"gold_gain":0.0,"cards_transformed":["Strike_R"],"event_name":"Transmorgrifier","player_choice":"Transformed","floor":31.0,"gold_loss":0.0,"damage_taken":0.0,"cards_obtained":["Carnage"]},{"damage_healed":0.0,"max_hp_gain":0.0,"max_hp_loss":0.0,"gold_gain":0.0,"event_name":"SensoryStone","player_choice":"Memory 3","floor":37.0,"gold_loss":0.0,"damage_taken":10.0}],"is_beta":false,"boss_relics":[{"not_picked":["Sozu","Runic Cube"],"picked":"Philosopher\u0027s Stone"},{"not_picked":["Black Blood","Fusion Hammer"],"picked":"Coffee Dripper"}],"items_purged_floors":[14,29,53],"is_endless":false,"potions_floor_spawned":[1,2,7,11,16,20,24,30,33,35,41,44,46,48],"ascension_level":16}}