{"host":"j9rq22nraqsrbvz2","time":1608124628,"event":{"mods":["AchievementEnabler","Act Like it!","BaseMod","BetterRewards","Colored Map","Colored Powertips","Conspire","Downfall","Friendly Minions","GifTheSpireLib","Googly Eyes","Gremlin Mod","Halation","Hallownest","Hermit","Hubris","Hunter ??","Kiyohime????","Mimic Mod","Minty Spire (QoL Compilation)","Replay The Spire","Shop Mod","StSLib","Stuff the Spire","The Administrix","The Bug Knight","The Factory","The IronCluck","The Jungle","TheBandit"],"gold_per_floor":[99,99,132,57,83,113,140,165,183,108,146,163,149,149,161,265,265,265,265,265,265,265,265,265,265,265,265,265,265,265,265,265,265,265,265,265,265,29,29,29,29,29,29,29,29,29,29,29,29,29],"floor_reached":51,"playtime":6082,"items_purged":[],"score":725,"play_id":"e0d6e399-9076-409e-b562-c00cfc8e7abf","local_time":"20201216081708","is_ascension_mode":false,"campfire_choices":[{"floor":1,"key":"RECALL"},{"floor":10,"key":"REST"},{"floor":18,"key":"DIG"},{"floor":23,"key":"REST"},{"data":"Guardian:DonusPower","floor":25,"key":"SMITH"},{"floor":27,"key":"REST"},{"floor":35,"key":"DIG"},{"floor":37,"key":"REST"},{"floor":42,"key":"REST"}],"circlet_count":0,"master_deck":["Guardian:Strike_Guardian","Guardian:Strike_Guardian","Guardian:Strike_Guardian","Guardian:Strike_Guardian","Guardian:Defend_Guardian","Guardian:Defend_Guardian","Guardian:Defend_Guardian","Guardian:Defend_Guardian+1","Guardian:CurlUp","Guardian:TwinSlam","Guardian:TimeBomb+1","Guardian:ConstructionForm","Guardian:TemporalShield","Guardian:WalkerClaw","Guardian:DonusPower+1","Guardian:Aged","Guardian:ArmoredProtocol+1","Guardian:PrimingBeam","Guardian:PiercingHide","Guardian:TimeSifter","Guardian:VentSteam","Guardian:ArmoredProtocol","Guardian:ShieldCharger","Guardian:Planning+1","Guardian:BronzeArmor+1","Guardian:Reroute","Guardian:EvasiveProtocol","Guardian:DonusPower","Guardian:ChargeCore","Guardian:Incinerate","Normality","Guardian:ShieldCharger+1","Guardian:BaubleBeam","Guardian:PolyBeam","Guardian:ShieldSpikes+1","Guardian:Gem_Lightblue","Guardian:Gem_Orange","Pain","Guardian:Reroute","Guardian:ChargeUp","Guardian:Gem_Orange","Guardian:Gem_Green","Guardian:Gem_Red","Guardian:Incinerate","Guardian:Gem_Cyan","Guardian:Emergency+1"],"relics":["Guardian:ModeShifter","Guardian:PickAxe","downfall:HeartBlessingRed","Bag of Marbles","conspire:TopHat","downfall:HeartBlessingBlue","War Paint","ReplayTheSpireMod:CursedCoin","Ectoplasm","Mirror","White Beast Statue","halation:AfternoonTea","Fusion Hammer","Prayer Wheel","Oddly Smooth Stone","Ring of Panic","Ring of Hypnosis","hubris:FunFungus","Du-Vu Doll"],"acts_visited":["Exordium","TheCity","TheBeyond"],"potions_floor_usage":[16,16,21,22,26,33,33,33,40,43,43,50,50,50],"damage_taken":[{"damage":10,"enemies":"Jaw Worm","floor":3,"turns":10},{"damage":13,"enemies":"Gremlin Nob","floor":5,"turns":4},{"damage":31,"enemies":"3 Sentries","floor":8,"turns":6},{"damage":1,"enemies":"Jaw Worm","floor":9,"turns":3},{"damage":0,"enemies":"Small Slimes","floor":11,"turns":10},{"damage":0,"enemies":"Small Slimes","floor":12,"turns":3},{"damage":0,"enemies":"downfall:FleeingMerchant","floor":13,"turns":4},{"damage":0,"enemies":"2 Louse","floor":15,"turns":2},{"damage":26,"enemies":"downfall:Defect","floor":16,"turns":7},{"damage":2,"enemies":"Shell Parasite","floor":19,"turns":5},{"damage":26,"enemies":"Centurion and Healer","floor":21,"turns":3},{"damage":11,"enemies":"Snecko","floor":22,"turns":6},{"damage":3,"enemies":"3 Cultists","floor":24,"turns":6},{"damage":23,"enemies":"Gremlin Leader","floor":26,"turns":7},{"damage":0,"enemies":"3 Cultists","floor":28,"turns":5},{"damage":10,"enemies":"Snake Plant","floor":30,"turns":4},{"damage":8,"enemies":"Snecko","floor":31,"turns":5},{"damage":13,"enemies":"Shelled Parasite and Fungi","floor":32,"turns":5},{"damage":27,"enemies":"downfall:Silent","floor":33,"turns":8},{"damage":25,"enemies":"3 Darklings","floor":36,"turns":7},{"damage":0,"enemies":"downfall:FleeingMerchant","floor":38,"turns":4},{"damage":0,"enemies":"Orb Walker","floor":40,"turns":5},{"damage":7,"enemies":"3 Darklings","floor":41,"turns":10},{"damage":7,"enemies":"Mind Bloom Boss Battle","floor":43,"turns":8},{"damage":19,"enemies":"3 Darklings","floor":46,"turns":6},{"damage":4,"enemies":"Maw","floor":48,"turns":7},{"damage":13,"enemies":"Spire Growth","floor":49,"turns":4},{"damage":47,"enemies":"downfall:Ironclad","floor":50,"turns":15}],"seed_played":"4112187073530215762","potions_obtained":[{"floor":5,"key":"champ:CounterPotion"},{"floor":9,"key":"SteroidPotion"},{"floor":12,"key":"Weak Potion"},{"floor":21,"key":"Block Potion"},{"floor":22,"key":"Block Potion"},{"floor":26,"key":"Strength Potion"},{"floor":28,"key":"Guardian:BlockOnCardUsePotion"},{"floor":30,"key":"Venom Potion"},{"floor":31,"key":"Energy Potion"},{"floor":33,"key":"sneckomod:MuddlingPotion"},{"floor":36,"key":"Milkshake"},{"floor":38,"key":"Energy Potion"},{"floor":40,"key":"Weak Potion"},{"floor":43,"key":"Guardian:AcceleratePotion"},{"floor":46,"key":"EssenceOfSteel"},{"floor":49,"key":"Adrenaline Potion"}],"is_trial":false,"path_per_floor":["R","?","MIM","R","E","?","T","E","M","R","MIM","M","$","?","M","B",null,"R_BF","M","?","M","M","R","MIM","R","E","R","M","?","M","M","M","B",null,"R_BF","M","R","$","?","M","MIM","R","?","R","?","M","?","M","M","B",null],"character_chosen":"GUARDIAN","items_purchased":["ReplayTheSpireMod:CursedCoin","Guardian:ArmoredProtocol","Guardian:PrimingBeam","Guardian:PiercingHide","Oddly Smooth Stone","Guardian:ChargeCore","Guardian:Incinerate"],"campfire_rested":5,"item_purchase_floors":[13,13,13,13,38,38,38],"current_hp_per_floor":[88,88,78,78,65,65,65,34,33,72,72,72,72,72,72,46,98,98,96,98,72,61,90,87,87,64,93,98,98,88,80,67,40,98,98,73,98,98,98,98,91,98,98,98,112,107,107,112,103,102],"gold":29,"neow_bonus":"TEN_PERCENT_HP_BONUS","is_daily":false,"chose_seed":false,"campfire_upgraded":1,"win_rate":0.0,"timestamp":1608124628,"path_taken":["R","?","?","R","E","?","T","E","M","R","?","?","$","?","M","BOSS","R_BF","M","?","?","M","R","MIM","R","E","R","M","?","M","M","M","BOSS","R_BF","M","R","$","?","M","MIM","R","?","R","?","?","?","?","M","BOSS"],"items_purchased_type":["Relic","Card","Card","Card","Relic","Card","Card"],"build_version":"2020-12-13","purchased_purges":0,"victory":true,"max_hp_per_floor":[88,88,88,88,88,88,88,88,88,98,98,98,98,98,98,98,98,98,98,98,98,98,98,98,98,98,98,98,98,98,98,98,98,98,98,98,98,98,98,98,98,98,98,98,112,112,112,112,112,112],"card_choices":[{"not_picked":["Guardian:PiercingHide","Guardian:CrystalBeam"],"picked":"Guardian:Gem_Crimson","floor":3},{"not_picked":["Guardian:SpikerProtocol","Guardian:PrismaticBarrier"],"picked":"Guardian:TimeBomb","floor":5},{"not_picked":["Guardian:Suspension","Guardian:TimeCapacitor"],"picked":"Guardian:ConstructionForm","floor":8},{"not_picked":["Guardian:Gem_Green","Guardian:Gem_Lightblue"],"picked":"Guardian:TemporalShield","floor":9},{"not_picked":["Guardian:Planning","Guardian:CrystalBeam"],"picked":"Guardian:WalkerClaw","floor":11},{"not_picked":["Guardian:TemporalShield","Guardian:TemporalStrike"],"picked":"Guardian:DonusPower","floor":12},{"not_picked":["Guardian:Gem_Blue","Guardian:TemporalShield"],"picked":"Guardian:Gem_Orange","floor":13},{"not_picked":["Guardian:Gem_Green","Guardian:TemporalStrike"],"picked":"Guardian:Gem_Purple","floor":15},{"not_picked":["Guardian:BaubleBeam","Guardian:FastForward"],"picked":"Guardian:TimeSifter","floor":16},{"not_picked":["Guardian:SpikerProtocol","Guardian:Incinerate"],"picked":"Guardian:VentSteam","floor":19},{"not_picked":["Guardian:Incinerate","Guardian:ChargeCore"],"picked":"Guardian:ArmoredProtocol","floor":21},{"not_picked":["Guardian:Incinerate+1","Guardian:Suspension"],"picked":"Guardian:ShieldCharger","floor":22},{"not_picked":["Guardian:ChargeCore","Guardian:Clone"],"picked":"Guardian:Planning+1","floor":24},{"not_picked":["Guardian:SpikerProtocol+1","Guardian:PiercingHide+1"],"picked":"Guardian:Gem_Purple","floor":26},{"not_picked":["Guardian:TemporalStrike+1","Guardian:ChargeCore"],"picked":"Guardian:BronzeArmor+1","floor":28},{"not_picked":["Guardian:Gem_Blue","Guardian:Recover"],"picked":"Guardian:Gem_Red","floor":30},{"not_picked":["Guardian:WalkerClaw","Guardian:ExploitGems"],"picked":"Guardian:Gem_Fragmented","floor":31},{"not_picked":["Guardian:Clone","Guardian:WalkerClaw+1"],"picked":"Guardian:Reroute","floor":32},{"not_picked":["Guardian:Gem_Orange","Guardian:HyperBeam_Guardian"],"picked":"Guardian:Gem_Synthetic","floor":33},{"not_picked":["Guardian:FloatingOrbs","Guardian:TemporalShield+1"],"picked":"Guardian:Gem_Red","floor":36},{"not_picked":["Guardian:WalkerClaw","Guardian:VentSteam+1"],"picked":"Guardian:EvasiveProtocol","floor":36},{"not_picked":["Guardian:Gem_Red","Guardian:PiercingHide"],"picked":"Guardian:DonusPower","floor":38},{"not_picked":["Guardian:GuardianWhirl+1","Guardian:BronzeArmor+1"],"picked":"Guardian:ShieldCharger+1","floor":40},{"not_picked":["Guardian:WalkerClaw+1","Guardian:ShieldCharger"],"picked":"Guardian:BaubleBeam","floor":40},{"not_picked":["Guardian:Planning+1","Guardian:VentSteam+1"],"picked":"Guardian:PolyBeam","floor":41},{"not_picked":["Guardian:DonusPower+1","Guardian:Gem_Red"],"picked":"Guardian:ShieldSpikes+1","floor":43},{"not_picked":["Guardian:Incinerate","Guardian:ShieldCharger"],"picked":"Guardian:Reroute","floor":46},{"not_picked":["Guardian:Recover","Guardian:Clone+1"],"picked":"Guardian:ChargeUp","floor":46},{"not_picked":["Guardian:Gem_Fragmented","Guardian:CrystalBeam+1"],"picked":"Guardian:Gem_Red","floor":48},{"not_picked":["Guardian:GuardianWhirl","Guardian:WalkerClaw"],"picked":"Guardian:Incinerate","floor":48},{"not_picked":["Guardian:Gem_Lightblue","Guardian:Incinerate"],"picked":"Guardian:Gem_Cyan","floor":49},{"not_picked":["Guardian:ConstructionForm","Guardian:PrimingBeam"],"picked":"Guardian:Emergency+1","floor":49}],"player_experience":90541,"relics_obtained":[{"floor":3,"key":"Guardian:PickAxe"},{"floor":5,"key":"Bag of Marbles"},{"floor":8,"key":"conspire:TopHat"},{"floor":11,"key":"War Paint"},{"floor":18,"key":"Mirror"},{"floor":24,"key":"White Beast Statue"},{"floor":26,"key":"halation:AfternoonTea"},{"floor":35,"key":"Prayer Wheel"},{"floor":39,"key":"Ring of Panic"},{"floor":39,"key":"Ring of Hypnosis"},{"floor":41,"key":"hubris:FunFungus"},{"floor":43,"key":"Du-Vu Doll"}],"event_choices":[{"damage_healed":2,"gold_gain":0,"player_choice":"Full Heal","damage_taken":0,"max_hp_gain":0,"max_hp_loss":0,"event_name":"Wheel of Change","floor":20,"gold_loss":0}],"is_beta":false,"boss_relics":[{"not_picked":["Replay:Wanted Poster","halation:PlatinumPhoenix"],"picked":"Ectoplasm"},{"not_picked":["Kintsugi","Philosopher\u0027s Stone"],"picked":"Fusion Hammer"}],"items_purged_floors":[],"is_endless":false,"potions_floor_spawned":[5,9,12,21,22,26,28,30,31,32,33,36,38,40,41,43,46,48,49],"ascension_level":0}}