{"host":"kh6fvhxn285ncg0o","time":1608131026,"event":{"mods":["Act Like it!","BaseMod","Colored Map","Friendly Minions","Keyboard Shortcuts","Minty Spire (QoL Compilation)","Quick Restart","Relic Stats","StSLib","SuperFastMode"],"gold_per_floor":[115,134,134,144,144,144,177,177,201,222,222,222,250,261,261,261,261],"floor_reached":16,"playtime":214,"items_purged":[],"score":216,"play_id":"5061e8aa-1bd2-48b0-92eb-576e3e068f10","local_time":"20201217000346","is_ascension_mode":true,"campfire_choices":[{"data":"Combust","floor":6,"key":"SMITH"},{"data":"Bash","floor":8,"key":"SMITH"},{"data":"Disarm","floor":12,"key":"SMITH"},{"floor":15,"key":"REST"}],"circlet_count":0,"master_deck":["AscendersBane","Strike_R","Strike_R","Strike_R","Strike_R","Strike_R","Defend_R","Defend_R","Defend_R","Defend_R","Bash+1","Combust+1","Disarm+1","Sever Soul"],"relics":["Burning Blood","NeowsBlessing","Strawberry","Bird Faced Urn","Centennial Puzzle","Odd Mushroom","Toy Ornithopter","Frozen Egg 2"],"acts_visited":["Exordium"],"potions_floor_usage":[7,16],"damage_taken":[{"damage":0,"enemies":"Jaw Worm","floor":1,"turns":1},{"damage":0,"enemies":"Cultist","floor":2,"turns":1},{"damage":0,"enemies":"2 Louse","floor":4,"turns":1},{"damage":30,"enemies":"3 Sentries","floor":7,"turns":6},{"damage":18,"enemies":"The Mushroom Lair","floor":10,"turns":4},{"damage":31,"enemies":"Gremlin Nob","floor":13,"turns":4},{"damage":10,"enemies":"Blue Slaver","floor":14,"turns":4},{"damage":52,"enemies":"Slime Boss","floor":16,"turns":8}],"seed_played":"8103532342317329825","potions_obtained":[{"floor":1,"key":"Strength Potion"},{"floor":4,"key":"EssenceOfSteel"}],"is_trial":false,"path_per_floor":["M","M","?","M","?","R","E","R","T","?","T","R","E","M","R","B"],"character_chosen":"IRONCLAD","items_purchased":[],"campfire_rested":1,"item_purchase_floors":[],"current_hp_per_floor":[74,75,82,82,77,77,55,55,55,45,45,45,22,18,42,0,0],"gold":261,"neow_bonus":"THREE_ENEMY_KILL","is_daily":false,"chose_seed":false,"campfire_upgraded":3,"win_rate":0.0,"timestamp":1608131026,"path_taken":["M","M","?","?","?","R","E","R","T","?","?","R","E","M","R","BOSS"],"items_purchased_type":[],"build_version":"2020-12-13","purchased_purges":0,"victory":false,"max_hp_per_floor":[75,75,82,82,82,82,82,82,82,82,82,82,82,82,82,82,82],"relic_stats":{"Centennial Puzzle":[12],"counters":[8,29],"Bird Faced Urn":[8],"obtain_stats":[{"Centennial Puzzle":7,"NeowsBlessing":0,"Strawberry":3,"Bird Faced Urn":5,"Odd Mushroom":10,"Frozen Egg 2":13,"Burning Blood":0,"Toy Ornithopter":11},{"Centennial Puzzle":4,"NeowsBlessing":0,"Strawberry":2,"Bird Faced Urn":3,"Odd Mushroom":5,"Frozen Egg 2":6,"Burning Blood":0,"Toy Ornithopter":5},{"Centennial Puzzle":9,"NeowsBlessing":0,"Strawberry":2,"Bird Faced Urn":3,"Odd Mushroom":13,"Frozen Egg 2":17,"Burning Blood":0,"Toy Ornithopter":13}],"Burning Blood":31,"Toy Ornithopter":5},"card_choices":[{"not_picked":["Heavy Blade","Iron Wave"],"picked":"Uppercut","floor":2},{"not_picked":["Armaments","Flex"],"picked":"Combust","floor":4},{"not_picked":["Havoc","True Grit"],"picked":"Disarm","floor":10},{"not_picked":["Wild Strike","Havoc"],"picked":"Sever Soul","floor":13}],"player_experience":3198058,"relics_obtained":[{"floor":7,"key":"Centennial Puzzle"},{"floor":10,"key":"Odd Mushroom"},{"floor":11,"key":"Toy Ornithopter"},{"floor":13,"key":"Frozen Egg 2"}],"event_choices":[{"cards_removed":["Uppercut"],"damage_healed":0,"gold_gain":0,"player_choice":"Gave Card","damage_taken":0,"relics_obtained":["Strawberry"],"max_hp_gain":0,"max_hp_loss":0,"event_name":"WeMeetAgain","floor":3,"gold_loss":0},{"damage_healed":0,"gold_gain":0,"player_choice":"Success","damage_taken":5,"relics_obtained":["Bird Faced Urn"],"max_hp_gain":0,"max_hp_loss":0,"event_name":"Scrap Ooze","floor":5,"gold_loss":0},{"damage_healed":0,"gold_gain":0,"player_choice":"Fought Mushrooms","damage_taken":0,"max_hp_gain":0,"max_hp_loss":0,"event_name":"Mushrooms","floor":10,"gold_loss":0}],"is_beta":false,"boss_relics":[],"items_purged_floors":[],"is_endless":false,"potions_floor_spawned":[1,4],"killed_by":"Slime Boss","ascension_level":20}}