{"host":"yw3evqd6vz25gg9c","time":1608105684,"event":{"mods":["2.2 Compatiblity","BaseMod","Custom Start","Downfall","Minty Spire (QoL Compilation)","Replay The Spire","StSLib","slay the spire mod where everything is the same but ironclad has a cowboy hat"],"gold_per_floor":[99,119,119,145,145,165,191,366,377,377,435,490,504,519,538,538,538],"floor_reached":16,"playtime":1636,"items_purged":[],"score":107,"play_id":"0e1b2c0d-b835-4691-9fd7-d1991b23b635","local_time":"20201216010124","is_ascension_mode":true,"campfire_choices":[{"data":"Crow Ritual","floor":1.0,"key":"SMITH"},{"data":"champ:Taunt","floor":3.0,"key":"SMITH"},{"floor":5.0,"key":"REST"},{"data":"champ:FocusedDefense","floor":10.0,"key":"SMITH"}],"circlet_count":0,"master_deck":["champ:Strike","champ:Strike","champ:Strike","champ:Strike","champ:Defend","champ:Defend","champ:Defend","champ:Defend","champ:Execute","champ:Taunt+1","Crow Ritual+1","champ:Circumvent","champ:SteelEdge","champ:TornadoPunch","Doubt","champ:FocusedDefense+1","champ:EnGarde","champ:FalseCounter","champ:FlashCut","champ:StanceDance"],"relics":["champ:ChampionCrown","Boot","Gremlin Food","Blood Vial","Smiling Mask"],"acts_visited":["Exordium"],"potions_floor_usage":[16],"damage_taken":[{"damage":9.0,"enemies":"2 Louse","floor":2.0,"turns":3.0},{"damage":27.0,"enemies":"Replay:BlueRogue","floor":4.0,"turns":6.0},{"damage":11.0,"enemies":"Jaw Worm","floor":6.0,"turns":4.0},{"damage":6.0,"enemies":"Cultist","floor":9.0,"turns":4.0},{"damage":18.0,"enemies":"3 Sentries","floor":11.0,"turns":6.0},{"damage":2.0,"enemies":"2 Fungi Beasts","floor":13.0,"turns":4.0},{"damage":11.0,"enemies":"Exordium Wildlife","floor":14.0,"turns":3.0},{"damage":14.0,"enemies":"Exordium Thugs","floor":15.0,"turns":6.0},{"damage":51,"enemies":"downfall:Silent","floor":16,"turns":10}],"seed_played":"1094802925394224960","potions_obtained":[{"floor":2.0,"key":"ColorlessPotion"},{"floor":6.0,"key":"Block Potion"},{"floor":11.0,"key":"champ:CounterPotion"},{"floor":13.0,"key":"Weak Potion"},{"floor":15.0,"key":"BlessingOfTheForge"}],"is_trial":false,"path_per_floor":["R","M","R","E","R","M","T","?","M","R","?","T","M","M","M","B"],"character_chosen":"THE_CHAMP","items_purchased":[],"campfire_rested":1,"item_purchase_floors":[],"current_hp_per_floor":[81,77,77,55,79,73,73,73,72,72,59,59,59,55,43,0,0],"gold":538,"neow_bonus":"RANDOM_COLORLESS_2","is_daily":false,"chose_seed":false,"campfire_upgraded":3,"win_rate":0.0,"timestamp":1608105684,"path_taken":["R","M","R","E","R","M","T","?","M","R","?","?","M","M","M","BOSS"],"items_purchased_type":[],"build_version":"2020-12-13","purchased_purges":0,"victory":false,"max_hp_per_floor":[81,81,81,81,81,81,81,81,81,81,81,81,81,81,81,81,81],"card_choices":[{"not_picked":["Magnetism","Transmutation"],"picked":"Crow Ritual","floor":0.0},{"not_picked":["champ:GladiatorStyle","champ:FocusedBerserking"],"picked":"champ:Circumvent","floor":2.0},{"not_picked":["champ:FanOfKnives","champ:EnragedBash"],"picked":"champ:SteelEdge","floor":4.0},{"not_picked":["champ:FanOfKnives","champ:BladeFlurry"],"picked":"champ:TornadoPunch","floor":6.0},{"not_picked":["champ:Devastate","champ:Duel"],"picked":"champ:FocusedDefense","floor":9.0},{"not_picked":["champ:BringItOn","champ:FanOfKnives"],"picked":"champ:EnGarde","floor":11.0},{"not_picked":["champ:BerserkersShout","champ:Circumvent"],"picked":"champ:FalseCounter","floor":13.0},{"not_picked":["champ:Encircle","champ:IronFortress"],"picked":"champ:FlashCut","floor":14.0},{"not_picked":["champ:Duel","champ:FocusedDefense"],"picked":"champ:StanceDance","floor":15.0}],"player_experience":145625,"relics_obtained":[{"floor":4.0,"key":"Boot"},{"floor":7.0,"key":"Gremlin Food"},{"floor":11.0,"key":"Blood Vial"},{"floor":12.0,"key":"Smiling Mask"}],"event_choices":[],"is_beta":false,"boss_relics":[],"items_purged_floors":[],"is_endless":false,"potions_floor_spawned":[2,6,11,13,15],"killed_by":"downfall:Silent","ascension_level":1}}