{"host":"684z1xpuwaoqmmh1","time":1608149209,"event":{"mods":["Bard","BaseMod","Downfall","Hermit","Jorbs\u0027s Wanderer Trilogy","Marisa????????","Minty Spire (QoL Compilation)","StSLib","The Hierophant","The Mystic","The Runesmith"],"gold_per_floor":[99,110,110,35,54,68,118,118,145,145,164,164,184,57,75,173,173,173,185,197,39,39,73,152,164,89,115,115,0,13,31,43,140,140,65,65,75,107,121,152,152,186,186,212,233,259,317,374,392,392,392,429,22,22,22],"floor_reached":56,"playtime":4185,"items_purged":["champ:Strike","champ:Defend"],"score":1994,"play_id":"fa70cc9e-d244-4db4-922a-189d1659e8ea","local_time":"20201216220649","is_ascension_mode":true,"campfire_choices":[{"floor":1.0,"key":"RECALL"},{"data":"champ:Taunt","floor":4.0,"key":"SMITH"},{"data":"champ:TornadoPunch","floor":8.0,"key":"SMITH"},{"data":"champ:FocusedDefense","floor":10.0,"key":"SMITH"},{"data":"champ:VampiricStrike","floor":18.0,"key":"SMITH"},{"data":"champ:DancingMaster","floor":26.0,"key":"SMITH"},{"data":"champ:PerfectForm","floor":35.0,"key":"SMITH"},{"data":"champ:CalledShot","floor":43,"key":"SMITH"},{"data":"champ:IronFortress","floor":54,"key":"SMITH"}],"circlet_count":0,"master_deck":["champ:Strike+1","champ:Defend","champ:Defend","champ:Execute+1","champ:Taunt+1","champ:TornadoPunch+1","champ:Aggression","champ:Circumvent","champ:FocusedDefense+1","champ:DefensiveStyle","champ:Backstep","champ:VampiricStrike+1","champ:BerserkerStyle","champ:IronFortress+1","champ:DancingMaster+1","champ:StanceDance+1","champ:CalledShot+1","champ:TornadoPunch+1","champ:VampiricStrike+1","champ:DefensiveStyle","champ:Balance","champ:ArenaPreparation","champ:RageSigil+1","champ:PerfectForm+1","champ:DefensiveShout+1","champ:PerfectedStrike+1","champ:TornadoPunch+1","champ:SwordSigil+1","champ:BringItOn+1","champ:GutPunch+1","champ:ShieldWall+1","champ:DefensiveStyle+1","champ:IronFortress+1","champ:Encircle+1","champ:AdrenalArmor","champ:Backstep"],"relics":["champ:ChampionCrown","downfall:ShatteredFragment","downfall:HeartBlessingRed","Omamori","Oddly Smooth Stone","Philosopher\u0027s Stone","Sling","champ:FightingForDummies","downfall:HeartBlessingBlue","Vajra","Astrolabe","downfall:HeartBlessingGreen","WarpedTongs","Unceasing Top","Thread and Needle","CeramicFish","Whetstone","Incense Burner","Lizard Tail","CatCart","Pantograph","Pear","champ:BerserkersGuideToSlaughter"],"acts_visited":["Exordium","TheCity","TheBeyond","TheEnding"],"potions_floor_usage":[47,55,55,55],"damage_taken":[{"damage":9.0,"enemies":"Jaw Worm","floor":2.0,"turns":5.0},{"damage":0.0,"enemies":"Small Slimes","floor":5.0,"turns":2.0},{"damage":5.0,"enemies":"Cultist","floor":6.0,"turns":2.0},{"damage":10.0,"enemies":"3 Sentries","floor":9.0,"turns":5.0},{"damage":0.0,"enemies":"Exordium Wildlife","floor":11.0,"turns":2.0},{"damage":9.0,"enemies":"Exordium Thugs","floor":13.0,"turns":2.0},{"damage":19.0,"enemies":"downfall:FleeingMerchant","floor":14.0,"turns":4.0},{"damage":0.0,"enemies":"3 Louse","floor":15.0,"turns":1.0},{"damage":38.0,"enemies":"downfall:Ironclad","floor":16.0,"turns":7.0},{"damage":5.0,"enemies":"Chosen","floor":19.0,"turns":4.0},{"damage":13.0,"enemies":"Shell Parasite","floor":20.0,"turns":5.0},{"damage":13.0,"enemies":"downfall:FleeingMerchant","floor":21.0,"turns":4.0},{"damage":5.0,"enemies":"Gremlin Leader","floor":23.0,"turns":8.0},{"damage":1.0,"enemies":"3 Cultists","floor":25.0,"turns":6.0},{"damage":19.0,"enemies":"Book of Stabbing","floor":27.0,"turns":4.0},{"damage":16.0,"enemies":"downfall:FleeingMerchant","floor":29.0,"turns":4.0},{"damage":18.0,"enemies":"Snecko","floor":30.0,"turns":4.0},{"damage":14.0,"enemies":"Shelled Parasite and Fungi","floor":31.0,"turns":3.0},{"damage":17.0,"enemies":"Chosen and Byrds","floor":32.0,"turns":3.0},{"damage":57.0,"enemies":"downfall:Watcher","floor":33.0,"turns":7.0},{"damage":21,"enemies":"3 Shapes","floor":37,"turns":3},{"damage":57,"enemies":"Reptomancer","floor":38,"turns":5},{"damage":38,"enemies":"Orb Walker","floor":39,"turns":3},{"damage":73,"enemies":"Nemesis","floor":40,"turns":4},{"damage":25,"enemies":"Reptomancer","floor":42,"turns":5},{"damage":50,"enemies":"Giant Head","floor":44,"turns":6},{"damage":94,"enemies":"Transient","floor":45,"turns":5},{"damage":56,"enemies":"Sphere and 2 Shapes","floor":46,"turns":4},{"damage":26,"enemies":"downfall:FleeingMerchant","floor":47,"turns":2},{"damage":88,"enemies":"Orin","floor":48,"turns":8},{"damage":13,"enemies":"4 Shapes","floor":49,"turns":2},{"damage":41,"enemies":"downfall:Defect","floor":50,"turns":7},{"damage":98,"enemies":"downfall:CharBossMerchant","floor":52,"turns":9},{"damage":89,"enemies":"downfall:NeowBoss","floor":55,"turns":21}],"seed_played":"6970100570243350877","potions_obtained":[{"floor":5.0,"key":"BlessingOfTheForge"},{"floor":11.0,"key":"champ:TechniquePotion"},{"floor":16.0,"key":"DuplicationPotion"},{"floor":30.0,"key":"PowerPotion"},{"floor":44,"key":"Strength Potion"},{"floor":49,"key":"PowerPotion"}],"is_trial":false,"path_per_floor":["R","M","?","R","M","M","T","R","E","R","M","?","M","$","M","B",null,"R","M","M","$","?","E","T","M","R","E","?","$","M","M","M","B",null,"R","?","M","E","M","E","T","E","R","E","M","M","$","?","M","B",null,"E","$","R","B",null],"character_chosen":"THE_CHAMP","items_purchased":["champ:BerserkerStyle","Sling","Lizard Tail","Pear","champ:BerserkersGuideToSlaughter"],"campfire_rested":0,"item_purchase_floors":[14,21,47,53,53],"current_hp_per_floor":[90,86,59,59,59,59,59,59,59,59,59,59,55,55,55,61,90,90,90,99,99,99,99,99,98,108,94,72,95,108,114,114,114,114,114,114,114,110,114,85,85,99,99,114,114,113,113,41,43,64,102,105,115,115,124],"gold":22,"neow_bonus":"TEN_PERCENT_HP_BONUS","is_daily":false,"chose_seed":false,"campfire_upgraded":8,"win_rate":0.0,"timestamp":1608149209,"path_taken":["R","M","?","R","M","M","T","R","E","R","M","?","M","$","M","BOSS","R","M","M","?","?","E","T","?","R","E","?","$","M","M","M","BOSS","R","?","M","E","?","E","T","E","R","E","M","M","$","?","M","BOSS","E","$","R","BOSS"],"items_purchased_type":["Card","Relic","Relic","Relic","Relic"],"build_version":"2020-12-13","purchased_purges":2,"victory":true,"max_hp_per_floor":[99,99,99,99,99,99,99,99,99,99,99,99,99,99,99,99,99,99,99,99,99,99,99,99,99,109,109,114,114,114,114,114,114,114,114,114,114,114,114,114,114,114,114,114,114,114,114,114,114,114,114,114,124,124,124],"card_choices":[{"not_picked":["champ:FocusedDefense","champ:FightOn"],"picked":"champ:TornadoPunch","floor":2.0},{"not_picked":["champ:Encircle","champ:Haymaker"],"picked":"champ:Aggression","floor":5.0},{"not_picked":["champ:StanceDance","champ:Haymaker"],"picked":"champ:Circumvent","floor":6.0},{"not_picked":["champ:ShieldSigil","champ:CrookedStrike"],"picked":"champ:FocusedDefense","floor":9.0},{"not_picked":["champ:TornadoPunch","champ:DefensiveShout"],"picked":"champ:DefensiveStyle","floor":11.0},{"not_picked":["champ:Encircle","champ:Haymaker"],"picked":"champ:Backstep","floor":13.0},{"not_picked":["champ:Backstep","champ:ViciousMockery"],"picked":"champ:VampiricStrike","floor":14.0},{"not_picked":["champ:PreciseThrust","champ:Circumvent"],"picked":"champ:IronFortress","floor":15.0},{"not_picked":["champ:MurderStrike","champ:LastStand"],"picked":"champ:DancingMaster","floor":16.0},{"not_picked":["champ:Riposte","champ:EnragedBash"],"picked":"champ:StanceDance+1","floor":19.0},{"not_picked":["champ:Lariat","champ:RapidStrikes"],"picked":"champ:CalledShot","floor":20.0},{"not_picked":["champ:PerfectedStrike","champ:Shatter"],"picked":"champ:TornadoPunch+1","floor":21.0},{"not_picked":["champ:BerserkersShout","champ:LastStand","champ:FocusedGladiator"],"picked":"SKIP","floor":23.0},{"not_picked":["champ:PerfectedStrike","champ:FanOfKnives+1","champ:Shatter"],"picked":"SKIP","floor":25.0},{"not_picked":["champ:TornadoPunch","champ:BerserkersShout+1"],"picked":"champ:DefensiveStyle","floor":27.0},{"not_picked":["champ:CrookedStrike+1","champ:BerserkersShout+1"],"picked":"champ:Balance","floor":29.0},{"not_picked":["champ:BerserkerStyle","champ:FanOfKnives"],"picked":"champ:ArenaPreparation","floor":30.0},{"not_picked":["champ:Haymaker+1","champ:GladiatorsShout"],"picked":"champ:RageSigil+1","floor":31.0},{"not_picked":["champ:StanceDance+1","champ:DefensiveShout","champ:TornadoPunch+1"],"picked":"SKIP","floor":32.0},{"not_picked":["champ:IgnorePain","champ:HeavySlash"],"picked":"champ:PerfectForm","floor":33.0},{"not_picked":["champ:RageSigil+1","champ:TornadoPunch","champ:FocusedBerserking"],"picked":"SKIP","floor":37},{"not_picked":["champ:SwordSigil+1","champ:BerserkerStyle+1","champ:RageSigil"],"picked":"SKIP","floor":38},{"not_picked":["champ:BerserkerStyle+1","champ:RageSigil"],"picked":"champ:SwordSigil+1","floor":38},{"not_picked":["champ:Aggression","champ:BladeFlurry"],"picked":"champ:BringItOn+1","floor":39},{"not_picked":["champ:ArenaPreparation+1","champ:StanceDance"],"picked":"champ:GutPunch+1","floor":40},{"not_picked":["champ:FanOfKnives","champ:BerserkerStyle"],"picked":"champ:ShieldWall+1","floor":42},{"not_picked":["champ:EnGarde+1","champ:DeathBlow+1","champ:FightOn"],"picked":"SKIP","floor":44},{"not_picked":["champ:StrikeOfGenius","champ:RapidStrikes+1"],"picked":"champ:DefensiveStyle+1","floor":45},{"not_picked":["champ:FlashCut","champ:CalledShot"],"picked":"champ:IronFortress+1","floor":46},{"not_picked":["champ:GladiatorStyle","champ:SwordSigil+1"],"picked":"champ:Encircle+1","floor":47},{"not_picked":["champ:GladiatorsShout+1","champ:FocusedBerserking"],"picked":"champ:AdrenalArmor","floor":48},{"not_picked":["champ:Haymaker","champ:FlashCut+1","champ:ShieldSigil"],"picked":"SKIP","floor":49},{"not_picked":["champ:PerfectedStrike+1","champ:FanOfKnives+1"],"picked":"champ:Backstep","floor":52}],"player_experience":2336233,"relics_obtained":[{"floor":7.0,"key":"Omamori"},{"floor":9.0,"key":"Oddly Smooth Stone"},{"floor":23.0,"key":"champ:FightingForDummies"},{"floor":27.0,"key":"Vajra"},{"floor":38,"key":"Unceasing Top"},{"floor":40,"key":"Thread and Needle"},{"floor":41,"key":"CeramicFish"},{"floor":42,"key":"Whetstone"},{"floor":44,"key":"Incense Burner"},{"floor":48,"key":"CatCart"},{"floor":52,"key":"Pantograph"}],"event_choices":[{"damage_healed":0.0,"max_hp_gain":0.0,"max_hp_loss":0.0,"gold_gain":0.0,"event_name":"Duplicator","player_choice":"Copied","floor":22.0,"gold_loss":0.0,"damage_taken":0.0,"cards_obtained":["champ:VampiricStrike"]},{"damage_healed":0,"gold_gain":0,"player_choice":"Rummage","damage_taken":0,"relics_obtained":["WarpedTongs"],"max_hp_gain":0,"max_hp_loss":0,"event_name":"Accursed Blacksmith","floor":36,"gold_loss":0,"cards_obtained":["Pain"]},{"damage_healed":0,"gold_gain":0,"player_choice":"Fight","damage_taken":0,"max_hp_gain":0,"max_hp_loss":0,"event_name":"OrinTheCat","floor":48,"gold_loss":0}],"is_beta":false,"boss_relics":[{"not_picked":["Black Star","Runic Dome"],"picked":"Philosopher\u0027s Stone"},{"not_picked":["Snecko Eye","Runesmith:UraniumAnvil"],"picked":"Astrolabe"}],"items_purged_floors":[14,29],"is_endless":false,"potions_floor_spawned":[5,11,16,23,25,30,33,40,42,44,45,46,49],"ascension_level":9}}