{"host":"a7kkotolxcg5vljr","time":1608148660,"event":{"mods":["2.2 Compatiblity","AchievementEnabler","Act Like it!","BaseMod","Better Altar","Better Skull","Better Third Choice","Colored Map","Colored Powertips","Downfall","Hermit","Highlight Path","Marisa????????","Minty Spire (QoL Compilation)","Quick Restart","Rare Cards Sparkle","Replay The Spire","Spicy Shops","StSLib","The Cursed","The Disciple","The Servant 0.9.4"],"gold_per_floor":[111,159,173,183,197,230,241,270,270,288,288,19,19,19,19,123,123,142,154,169,186,461,461,471,471,471,14,24,24,24,24,24,121,121,139,150,164,164,184,184,203,255,278,278,292,38,38,54,54,54,54,54,36,70,70,70],"floor_reached":55,"playtime":2237,"items_purged":["Decay","Normality","Regret"],"score":708,"play_id":"98d269f2-9084-4df6-b39f-ee7f3a164a90","local_time":"20201216145740","is_ascension_mode":false,"campfire_choices":[{"floor":13,"key":"REST"},{"floor":15,"key":"RECALL"},{"floor":23,"key":"REST"},{"floor":25,"key":"REST"},{"floor":29,"key":"REST"},{"data":"Guardian:Aged","floor":32,"key":"PURGE"},{"floor":40,"key":"REST"},{"floor":44,"key":"REST"},{"floor":47,"key":"REST"},{"data":"ReplayTheSpireMod:Muscle Training","floor":52,"key":"SMITH"}],"circlet_count":0,"master_deck":["Strike_R","Strike_R+1","Strike_R+1","Strike_R+1","Strike_R","Defend_R","Defend_R","Defend_R","Defend_R","Flame Barrier+1","Battle Trance","Cleave","Perfected Strike","Double Tap+1","Infernal Blade","Fire Breathing","ReplayTheSpireMod:Stacked+1","Reaper","Shrug It Off","Body Slam+1","Sword Boomerang","Juggernaut","Cleave","ReplayTheSpireMod:Muscle Training+1","Cleave","Reaper","Run Through+1","Heavy Blade+1","Flame Barrier","ReplayTheSpireMod:Limb From Limb","Inflame+1","Defy Death+1","ReplayTheSpireMod:Limb From Limb+1","Pommel Strike+1","Headbutt+1","Shrug It Off","Body Slam+1","Immolate","Thunderclap","Metallicize","Reaper","Iron Wave","Iron Wave","Iron Wave","Heavy Blade+1","Thinking Ahead","Rampage+1"],"relics":["expansioncontent:StudyCardRelic","Smiling Mask","Peace Pipe","Guide Book","BranchBurnRelic","Electric Blood","Gremlin Food","King of Hearts","Prayer Wheel","Medical Kit","FossilizedHelix","Chameleon Ring","SacredBark","Replay:Kaleidoscope","Strawberry","DollysMirror","Bottled Flame"],"acts_visited":["Exordium","TheCity","TheBeyond","TheEnding"],"potions_floor_usage":[3,4,6,6,10,16,16,16,20,20,24,33,37,55],"damage_taken":[{"damage":1,"enemies":"Jaw Worm","floor":1,"turns":4},{"damage":0,"enemies":"2 Louse","floor":3,"turns":2},{"damage":0,"enemies":"Cultist","floor":4,"turns":2},{"damage":8,"enemies":"Exordium Wildlife","floor":5,"turns":4},{"damage":12,"enemies":"Gremlin Nob","floor":6,"turns":3},{"damage":6,"enemies":"Exordium Thugs","floor":7,"turns":4},{"damage":0,"enemies":"Lagavulin","floor":8,"turns":3},{"damage":18,"enemies":"Gremlin Gang","floor":10,"turns":3},{"damage":22,"enemies":"The Guardian","floor":16,"turns":11},{"damage":31,"enemies":"Spheric Guardian","floor":18,"turns":4},{"damage":11,"enemies":"Chosen","floor":19,"turns":4},{"damage":21,"enemies":"Sentry and Sphere","floor":20,"turns":3},{"damage":15,"enemies":"Snecko","floor":21,"turns":4},{"damage":31,"enemies":"Snake Plant","floor":24,"turns":3},{"damage":11,"enemies":"Cultist and Chosen","floor":28,"turns":3},{"damage":64,"enemies":"Automaton","floor":33,"turns":9},{"damage":12,"enemies":"3 Shapes","floor":35,"turns":2},{"damage":11,"enemies":"Orb Walker","floor":36,"turns":2},{"damage":16,"enemies":"Transient","floor":37,"turns":5},{"damage":15,"enemies":"Writhing Mass","floor":39,"turns":4},{"damage":38,"enemies":"3 Darklings","floor":41,"turns":5},{"damage":32,"enemies":"2 Orb Walkers","floor":42,"turns":4},{"damage":23,"enemies":"Jaw Worm Horde","floor":45,"turns":4},{"damage":17,"enemies":"Transient","floor":48,"turns":5},{"damage":47,"enemies":"Donu and Deca","floor":50,"turns":8},{"damage":61,"enemies":"Shield and Spear","floor":54,"turns":5},{"damage":232,"enemies":"The Heart","floor":55,"turns":9}],"seed_played":"2155030426120302872","potions_obtained":[{"floor":1,"key":"EntropicBrew"},{"floor":2,"key":"Fire Potion"},{"floor":2,"key":"Cursed Concoction"},{"floor":3,"key":"Weak Potion"},{"floor":5,"key":"PowerPotion"},{"floor":7,"key":"sneckomod:MuddlingPotion"},{"floor":18,"key":"BlessingOfTheForge"},{"floor":19,"key":"SteroidPotion"},{"floor":21,"key":"AttackPotion"},{"floor":28,"key":"Swift Potion"},{"floor":35,"key":"Weak Potion"},{"floor":42,"key":"Regen Potion"},{"floor":49,"key":"FairyPotion"}],"is_trial":false,"path_per_floor":["M","?","M","M","M","E","M","E","T","M","?","$","R","$","R_BF","B",null,"M","M","M","M","?","R","M","R","T","$","M","R","?","T","R","B",null,"M","M","M","?","M","R","M","?","T","R","M","$","R","M","R","B",null,"R","$","E","B"],"character_chosen":"IRONCLAD","items_purchased":["Peace Pipe","Guide Book","King of Hearts","Prayer Wheel","Medical Kit","Metallicize","DollysMirror","Iron Wave","Thinking Ahead"],"campfire_rested":7,"item_purchase_floors":[12,12,27,27,27,46,46,46,53],"current_hp_per_floor":[79,47,47,47,39,27,21,21,21,3,3,3,27,27,27,20,80,49,40,19,12,12,36,19,43,43,43,41,65,65,65,65,20,80,71,64,52,52,42,66,59,27,34,60,57,57,83,87,87,63,87,87,87,43,0,0],"gold":70,"neow_bonus":"BOSS_RELIC","is_daily":false,"chose_seed":false,"campfire_upgraded":1,"win_rate":0.0,"timestamp":1608148660,"path_taken":["M","?","?","M","M","E","M","E","T","M","?","$","R","?","R_BF","BOSS","M","M","M","?","?","R","?","R","T","$","M","R","?","?","R","BOSS","M","?","M","?","M","R","M","?","T","R","M","$","R","M","R","BOSS","R","$","E","BOSS"],"items_purchased_type":["Relic","Relic","Relic","Relic","Relic","Card","Relic","Card","Card"],"build_version":"2020-12-13","purchased_purges":3,"victory":false,"max_hp_per_floor":[80,80,80,80,80,80,80,80,80,80,80,80,80,80,80,80,80,80,80,80,80,80,80,80,80,80,80,80,80,80,80,80,80,80,80,80,80,80,80,80,80,80,87,87,87,87,87,87,87,87,87,87,87,87,87,87],"card_choices":[{"not_picked":["ReplayTheSpireMod:LeadingStrike","Heavy Blade"],"picked":"Flame Barrier","floor":1},{"not_picked":["Cleave","Dual Wield"],"picked":"Battle Trance","floor":2},{"not_picked":["Pommel Strike","Clash"],"picked":"Cleave","floor":3},{"not_picked":["ReplayTheSpireMod:LeadingStrike","Pommel Strike"],"picked":"Perfected Strike","floor":4},{"not_picked":["Replay:Undeath\u0027s Touch","Body Slam"],"picked":"Double Tap","floor":5},{"not_picked":["Havoc","Rage","Pummel"],"picked":"SKIP","floor":6},{"not_picked":["Sever Soul","ReplayTheSpireMod:Corrosion Curse"],"picked":"Infernal Blade","floor":7},{"not_picked":["Uppercut","Replay:Many Hands"],"picked":"Fire Breathing","floor":8},{"not_picked":["Wild Strike","Warcry"],"picked":"ReplayTheSpireMod:Stacked","floor":10},{"not_picked":["Fiend Fire","Barricade"],"picked":"Reaper","floor":16},{"not_picked":["Havoc","ReplayReversal"],"picked":"Shrug It Off","floor":18},{"not_picked":["ReplayTheSpireMod:Strike From Hell","Massacre"],"picked":"Body Slam+1","floor":19},{"not_picked":["Clothesline","Clash"],"picked":"Sword Boomerang","floor":20},{"not_picked":["Heavy Blade","Replay:Undeath\u0027s Touch"],"picked":"Juggernaut","floor":21},{"not_picked":["Clothesline","Dual Wield"],"picked":"Cleave","floor":24},{"not_picked":["Second Wind","Havoc+1"],"picked":"ReplayTheSpireMod:Muscle Training","floor":28},{"not_picked":["Body Slam","Run Through"],"picked":"Cleave","floor":28},{"not_picked":["Brutality","Bludgeon"],"picked":"Reaper","floor":33},{"not_picked":["Replay:Undeath\u0027s Touch","Twin Strike"],"picked":"Run Through+1","floor":35},{"not_picked":["Body Slam","Power Through+1"],"picked":"Heavy Blade+1","floor":35},{"not_picked":["Run Through","Iron Wave"],"picked":"Flame Barrier","floor":36},{"not_picked":["Thunderclap","Iron Wave+1"],"picked":"ReplayTheSpireMod:Limb From Limb","floor":36},{"not_picked":["Uppercut","Shockwave+1"],"picked":"Inflame+1","floor":37},{"not_picked":["Havoc","Sword Boomerang+1"],"picked":"Defy Death+1","floor":37},{"not_picked":["Headbutt","Sentinel"],"picked":"ReplayTheSpireMod:Limb From Limb+1","floor":39},{"not_picked":["ReplayTheSpireMod:Stacked","Immolate"],"picked":"Pommel Strike+1","floor":39},{"not_picked":["True Grit","Wild Strike"],"picked":"Headbutt+1","floor":41},{"not_picked":["Havoc","True Grit"],"picked":"Shrug It Off","floor":41},{"not_picked":["Anger","Pommel Strike+1"],"picked":"Body Slam+1","floor":42},{"not_picked":["Intimidate","Cleave"],"picked":"Immolate","floor":45},{"not_picked":["Sentinel","Whirlwind"],"picked":"Thunderclap","floor":45},{"not_picked":["Burning Pact","Twin Strike"],"picked":"Iron Wave","floor":48},{"not_picked":["Anger+1","Clash+1"],"picked":"Heavy Blade+1","floor":48},{"not_picked":["Life Link","Flex+1"],"picked":"Rampage+1","floor":54}],"player_experience":325549,"relics_obtained":[{"floor":6,"key":"Dead Branch"},{"floor":8,"key":"Smiling Mask"},{"floor":26,"key":"Gremlin Food"},{"floor":31,"key":"Chameleon Ring"},{"floor":42,"key":"Replay:Kaleidoscope"},{"floor":43,"key":"Strawberry"},{"floor":54,"key":"Bottled Flame"}],"event_choices":[{"damage_healed":0,"gold_gain":0,"player_choice":"Cursed","damage_taken":0,"max_hp_gain":0,"max_hp_loss":0,"event_name":"Wheel of Change","floor":11,"gold_loss":0,"cards_obtained":["Decay"]},{"damage_healed":0,"gold_gain":275,"player_choice":"Desecrate","damage_taken":0,"max_hp_gain":0,"max_hp_loss":0,"event_name":"Golden Shrine","floor":22,"gold_loss":0,"cards_obtained":["Regret"]},{"cards_removed":["Bash"],"damage_healed":0,"gold_gain":0,"player_choice":"Removed Attack","damage_taken":0,"max_hp_gain":0,"max_hp_loss":0,"event_name":"Falling","floor":38,"gold_loss":0},{"damage_healed":0,"gold_gain":0,"player_choice":"Fight","damage_taken":0,"max_hp_gain":0,"max_hp_loss":0,"event_name":"Mysterious Sphere","floor":42,"gold_loss":0}],"is_beta":false,"boss_relics":[{"not_picked":["Empty Cage","Replay:Drink Me"],"picked":"Electric Blood"},{"not_picked":["Runic Dome","Black Star"],"picked":"SacredBark"}],"items_purged_floors":[12,27,46],"is_endless":false,"potions_floor_spawned":[1,3,5,7,18,19,21,28,35,42],"killed_by":"The Heart","ascension_level":0}}