{"host":"l1ihaotq1cxp1b6b","time":1608113359,"event":{"mods":["AchievementEnabler","Arknights The Spire","BaseMod","Colored Map","Custom Start","DeckTracker","Minty Spire (QoL Compilation)","StSLib","SuperFastMode","everything is the same but u backflip on backflip"],"gold_per_floor":[110,60,79,79,79,79,94,19,19,36,62,88,106,106,106,210,210,228,143,143,169,42,42,82,82,82,114,140,183,183,58,58,168,168,197,262,297,328,328,328],"floor_reached":39,"playtime":914,"items_purged":["ats:Powerful Strike","ats:Powerful Strike","Parasite"],"score":399,"play_id":"455dfeb4-97e7-43d1-b907-41e945a814cc","local_time":"20201216190919","is_ascension_mode":false,"campfire_choices":[{"data":"ats:Disruption Kick","floor":15,"key":"SMITH"},{"data":"ats:Echo Reverb","floor":25,"key":"SMITH"},{"data":"ats:Very Hot Blade","floor":32,"key":"SMITH"}],"circlet_count":0,"master_deck":["ats:Powerful Strike","ats:Defend Up","ats:Defend Up","ats:Defend Up","ats:Defend Up","ats:Emotion Absorption+1","ats:Emotion Absorption","ats:Hook Shot+1","ats:Shell Defense","ats:Disruption Kick+1","ats:Explosion Area Strengthen","ats:Chain Hook","ats:Ignite","ats:Overload","ats:Echo Reverb+1","ats:Consecutive Shot: Auto+1","ats:Sunburst","ats:Explosion Area Strengthen","ats:Soul Absorption","ats:Composite Medical Shells+1","ats:Very Hot Blade+1","ats:Just Like an Apocalypse+1","ats:Explosion Area Strengthen+1","ats:Flexible Camouflage+1","ats:Mental Burst"],"relics":["ats:Sanity","Regal Pillow","Anchor","ats:Originium","Incense Burner","ats:Lavender","Odd Mushroom","Cursed Key","ats:Gyao","Nloth\u0027s Gift","ats:Originium","Red Mask","Mummified Hand","Pocketwatch","Runic Pyramid","Unceasing Top"],"acts_visited":["Exordium","TheCity","TheBeyond"],"potions_floor_usage":[11,11,16,24,33,33],"damage_taken":[{"damage":6,"enemies":"2 Louse","floor":1,"turns":3},{"damage":6,"enemies":"Jaw Worm","floor":3,"turns":2},{"damage":0,"enemies":"Cultist","floor":7,"turns":3},{"damage":2,"enemies":"Looter","floor":10,"turns":4},{"damage":10,"enemies":"Gremlin Nob","floor":11,"turns":4},{"damage":0,"enemies":"The Mushroom Lair","floor":12,"turns":3},{"damage":0,"enemies":"Large Slime","floor":13,"turns":4},{"damage":46,"enemies":"Slime Boss","floor":16,"turns":11},{"damage":0,"enemies":"Shell Parasite","floor":18,"turns":3},{"damage":0,"enemies":"Chosen","floor":21,"turns":3},{"damage":10,"enemies":"Masked Bandits","floor":24,"turns":3},{"damage":3,"enemies":"Snake Plant","floor":27,"turns":3},{"damage":9,"enemies":"Centurion and Healer","floor":28,"turns":5},{"damage":24,"enemies":"Book of Stabbing","floor":29,"turns":5},{"damage":47,"enemies":"Automaton","floor":33,"turns":10},{"damage":0,"enemies":"3 Shapes","floor":35,"turns":4},{"damage":45,"enemies":"Mind Bloom Boss Battle","floor":36,"turns":9},{"damage":3,"enemies":"Orb Walker","floor":37,"turns":3},{"damage":11,"enemies":"Spire Growth","floor":38,"turns":4},{"damage":64,"enemies":"Maw","floor":39,"turns":7}],"seed_played":"-3074832359177537556","potions_obtained":[{"floor":3,"key":"Strength Potion"},{"floor":10,"key":"Regen Potion"},{"floor":11,"key":"Fruit Juice"},{"floor":18,"key":"Energy Potion"},{"floor":24,"key":"BlessingOfTheForge"},{"floor":29,"key":"PowerPotion"},{"floor":37,"key":"EssenceOfSteel"}],"is_trial":false,"path_per_floor":["M","?","M","T","?","R","M","$","T","M","E","?","M","T","R","B",null,"M","?","?","M","$","R","?","R","T","M","M","E","?","$","R","B",null,"M","?","M","M","M"],"character_chosen":"DOCTOR_CLASS","items_purchased":["ats:Explosion Area Strengthen"],"campfire_rested":0,"item_purchase_floors":[22],"current_hp_per_floor":[66,66,60,60,46,46,46,46,46,44,46,48,51,51,51,20,77,77,77,77,77,77,77,67,67,67,66,61,42,42,42,42,4,74,74,44,46,41,0,0],"gold":328,"neow_bonus":"RANDOM_COMMON_RELIC","is_daily":false,"chose_seed":false,"campfire_upgraded":3,"win_rate":0.0,"timestamp":1608113359,"path_taken":["M","?","M","?","?","R","?","$","T","M","E","?","M","?","R","BOSS","M","?","?","?","$","R","?","R","T","M","M","E","?","?","R","BOSS","M","?","M","M","M"],"items_purchased_type":["Card"],"build_version":"2020-12-13","purchased_purges":3,"victory":false,"max_hp_per_floor":[72,72,72,72,72,72,72,72,72,72,72,72,72,72,72,77,77,77,77,77,77,77,77,77,77,77,77,77,77,77,74,74,74,74,74,74,74,74,74,74],"card_choices":[{"not_picked":["ats:Very Hot Blade","ats:Cat Scratch"],"picked":"ats:Hook Shot","floor":1},{"not_picked":["ats:Cat Scratch","ats:Assault Order"],"picked":"ats:Shell Defense","floor":3},{"not_picked":["ats:Just Like an Apocalypse","ats:Thermite Blade"],"picked":"ats:Disruption Kick","floor":7},{"not_picked":["ats:Curse Doll","ats:Poison Spread"],"picked":"ats:Explosion Area Strengthen","floor":10},{"not_picked":["ats:Charging Defense","ats:Sunburst"],"picked":"ats:Chain Hook","floor":11},{"not_picked":["ats:Encircling Forest","ats:Just Like an Apocalypse"],"picked":"ats:Ignite","floor":12},{"not_picked":["ats:Curse Doll","ats:Poison Spread"],"picked":"ats:Overload","floor":13},{"not_picked":["ats:Roar Of Ursus","ats:Beaten Up"],"picked":"ats:Echo Reverb","floor":16},{"not_picked":["ats:Cat Scratch","ats:Assault Order"],"picked":"ats:Consecutive Shot: Auto+1","floor":18},{"not_picked":["ats:Spore Proliferation+1","ats:Charging Defense"],"picked":"ats:Sunburst","floor":21},{"not_picked":["ats:Mental Burst","ats:Chain Hook+1"],"picked":"ats:Soul Absorption","floor":27},{"not_picked":["ats:Sunburst","ats:Charging Defense"],"picked":"ats:Composite Medical Shells+1","floor":28},{"not_picked":["ats:Durian","ats:Soul Absorption+1","ats:Hook Shot"],"picked":"SKIP","floor":29},{"not_picked":["ats:Explosion Area Strengthen+1","ats:Ignite"],"picked":"ats:Just Like an Apocalypse+1","floor":35},{"not_picked":["ats:Durian","ats:Shell Defense+1"],"picked":"ats:Explosion Area Strengthen+1","floor":36},{"not_picked":["ats:Counter Healing Mode","ats:Consecutive Shot: Auto"],"picked":"ats:Flexible Camouflage+1","floor":37},{"not_picked":["ats:Charging Defense","ats:Cat Scratch"],"picked":"ats:Mental Burst","floor":38}],"player_experience":532213,"relics_obtained":[{"floor":4,"key":"Anchor"},{"floor":6,"key":"ats:Originium"},{"floor":9,"key":"Incense Burner"},{"floor":11,"key":"ats:Lavender"},{"floor":12,"key":"Odd Mushroom"},{"floor":14,"key":"Bottled Lightning"},{"floor":23,"key":"ats:Originium"},{"floor":24,"key":"Red Mask"},{"floor":26,"key":"Mummified Hand"},{"floor":29,"key":"Pocketwatch"},{"floor":36,"key":"Unceasing Top"}],"event_choices":[{"cards_removed":["ats:Armor Crushing Shot"],"damage_healed":0,"gold_gain":0,"player_choice":"Card Removal","damage_taken":0,"max_hp_gain":0,"max_hp_loss":0,"event_name":"The Cleric","floor":2,"gold_loss":50},{"damage_healed":0,"gold_gain":0,"player_choice":"Entered Light","damage_taken":14,"max_hp_gain":0,"max_hp_loss":0,"event_name":"Shining Light","floor":5,"gold_loss":0,"cards_upgraded":["ats:Hook Shot","ats:Emotion Absorption"]},{"damage_healed":0,"gold_gain":0,"player_choice":"Fought Mushrooms","damage_taken":0,"max_hp_gain":0,"max_hp_loss":0,"event_name":"Mushrooms","floor":12,"gold_loss":0},{"damage_healed":0,"gold_gain":0,"player_choice":"Obtained Relic","damage_taken":0,"relics_obtained":["ats:Gyao"],"max_hp_gain":0,"max_hp_loss":0,"event_name":"Addict","floor":19,"gold_loss":85},{"damage_healed":0,"gold_gain":0,"player_choice":"Traded Relic","damage_taken":0,"relics_obtained":["Nloth\u0027s Gift"],"max_hp_gain":0,"max_hp_loss":0,"event_name":"N\u0027loth","floor":20,"relics_lost":["Bottled Lightning"],"gold_loss":0},{"damage_healed":0,"gold_gain":0,"player_choice":"Fought Bandits","damage_taken":0,"max_hp_gain":0,"max_hp_loss":0,"event_name":"Masked Bandits","floor":24,"gold_loss":0},{"damage_healed":0,"gold_gain":0,"player_choice":"Read","damage_taken":0,"max_hp_gain":0,"max_hp_loss":0,"event_name":"The Library","floor":30,"gold_loss":0,"cards_obtained":["ats:Very Hot Blade"]},{"damage_healed":0,"gold_gain":0,"player_choice":"Fight","damage_taken":0,"max_hp_gain":0,"max_hp_loss":0,"event_name":"MindBloom","floor":36,"gold_loss":0}],"is_beta":false,"boss_relics":[{"not_picked":["Velvet Choker","Coffee Dripper"],"picked":"Cursed Key"},{"not_picked":["Astrolabe","Fusion Hammer"],"picked":"Runic Pyramid"}],"items_purged_floors":[8,22,31],"is_endless":false,"potions_floor_spawned":[3,10,11,18,24,29,37],"killed_by":"Maw","ascension_level":0}}