{"host":"90zmhqhem9nbzoc6","time":1608100444,"event":{"mods":["AchievementEnabler","BaseMod","Better Note","Better Third Choice","BetterRewards","Colored Map","Colored Powertips","Conspire","Downfall","Energized Spire","Friendly Minions","GifTheSpireLib","Hermit","Hubris","Infinite Spire","Minty Spire (QoL Compilation)","Quick Restart","Replay The Spire","StSLib","Stuff the Spire","The Blue Laboratory","The Jungle"],"gold_per_floor":[115,129,129,129,129,159,184,184,184,196,196,207,10,10,10,118,118,141,152,169,174,174],"floor_reached":21,"playtime":1011,"items_purged":[],"score":181,"play_id":"399ee5ec-7957-4290-997d-045d2ff4e448","local_time":"20201215223404","is_ascension_mode":false,"campfire_choices":[{"floor":8,"key":"RECALL"},{"floor":11,"key":"REST"},{"floor":15,"key":"REST"}],"circlet_count":0,"master_deck":["hermit:Strike_Hermit","hermit:Strike_Hermit","hermit:Strike_Hermit","hermit:Strike_Hermit","hermit:Defend_Hermit","hermit:Defend_Hermit","hermit:Defend_Hermit","hermit:Defend_Hermit","hermit:Snapshot","hermit:Covet","hermit:Maintenance+1","hermit:Dive","hermit:Quickdraw","hermit:Quickdraw","hermit:GoldenBullet","hermit:Scavenge","StuffTheSpire:CuriosityCurse","Pot Of Greed","Pot Of Greed+1","hermit:BodyArmor","hermit:Headshot","hermit:Ricochet","hermit:HighCaliber","hermit:Headshot","hermit:Magnum","hermit:Vantage","Pot Of Greed","hermit:Maintenance"],"relics":["hermit:Momento","Sling","Art of War","Grinning Jar","Gremlin Food"],"acts_visited":["Exordium","TheCity"],"potions_floor_usage":[16,20,20],"damage_taken":[{"damage":8,"enemies":"Jaw Worm","floor":1,"turns":2},{"damage":2,"enemies":"Small Slimes","floor":2,"turns":4},{"damage":13,"enemies":"3 Sentries","floor":6,"turns":11},{"damage":0,"enemies":"Cultist","floor":7,"turns":3},{"damage":0,"enemies":"Exordium Thugs","floor":10,"turns":4},{"damage":0,"enemies":"3 Louse","floor":12,"turns":3},{"damage":37,"enemies":"Fading Forest","floor":16,"turns":11},{"damage":6,"enemies":"Chosen","floor":18,"turns":4},{"damage":5,"enemies":"3 Byrds","floor":19,"turns":6},{"damage":44,"enemies":"Sentry and Sphere","floor":20,"turns":9},{"damage":35,"enemies":"Shelled Parasite and Fungi","floor":21,"turns":6}],"seed_played":"7926417669418845057","potions_obtained":[{"floor":1,"key":"blueLaboratory:FrostheartPotion"},{"floor":16,"key":"blueLaboratory:LouseDecoction"},{"floor":19,"key":"Regen Potion"}],"is_trial":false,"path_per_floor":["M","M","?","?","?","E","M","R","T","M","R","M","$","$","R","B",null,"M","M","M","M"],"character_chosen":"HERMIT","items_purchased":["Sling","hermit:Maintenance","hermit:Dive","hermit:Quickdraw","Gremlin Food","hermit:Headshot"],"campfire_rested":2,"item_purchase_floors":[0,0,0,0,13,13],"current_hp_per_floor":[67,65,65,65,65,52,52,52,52,52,74,74,74,74,75,38,75,69,64,35,0,0],"gold":174,"neow_bonus":"","is_daily":false,"chose_seed":false,"campfire_upgraded":0,"win_rate":0.0,"timestamp":1608100444,"path_taken":["M","M","?","?","?","E","M","R","T","M","R","?","?","$","R","BOSS","M","M","?","M"],"items_purchased_type":["Relic","Card","Card","Card","Relic","Card"],"build_version":"2020-12-13","purchased_purges":0,"victory":false,"max_hp_per_floor":[75,75,75,75,75,75,75,75,75,75,75,75,75,75,75,75,75,75,75,75,75,75],"card_choices":[{"not_picked":["hermit:Manifest","hermit:WideOpen"],"picked":"hermit:GoldenBullet","floor":1},{"not_picked":["hermit:TrackingShot","hermit:Brawl"],"picked":"hermit:Scavenge","floor":2},{"not_picked":["hermit:Virtue","hermit:Manifest"],"picked":"hermit:BodyArmor","floor":6},{"not_picked":["hermit:TakeAim","hermit:Glare"],"picked":"hermit:Headshot","floor":7},{"not_picked":["hermit:SprayPray","hermit:WideOpen"],"picked":"hermit:Ricochet","floor":10},{"not_picked":["hermit:Snipe","hermit:LowProfile"],"picked":"hermit:HighCaliber","floor":12},{"not_picked":["hermit:RoundhouseKick","hermit:EternalForm"],"picked":"hermit:Magnum","floor":16},{"not_picked":["hermit:CursedWeapon","hermit:Quickdraw"],"picked":"hermit:Vantage","floor":18},{"not_picked":["hermit:SprayPray","hermit:ItchyTrigger+1","hermit:LowProfile"],"picked":"SKIP","floor":19},{"not_picked":["hermit:BodyArmor","hermit:Manifest"],"picked":"hermit:Maintenance","floor":20}],"player_experience":200796,"relics_obtained":[{"floor":6,"key":"Grinning Jar"}],"event_choices":[{"damage_healed":0,"gold_gain":0,"player_choice":"Leave","damage_taken":0,"max_hp_gain":0,"max_hp_loss":0,"event_name":"The Cleric","floor":4,"gold_loss":0},{"damage_healed":0,"gold_gain":0,"player_choice":"Forge","damage_taken":0,"max_hp_gain":0,"max_hp_loss":0,"event_name":"Accursed Blacksmith","floor":5,"gold_loss":0,"cards_upgraded":["hermit:Maintenance"]}],"is_beta":false,"boss_relics":[{"not_picked":["hubris:CrackedHourglass","StuffTheSpire:RunicConfusion","conspire:SeveredTorchhead"]}],"items_purged_floors":[],"is_endless":false,"potions_floor_spawned":[1,12,16,19],"killed_by":"Shelled Parasite and Fungi","ascension_level":0}}