{"host":"lck2g1j0kcwr02ez","time":1608098315,"event":{"mods":["Act Like it!","BaseMod","CapriCore","Hallownest","KinomotoSakuraMod(Ä¾Ö®±¾Ó£)","Mari Mod (Legacy)","Mari\u0027s V1 Patch","Marked Mod","Minty Spire (QoL Compilation)","Railgun Mod","Rare Cards Sparkle","StSLib","The Bug Knight","The Hierophant"],"gold_per_floor":[110,110,126,7002,7018,7051,6345,6345,6370,5531,5562,5580,5580,5596,5596,5694,5694,5712,5712,4876,4876,4889,4889,4913,4944,4944,4975,4987,4997,4447,4467,4467,4568,4568,4578,4590,4505,4210,4230,4230,4256,4256,4256,4286,4305,3956,3970,3629,3629,3629,3629],"floor_reached":50,"playtime":3325,"items_purged":["HollowMod:NailStrikeStart","HollowMod:QuickDashStart","HollowMod:NailStrikeStart","HollowMod:QuickDashStart","HollowMod:QuickDashStart","HollowMod:NailStrikeStart","HollowMod:QuickDashStart"],"score":886,"play_id":"9c45a571-ea7c-4e6f-9d6a-8c7de447086f","local_time":"20201216135835","is_ascension_mode":true,"campfire_choices":[{"data":"HollowMod:SoulSplash","floor":8.0,"key":"SMITH"},{"floor":15.0,"key":"RECALL"},{"data":"Apotheosis","floor":23,"key":"SMITH"},{"data":"HollowMod:MantisMark","floor":32,"key":"SMITH"},{"data":"Hallownest:skillKingdomsEdgeMap","floor":40,"key":"SMITH"},{"data":"1","floor":42,"key":"LIFT"},{"data":"2","floor":49,"key":"LIFT"}],"circlet_count":0,"master_deck":["HollowMod:FocusHealStart+1","HollowMod:PogoStrike","HollowMod:CycloneSlash","HollowMod:SoulSplash+1","HollowMod:HuntersJournal","HollowMod:GoodIntentions","HollowMod:PureVessel","Apotheosis+1","HollowMod:CoiledNail","HollowMod:Grubsong+1","HollowMod:MantisMark+1","HollowMod:MonarchWings","Flash of Steel","HollowMod:HornetsHelp","Hallownest:skillKingdomsEdgeMap+1","HollowMod:HuntersJournal","HollowMod:CloakDash"],"relics":["HollowMod:VesselMask","NeowsBlessing","Hallownest:DreamNailRelic","HollowMod:LumaflyLanternRelic","Pear","Anchor","Singing Bowl","Toy Ornithopter","Strange Spoon","Potion Belt","Sundial","Lantern","HollowMod:JonisBlessing","Regal Pillow","Philosopher\u0027s Stone","OrangePellets","Strawberry","Bronze Scales","Bottled Tornado","Peace Pipe","HollowMod:LifeEnderRelic","Membership Card","Akabeko","TungstenRod","Busted Crown","HollowMod:KingsBrand","Question Card","Girya","Bag of Marbles","HollowMod:DelicateFlower","StoneCalendar","Ornamental Fan","Orrery","HollowMod:PaleOreRelic","Thread and Needle"],"acts_visited":["Hallownest:Greenpath","Hallownest:CityofTears"],"potions_floor_usage":[33,33,50],"damage_taken":[{"damage":0.0,"enemies":"2_ Uuma","floor":1.0,"turns":1.0},{"damage":0.0,"enemies":"Hallownest:monsterHuskGuard","floor":3.0,"turns":1.0},{"damage":0.0,"enemies":"Hallownest:2_MossCreeps","floor":5.0,"turns":1.0},{"damage":33.0,"enemies":"Hallownest:eliteMossKnight","floor":6.0,"turns":6.0},{"damage":0.0,"enemies":"Hallownest:eliteCrystalGuardian","floor":11.0,"turns":3.0},{"damage":0.0,"enemies":"Hallownest:1_Baldur_1_Crawlid_1_Warrior","floor":12.0,"turns":2.0},{"damage":0.0,"enemies":"Hallownest:1_Ooma_and_2_Uuma","floor":14.0,"turns":3.0},{"damage":2.0,"enemies":"Hallownest:BossBrokenVessel","floor":16.0,"turns":10.0},{"damage":1.0,"enemies":"Hallownest:Guard_and_Sentry","floor":18.0,"turns":4.0},{"damage":0,"enemies":"Hallownest:Flukemon_and_Top","floor":22,"turns":3},{"damage":0,"enemies":"Hallownest:Nosk","floor":25,"turns":5},{"damage":0,"enemies":"Hallownest:eliteSoulWarrior","floor":27,"turns":4},{"damage":0,"enemies":"Hallownest:monsterMisterMushroom","floor":28,"turns":3},{"damage":0,"enemies":"Hallownest:monsterShrumalOgre","floor":29,"turns":3},{"damage":0,"enemies":"Hallownest:2_Flukemon","floor":31,"turns":3},{"damage":19,"enemies":"Hallownest:BossSoulMaster","floor":33,"turns":4},{"damage":0,"enemies":"Hallownest:2_Littles","floor":35,"turns":3},{"damage":0,"enemies":"Hallownest:3_Siblings","floor":36,"turns":4},{"damage":0,"enemies":"Hallownest:2_Wing_and_1_Kings","floor":39,"turns":3},{"damage":0,"enemies":"Hallownest:eliteCollector","floor":41,"turns":3},{"damage":0,"enemies":"Hallownest:eliteHiveKnight","floor":44,"turns":3},{"damage":0,"enemies":"Hallownest:Shield_Sturdy","floor":45,"turns":2},{"damage":0,"enemies":"Hallownest:2_Wandering_and_1_Horned","floor":47,"turns":3},{"damage":175,"enemies":"Hallownest:BossHollowKnight","floor":50,"turns":6}],"seed_played":"72660192873761370","potions_obtained":[{"floor":3.0,"key":"FairyPotion"},{"floor":6.0,"key":"EssenceOfSteel"},{"floor":16.0,"key":"SteroidPotion"},{"floor":18.0,"key":"ColorlessPotion"},{"floor":36,"key":"Swift Potion"},{"floor":47,"key":"PowerPotion"}],"is_trial":false,"path_per_floor":["M","?","M","$","M","E","$","R","T","$","E","M","?","M","R","B",null,"M","?","$","?","M","R","T","E","T","E","M","M","$","M","R","B",null,"M","M","?","$","M","R","E","R","T","E","M","$","M","$","R","B"],"character_chosen":"THE_BUGKNIGHT","items_purchased":["Fruit Juice","Regen Potion","SneckoOil","HollowMod:LumaflyLanternRelic","Pear","Singing Bowl","Toy Ornithopter","Strange Spoon","DistilledChaos","Sundial","Lantern","HollowMod:JonisBlessing","LiquidMemories","BlessingOfTheForge","HollowMod:HuntersJournal","OrangePellets","Strawberry","Bronze Scales","Apotheosis","ColorlessPotion","Membership Card","Akabeko","TungstenRod","HollowMod:MonarchWings","Flash of Steel","HollowMod:KingsBrand","Question Card","StoneCalendar","Ornamental Fan","Orrery","HollowMod:CloakDash","HollowMod:PaleOreRelic","Thread and Needle"],"campfire_rested":0,"item_purchase_floors":[4,4,4,4,4,7,7,7,7,10,10,10,10,10,10,20,20,20,20,20,30,30,30,30,30,38,38,46,46,46,48,48,48],"current_hp_per_floor":[75,75,75,90,90,63,63,63,63,63,63,65,65,67,67,65,94,95,95,102,102,102,102,102,104,104,104,106,106,106,108,108,89,109,111,113,113,113,115,115,117,117,117,119,121,129,131,131,131,0,0],"gold":3629,"neow_bonus":"THREE_ENEMY_KILL","is_daily":false,"chose_seed":false,"campfire_upgraded":4,"win_rate":0.0,"timestamp":1608098315,"path_taken":["M","?","?","?","M","E","$","R","T","$","E","M","?","M","R","BOSS","M","?","$","?","M","R","?","E","T","E","M","M","?","M","R","BOSS","M","?","?","$","?","R","E","R","T","E","M","$","M","$","R","BOSS"],"items_purchased_type":["Potion","Potion","Potion","Relic","Relic","Relic","Relic","Relic","Potion","Relic","Relic","Relic","Potion","Potion","Card","Relic","Relic","Relic","Card","Potion","Relic","Relic","Relic","Card","Card","Relic","Relic","Relic","Relic","Relic","Card","Relic","Relic"],"build_version":"2020-12-13","purchased_purges":7,"victory":false,"max_hp_per_floor":[75,75,75,90,90,90,90,90,90,90,90,92,92,94,94,94,94,96,96,103,103,103,103,103,105,105,105,107,107,107,109,109,109,109,111,113,113,113,115,115,117,117,117,119,121,129,131,131,131,131,131],"card_choices":[{"not_picked":["HollowMod:VengefulVoid","HollowMod:QuirrelsAssistance"],"picked":"HollowMod:CycloneSlash","floor":1.0},{"not_picked":["HollowMod:CornifersMapStart","HollowMod:ChannelNail"],"picked":"HollowMod:SoulSplash","floor":3.0},{"not_picked":["HollowMod:BaldurShell","HollowMod:ChannelNail","HollowMod:Grubsong"],"picked":"SKIP","floor":5.0},{"not_picked":["HollowMod:InfectedAttack","HollowMod:DashSlash","HollowMod:LifebloodCocoon"],"picked":"SKIP","floor":6.0},{"not_picked":["HollowMod:HowlingWraiths","HollowMod:Grubsong"],"picked":"HollowMod:GoodIntentions","floor":11.0},{"not_picked":["HollowMod:MonarchWings","HollowMod:NewJinnsSoul","HollowMod:SiblingsSouls"],"picked":"Singing Bowl","floor":12.0},{"not_picked":["HollowMod:CornifersMapStart","HollowMod:InfectedCysts","HollowMod:SoulSplash"],"picked":"Singing Bowl","floor":14.0},{"not_picked":["HollowMod:theNailsmith","HollowMod:Hiveblood"],"picked":"HollowMod:PureVessel","floor":16.0},{"not_picked":["HollowMod:DoubleDash","HollowMod:SiblingsShadow","HollowMod:LuriensSpire"],"picked":"Singing Bowl","floor":18.0},{"not_picked":["HollowMod:InfectedAttack","HollowMod:TaintedHusks"],"picked":"HollowMod:CoiledNail","floor":22},{"not_picked":["HollowMod:PureVessel","HollowMod:SharpenedNail","HollowMod:ChannelNail"],"picked":"Singing Bowl","floor":25},{"not_picked":["HollowMod:MothsMistake","HollowMod:DescendingDark"],"picked":"HollowMod:Grubsong+1","floor":27},{"not_picked":["HollowMod:NewLittleFool","HollowMod:DreamGate","HollowMod:SiblingsSouls"],"picked":"Singing Bowl","floor":28},{"not_picked":["HollowMod:InfectedCysts","HollowMod:MawleksShell+1"],"picked":"HollowMod:MantisMark","floor":29},{"not_picked":["HollowMod:TaintedHusks","HollowMod:CycloneSlash","HollowMod:HowlingWraiths"],"picked":"Singing Bowl","floor":31},{"not_picked":["HollowMod:RadiancesLament","HollowMod:ZotesMagnificence"],"picked":"HollowMod:HornetsHelp","floor":33},{"not_picked":["HollowMod:HowlingWraiths+1"],"picked":"Singing Bowl","floor":35},{"not_picked":["HollowMod:WraithStrike+1"],"picked":"Singing Bowl","floor":36},{"not_picked":["HollowMod:ShadowDash+1","HollowMod:SharpenedNail"],"picked":"Singing Bowl","floor":39},{"not_picked":["HollowMod:BrokenVessel","HollowMod:DoubleDash+1"],"picked":"Singing Bowl","floor":41},{"not_picked":["HollowMod:DashSlash","HollowMod:BrokenVessel"],"picked":"Singing Bowl","floor":44},{"not_picked":["HollowMod:SharpenedShadows+1","HollowMod:PerfectDash"],"picked":"Singing Bowl","floor":45},{"not_picked":["HollowMod:NewInfectedGuardian","HollowMod:LuriensSpire+1"],"picked":"Singing Bowl","floor":46},{"not_picked":["HollowMod:MonomonsArchive+1","HollowMod:SoulStrike"],"picked":"Singing Bowl","floor":46},{"not_picked":["HollowMod:VengefulVoid+1"],"picked":"HollowMod:HuntersJournal","floor":46},{"not_picked":["HollowMod:BrokenVessel","HollowMod:ShadowDash+1"],"picked":"Singing Bowl","floor":46},{"not_picked":["HollowMod:ShadowDash+1","HollowMod:GoodIntentions"],"picked":"Singing Bowl","floor":46},{"not_picked":["HollowMod:InfectedCysts","HollowMod:SharpenedShadows+1"],"picked":"Singing Bowl","floor":47}],"player_experience":271631,"relics_obtained":[{"floor":6.0,"key":"Anchor"},{"floor":9.0,"key":"Potion Belt"},{"floor":11.0,"key":"Regal Pillow"},{"floor":25,"key":"Bottled Tornado"},{"floor":26,"key":"Peace Pipe"},{"floor":27,"key":"HollowMod:LifeEnderRelic"},{"floor":41,"key":"Girya"},{"floor":43,"key":"Bag of Marbles"},{"floor":44,"key":"HollowMod:DelicateFlower"}],"event_choices":[],"is_beta":false,"boss_relics":[{"not_picked":["Empty Cage","Black Star"],"picked":"Philosopher\u0027s Stone"},{"not_picked":["Runic Pyramid","Pandora\u0027s Box"],"picked":"Busted Crown"}],"items_purged_floors":[4,7,10,20,30,38,48],"is_endless":false,"potions_floor_spawned":[3,6,16,18,25,27,29,36,39,47],"killed_by":"Hallownest:BossHollowKnight","ascension_level":4}}