{"host":"ipcfr4ajj2jkxvg7","time":1608122050,"event":{"mods":["BaseMod","Colored Powertips","GifTheSpireLib","Marisa（F雨　魔理沙）","Minty Spire (QoL Compilation)","Quick Restart","Remilia（蕾米莉亚）","Replay The Spire","RumiaBox-露米娅的神秘盒子","StSLib"],"gold_per_floor":[117,42,57,69,79,79,79,112,112,137,137,137,137],"floor_reached":12,"playtime":205,"items_purged":["Defend_MRS"],"score":114,"play_id":"10f0b619-b9de-4ef4-9c7a-eb80e3112d19","local_time":"20201216203410","is_ascension_mode":true,"campfire_choices":[{"data":"EarthLightRay","floor":7,"key":"SMITH"},{"floor":11,"key":"REST"}],"circlet_count":0,"master_deck":["Strike_MRS","Strike_MRS","Strike_MRS","Strike_MRS","Defend_MRS","Defend_MRS","Defend_MRS","MasterSpark","UpSweep","ManaConvection","EarthLightRay+1","GalacticHalo","MilkyWay"],"relics":["MiniHakkero","NeowsBlessing","AddBug","SecretRecord"],"acts_visited":["Exordium"],"potions_floor_usage":[8,10],"damage_taken":[{"damage":0,"enemies":"Cultist","floor":1,"turns":1},{"damage":0,"enemies":"Jaw Worm","floor":3,"turns":1},{"damage":0,"enemies":"2 Louse","floor":4,"turns":1},{"damage":16,"enemies":"Blue Slaver","floor":5,"turns":3},{"damage":36,"enemies":"Lagavulin","floor":8,"turns":7},{"damage":32,"enemies":"Gremlin Nob","floor":10,"turns":4},{"damage":0,"enemies":"3 Sentries","floor":12,"turns":1}],"seed_played":"5726860975229973736","potions_obtained":[{"floor":3,"key":"Venom Potion"},{"floor":5,"key":"PowerPotion"},{"floor":8,"key":"Adrenaline Potion"}],"is_trial":false,"path_per_floor":["M","$","M","M","M","$","R","E","T","E","R","E"],"character_chosen":"MARISA","items_purchased":["ReplayTheSpireMod:CursedCoin"],"campfire_rested":1,"item_purchase_floors":[2],"current_hp_per_floor":[68,68,68,68,57,57,57,28,28,3,25,25,25],"gold":137,"neow_bonus":"THREE_ENEMY_KILL","is_daily":false,"chose_seed":false,"campfire_upgraded":1,"win_rate":0.0,"timestamp":1608122050,"path_taken":["M","?","?","M","M","$","R","E","T","E","R","E"],"items_purchased_type":["Relic"],"build_version":"2020-12-13","purchased_purges":1,"victory":false,"max_hp_per_floor":[75,75,75,75,75,75,75,75,75,75,75,75,75],"card_choices":[{"not_picked":["Acceleration","Orbital","SporeBomb"],"picked":"SKIP","floor":1},{"not_picked":["WitchOfGreed","Robbery"],"picked":"ManaConvection","floor":3},{"not_picked":["IllusionStar","SporeBomb"],"picked":"EarthLightRay","floor":4},{"not_picked":["UnstableBomb","6A"],"picked":"GalacticHalo","floor":5},{"not_picked":["GrandCross","MysteriousBeam","AlicesGift"],"picked":"SKIP","floor":8},{"not_picked":["MysteriousBeam","Acceleration"],"picked":"MilkyWay","floor":10}],"player_experience":375367,"relics_obtained":[{"floor":1,"key":"AddBug"},{"floor":8,"key":"BreadOfAWashokuLover"},{"floor":9,"key":"Ornamental Fan"},{"floor":10,"key":"Divine Protection"}],"event_choices":[],"is_beta":false,"boss_relics":[],"items_purged_floors":[2],"is_endless":false,"potions_floor_spawned":[3,5,8],"killed_by":"3 Sentries","ascension_level":6}}