{"host":"oc5h2hqz0xgb0igf","time":1608136460,"event":{"mods":["AchievementEnabler","BaseMod","Card Forge","Colored Map","Colored Powertips","Minty Spire (QoL Compilation)","Rare Cards Sparkle","StSLib"],"gold_per_floor":[111,122,139,158,174,191,226,226,226,252,271,297,297,310,310,414,414,426,442,61,61,77,77,109,109,133,150,150,165,184,218,218,316,316,335,353,366,385,399,409,443,393,393,393,410,360,370,401,401,401,401,401,194,228,228],"floor_reached":56,"playtime":7094,"items_purged":["Strike_P+1","Writhe","Parasite","Strike_P+1"],"score":1409,"play_id":"41a14d99-24a0-4b6b-ac2e-0a841bb2e156","local_time":"20201216083420","is_ascension_mode":false,"campfire_choices":[{"data":"ClearTheMind","floor":13,"key":"SMITH"},{"data":"TalkToTheHand","floor":15,"key":"SMITH"},{"data":"WindmillStrike","floor":23,"key":"SMITH"},{"data":"Scrawl","floor":25,"key":"SMITH"},{"data":"Protect","floor":28,"key":"SMITH"},{"data":"WindmillStrike","floor":32,"key":"SMITH"},{"data":"Tantrum","floor":44,"key":"SMITH"},{"floor":49,"key":"RECALL"},{"data":"FlurryOfBlows","floor":52,"key":"SMITH"}],"circlet_count":0,"master_deck":["Strike_P+1","Strike_P+1","Defend_P+1","Defend_P+1","Defend_P+1","Defend_P+1","Eruption+1","Vigilance+1","TalkToTheHand+1","CutThroughFate+1","CutThroughFate+1","Tantrum+1","CutThroughFate+1","FearNoEvil+1","ClearTheMind+1","FearNoEvil+1","Scrawl+1","Protect+1","Protect+1","WindmillStrike+1","SandsOfTime+1","WindmillStrike+1","LessonLearned+1","FlurryOfBlows+1","DeusExMachina+1","TalkToTheHand"],"relics":["PureWater","Hammer of Thor","Seething Fire","Anvil of the Gods","HornCleat","Pen Nib","Mango","Eternal Feather","CaptainsWheel","Black Star","Dead Branch","Du-Vu Doll","Blood Vial","White Beast Statue","Whetstone","Red Mask","Sozu","StoneCalendar","Smiling Mask","Potion Belt","Shuriken","Pear","Oddly Smooth Stone"],"acts_visited":["Exordium","TheCity","TheBeyond","TheEnding"],"potions_floor_usage":[10,10,22,24,24,31,37,50,55],"damage_taken":[{"damage":3,"enemies":"Jaw Worm","floor":1,"turns":4},{"damage":0,"enemies":"Cultist","floor":2,"turns":5},{"damage":3,"enemies":"Small Slimes","floor":3,"turns":4},{"damage":0,"enemies":"3 Louse","floor":4,"turns":2},{"damage":0,"enemies":"Exordium Wildlife","floor":5,"turns":2},{"damage":0,"enemies":"Large Slime","floor":6,"turns":2},{"damage":6,"enemies":"Lagavulin","floor":7,"turns":6},{"damage":0,"enemies":"3 Sentries","floor":10,"turns":6},{"damage":8,"enemies":"Gremlin Gang","floor":11,"turns":2},{"damage":0,"enemies":"Gremlin Nob","floor":12,"turns":2},{"damage":0,"enemies":"2 Fungi Beasts","floor":14,"turns":2},{"damage":0,"enemies":"The Guardian","floor":16,"turns":9},{"damage":12,"enemies":"2 Thieves","floor":18,"turns":3},{"damage":0,"enemies":"Spheric Guardian","floor":19,"turns":2},{"damage":0,"enemies":"Snake Plant","floor":22,"turns":4},{"damage":17,"enemies":"Slavers","floor":24,"turns":6},{"damage":0,"enemies":"Centurion and Healer","floor":27,"turns":6},{"damage":0,"enemies":"Cultist and Chosen","floor":29,"turns":4},{"damage":0,"enemies":"Sentry and Sphere","floor":30,"turns":3},{"damage":0,"enemies":"Masked Bandits","floor":31,"turns":2},{"damage":15,"enemies":"Champ","floor":33,"turns":7},{"damage":0,"enemies":"3 Darklings","floor":35,"turns":4},{"damage":10,"enemies":"3 Shapes","floor":36,"turns":6},{"damage":0,"enemies":"Maw","floor":37,"turns":6},{"damage":0,"enemies":"Transient","floor":38,"turns":5},{"damage":0,"enemies":"Spire Growth","floor":39,"turns":5},{"damage":0,"enemies":"Writhing Mass","floor":40,"turns":5},{"damage":10,"enemies":"Reptomancer","floor":41,"turns":7},{"damage":0,"enemies":"4 Shapes","floor":45,"turns":3},{"damage":9,"enemies":"Spire Growth","floor":47,"turns":3},{"damage":0,"enemies":"Giant Head","floor":48,"turns":6},{"damage":51,"enemies":"Time Eater","floor":50,"turns":7},{"damage":0,"enemies":"Shield and Spear","floor":54,"turns":4},{"damage":102,"enemies":"The Heart","floor":55,"turns":7}],"seed_played":"-2477703931111407288","potions_obtained":[{"floor":1,"key":"SneckoOil"},{"floor":5,"key":"EssenceOfSteel"},{"floor":6,"key":"Block Potion"},{"floor":7,"key":"SpeedPotion"},{"floor":11,"key":"Fire Potion"},{"floor":14,"key":"PowerPotion"},{"floor":22,"key":"Fruit Juice"},{"floor":27,"key":"BottledMiracle"},{"floor":29,"key":"BottledMiracle"},{"floor":30,"key":"Ambrosia"},{"floor":31,"key":"Swift Potion"},{"floor":33,"key":"Block Potion"}],"is_trial":false,"path_per_floor":["M","M","M","M","M","M","E","?","T","E","M","E","R","M","R","B",null,"M","M","$","?","M","R","E","R","T","M","R","M","M","?","R","B",null,"M","M","M","M","M","M","E","$","T","R","M","$","M","E","R","B",null,"R","$","E","B",null],"character_chosen":"WATCHER","items_purchased":["Dead Branch","DeusExMachina"],"campfire_rested":0,"item_purchase_floors":[20,53],"current_hp_per_floor":[76,76,73,73,73,73,67,67,81,81,73,73,82,82,91,91,93,81,81,81,81,86,98,81,93,93,95,98,98,98,98,98,83,98,98,88,90,92,94,96,88,88,88,98,98,95,86,88,95,44,95,95,95,105,3],"gold":228,"neow_bonus":"TEN_PERCENT_HP_BONUS","is_daily":false,"chose_seed":false,"campfire_upgraded":8,"win_rate":0.0,"timestamp":1608136460,"path_taken":["M","M","M","M","M","M","E","?","T","E","M","E","R","M","R","BOSS","M","M","$","?","M","R","E","R","T","M","R","M","M","?","R","BOSS","M","M","M","M","M","M","E","$","T","R","M","$","M","E","R","BOSS","R","$","E","BOSS"],"items_purchased_type":["Relic","Card"],"build_version":"2020-12-13","purchased_purges":4,"victory":true,"max_hp_per_floor":[79,79,79,79,79,79,79,79,93,93,93,93,93,93,93,93,93,93,93,93,93,98,98,98,98,98,98,98,98,98,98,98,98,98,98,98,98,98,98,98,98,98,98,98,98,95,95,95,95,95,95,95,95,105,105],"card_choices":[{"not_picked":["InnerPeace","FollowUp"],"picked":"TalkToTheHand","floor":1},{"not_picked":["Protect","Study"],"picked":"CutThroughFate","floor":2},{"not_picked":["Consecrate","CarveReality","SignatureMove"],"picked":"SKIP","floor":3},{"not_picked":["PathToVictory","FlurryOfBlows"],"picked":"CutThroughFate","floor":4},{"not_picked":["WindmillStrike","EmptyBody"],"picked":"Tantrum","floor":5},{"not_picked":["BowlingBash","EmptyBody","Fasting2"],"picked":"SKIP","floor":6},{"not_picked":["DeceiveReality","Halt"],"picked":"CutThroughFate","floor":7},{"not_picked":["Collect","MasterReality"],"picked":"FearNoEvil","floor":10},{"not_picked":["Worship","Swivel"],"picked":"ClearTheMind","floor":11},{"not_picked":["ClearTheMind","CutThroughFate"],"picked":"FearNoEvil","floor":12},{"not_picked":["ThirdEye","Evaluate","CutThroughFate"],"picked":"SKIP","floor":14},{"not_picked":["Brilliance","MasterReality"],"picked":"Scrawl","floor":16},{"not_picked":["Worship","JustLucky"],"picked":"Protect","floor":18},{"not_picked":["Halt","Adaptation"],"picked":"Protect","floor":19},{"not_picked":["EmptyBody+1","Halt+1"],"picked":"WindmillStrike","floor":22},{"not_picked":["BowlingBash+1","Vengeance+1","WreathOfFlame+1"],"picked":"SKIP","floor":24},{"not_picked":["SignatureMove","Halt","Indignation"],"picked":"SKIP","floor":27},{"not_picked":["Wallop","FlurryOfBlows+1"],"picked":"SandsOfTime","floor":29},{"not_picked":["ThirdEye+1","Protect+1"],"picked":"WindmillStrike","floor":30},{"not_picked":["Judgement","ConjureBlade"],"picked":"LessonLearned","floor":33},{"not_picked":["Consecrate+1","CrushJoints+1","JustLucky"],"picked":"SKIP","floor":35},{"not_picked":["WaveOfTheHand+1","InnerPeace+1","EmptyMind"],"picked":"SKIP","floor":36},{"not_picked":["Worship","Pray","FearNoEvil+1"],"picked":"SKIP","floor":37},{"not_picked":["FlyingSleeves+1","EmptyBody+1","Collect+1"],"picked":"SKIP","floor":38},{"not_picked":["InnerPeace","Consecrate","Evaluate"],"picked":"SKIP","floor":39},{"not_picked":["Consecrate+1","ClearTheMind+1","CutThroughFate"],"picked":"SKIP","floor":40},{"not_picked":["CutThroughFate+1","ThirdEye","Indignation"],"picked":"SKIP","floor":41},{"not_picked":["Halt","ReachHeaven","Protect"],"picked":"SKIP","floor":45},{"not_picked":["FollowUp","ClearTheMind","PathToVictory"],"picked":"SKIP","floor":47},{"not_picked":["Worship","LikeWater"],"picked":"FlurryOfBlows","floor":48},{"not_picked":["Sanctity+1","MasterReality"],"picked":"TalkToTheHand","floor":54}],"player_experience":96034,"relics_obtained":[{"floor":7,"key":"HornCleat"},{"floor":9,"key":"Mango"},{"floor":10,"key":"Eternal Feather"},{"floor":12,"key":"CaptainsWheel"},{"floor":24,"key":"Blood Vial"},{"floor":24,"key":"White Beast Statue"},{"floor":26,"key":"Whetstone"},{"floor":31,"key":"Red Mask"},{"floor":41,"key":"StoneCalendar"},{"floor":41,"key":"Smiling Mask"},{"floor":48,"key":"Potion Belt"},{"floor":48,"key":"Shuriken"},{"floor":54,"key":"Pear"},{"floor":54,"key":"Oddly Smooth Stone"}],"event_choices":[{"damage_healed":0,"gold_gain":0,"player_choice":"Gave Potion","damage_taken":0,"relics_obtained":["Pen Nib"],"max_hp_gain":0,"max_hp_loss":0,"event_name":"WeMeetAgain","floor":8,"gold_loss":0},{"damage_healed":0,"gold_gain":0,"player_choice":"Opened","damage_taken":0,"relics_obtained":["Du-Vu Doll"],"max_hp_gain":0,"max_hp_loss":0,"event_name":"The Mausoleum","floor":21,"gold_loss":0,"cards_obtained":["Writhe"]},{"damage_healed":0,"gold_gain":0,"player_choice":"Fought Bandits","damage_taken":0,"max_hp_gain":0,"max_hp_loss":0,"event_name":"Masked Bandits","floor":31,"gold_loss":0}],"is_beta":false,"boss_relics":[{"not_picked":["Cursed Key","SlaversCollar"],"picked":"Black Star"},{"not_picked":["Philosopher\u0027s Stone","Calling Bell"],"picked":"Sozu"}],"items_purged_floors":[20,42,46,53],"is_endless":false,"potions_floor_spawned":[1,5,6,7,11,14,22,27,29,30,31,33,35,36,37,38,39,40,41,45,47,48,54],"ascension_level":0}}