{"host":"aunmuzt9j70r7vun","time":1608130618,"event":{"mods":["BaseMod","Better Altar","Better Third Choice","BetterRewards","Clockwork Mod","Curses Come First","Downfall","Infinite Spire","LagranYue(???·?)","Mad Scientist","Marisa????????","Minty Spire (QoL Compilation)","Rare Cards Sparkle","Relic Sorter","Say the Spire","Shop Mod","Spicy Shops","StSLib","The Cursed","The Disciple","The Edgeheg","The Mystic","The Servant 0.9.4"],"gold_per_floor":[116,116,131,131,131,131,56,56,81,116,129,129,129,152,152,283,283,307,307,307,357,371,412,412,412,412,412,425,466,479,479,479],"floor_reached":31,"playtime":2122,"items_purged":["Strike_B"],"score":352,"play_id":"0c99176c-6d4b-448f-bb01-b16750767e1c","local_time":"20201216105658","is_ascension_mode":true,"campfire_choices":[{"data":"Apotheosis","floor":6,"key":"SMITH"},{"floor":8,"key":"REST"},{"floor":15,"key":"REST"},{"floor":27,"key":"REST"}],"circlet_count":0,"master_deck":["Zap","Dualcast","Apotheosis+1","Static Discharge","Self Repair","Reboot","Electrodynamics","Chill","Beam Cell","Hyperbeam","Conserve Battery","Multi-Cast","Sunder","Loop+1","Chill","Darkness"],"relics":["Burning Blood","LagranYue:RandomDrawCardRelic","infinitespire:Cubic Diamond","Golden Idol","LagranYue:GuidanceLightRelic","Juzu Bracelet","Bag of Preparation","Pandora\u0027s Box","infinitespire:Satchel","HandDrill","infinitespire:SolderingIron","infinitespire:Beetle Shell"],"acts_visited":["Exordium","TheCity"],"potions_floor_usage":[11,18,23,30,31],"damage_taken":[{"damage":0,"enemies":"2 Louse","floor":1,"turns":3},{"damage":13,"enemies":"Small Slimes","floor":3,"turns":3},{"damage":28,"enemies":"3 Sentries","floor":10,"turns":6},{"damage":0,"enemies":"Jaw Worm","floor":11,"turns":6},{"damage":5,"enemies":"Blue Slaver","floor":14,"turns":6},{"damage":50,"enemies":"Hexaghost","floor":16,"turns":8},{"damage":16,"enemies":"Chosen","floor":18,"turns":6},{"damage":34,"enemies":"Shell Parasite","floor":22,"turns":5},{"damage":39,"enemies":"Book of Stabbing","floor":23,"turns":5},{"damage":23,"enemies":"Centurion and Healer","floor":28,"turns":4},{"damage":65,"enemies":"Gremlin Leader","floor":29,"turns":5},{"damage":20,"enemies":"3 Cultists","floor":30,"turns":4},{"damage":29,"enemies":"Slavers","floor":31,"turns":1}],"seed_played":"-8718171147378916724","potions_obtained":[{"floor":10,"key":"EssenceOfSteel"},{"floor":14,"key":"Regen Potion"},{"floor":22,"key":"AttackPotion"},{"floor":23,"key":"ColorlessPotion"},{"floor":29,"key":"Fruit Juice"}],"is_trial":false,"path_per_floor":["M","?","M","?","?","R","$","R","T","E","M","?","?","M","R","B",null,"M","?","?","?","M","E","?","AVR","T","R","M","E","M","E"],"character_chosen":"DEFECT","items_purchased":[],"campfire_rested":3,"item_purchase_floors":[],"current_hp_per_floor":[50,50,43,25,24,24,24,46,46,24,30,15,40,51,73,39,66,75,75,75,75,57,34,59,59,59,75,68,19,20,0,0],"gold":479,"neow_bonus":"RANDOM_COLORLESS_2","is_daily":false,"chose_seed":false,"campfire_upgraded":1,"win_rate":0.0,"timestamp":1608130618,"path_taken":["M","?","M","?","?","R","?","R","T","E","M","?","?","M","R","BOSS","M","?","?","?","M","E","?","AVR","T","R","M","E","M","E"],"items_purchased_type":[],"build_version":"2020-12-13","purchased_purges":1,"victory":false,"max_hp_per_floor":[75,75,75,75,75,75,75,75,75,75,75,75,75,75,75,75,75,75,75,75,75,75,75,75,75,75,75,75,75,80,80,80],"card_choices":[{"not_picked":["expansioncontent:StudyTheSpire","expansioncontent:DashGenerateEvil"],"picked":"Apotheosis","floor":0},{"not_picked":["Turbo","Streamline","Cold Snap"],"picked":"SKIP","floor":1},{"not_picked":["Streamline","Rebound"],"picked":"Static Discharge","floor":3},{"not_picked":["Scrape","Echo Form","Hello World"],"picked":"SKIP","floor":10},{"not_picked":["Turbo","Ball Lightning"],"picked":"Self Repair","floor":11},{"not_picked":["Steam","Sweeping Beam","Leap"],"picked":"SKIP","floor":14},{"not_picked":["Meteor Strike","Creative AI"],"picked":"Reboot","floor":16},{"not_picked":["Barrage+1","Ball Lightning","Lockon"],"picked":"SKIP","floor":18},{"not_picked":["Streamline+1","Stack"],"picked":"Loop+1","floor":22},{"not_picked":["Darkness","Rip and Tear"],"picked":"Chill","floor":23},{"not_picked":["Leap","Hello World+1"],"picked":"Darkness","floor":28},{"not_picked":["White Noise+1","Cold Snap","Steam+1"],"picked":"SKIP","floor":29},{"not_picked":["Leap","Rebound","Rip and Tear"],"picked":"SKIP","floor":30}],"player_experience":730187,"relics_obtained":[{"floor":9,"key":"Juzu Bracelet"},{"floor":10,"key":"Bag of Preparation"},{"floor":23,"key":"infinitespire:Satchel"},{"floor":26,"key":"infinitespire:SolderingIron"},{"floor":29,"key":"infinitespire:Beetle Shell"}],"event_choices":[{"damage_healed":0,"gold_gain":0,"player_choice":"Take Damage","damage_taken":18,"relics_obtained":["Golden Idol"],"max_hp_gain":0,"max_hp_loss":0,"event_name":"Golden Idol","floor":4,"gold_loss":0},{"damage_healed":30,"gold_gain":0,"player_choice":"Upgrade","damage_taken":15,"max_hp_gain":0,"max_hp_loss":75,"event_name":"betterThird:BetterShining","floor":12,"gold_loss":0,"cards_upgraded":["Defend_B","Defend_B"]},{"damage_healed":25,"gold_gain":0,"player_choice":"Banana","damage_taken":0,"max_hp_gain":0,"max_hp_loss":0,"event_name":"Big Fish","floor":13,"gold_loss":0},{"damage_healed":0,"gold_gain":0,"player_choice":"Ignored","damage_taken":0,"max_hp_gain":0,"max_hp_loss":0,"event_name":"Vampires","floor":19,"gold_loss":0},{"damage_healed":0,"gold_gain":0,"player_choice":"Ignored","damage_taken":0,"max_hp_gain":0,"max_hp_loss":0,"event_name":"Ghosts","floor":20,"gold_loss":0},{"damage_healed":0,"gold_gain":100,"player_choice":"Bet on Murderer","damage_taken":0,"max_hp_gain":0,"max_hp_loss":0,"event_name":"The Joust","floor":21,"gold_loss":50},{"damage_healed":25,"gold_gain":0,"player_choice":"Heal","damage_taken":0,"max_hp_gain":0,"max_hp_loss":0,"event_name":"The Library","floor":24,"gold_loss":0}],"is_beta":false,"boss_relics":[{"not_picked":["Tiny House","Astrolabe"],"picked":"Pandora\u0027s Box"}],"items_purged_floors":[7],"is_endless":false,"potions_floor_spawned":[10,14,22,23,29],"killed_by":"Slavers","ascension_level":6}}