{"host":"y087t2reloz9bi43","time":1608127823,"event":{"mods":["2.2 Compatiblity","AchievementEnabler","Aspiration","BaseMod","Beaked The Cultist","Better Vampires","BetterRewards","Colored Map","Colored Powertips","Conspire","Downfall","Ekko","Fireblade Mod","Friendly Minions","GifTheSpireLib","Halation","Hermit","Hubris","Infinite Spire","Jedi Mod","Mad Scientist","Marisa????????","Mimic Mod","Minty Spire (QoL Compilation)","Permanent Neow","Rare Cards Sparkle","Relic Stats","Replay The Spire","Robot Space Explorer","Shade Mod","Shop Mod","StSLib","The Blackbeard","The Bug Knight","The Construct","The Cursed","The Hierophant","The Jungle","The Necromancer","The Runesmith","The Servant 0.9.4","TheHero","TheVacant","Uncapped","everything is the same but u backflip on backflip","vexMod"],"gold_per_floor":[99,133,147,166,166,192,231,246,265,265,265,283,300,312,331,426,426,426,454,54,54,69,69,69,81,92,92,104,104,104,11,30,125,125,50,65,65,65,65],"floor_reached":38,"playtime":5162,"items_purged":["hexamod:Sear","hexamod:Defend"],"score":508,"play_id":"a308e67a-6bd7-4534-8e41-1fc49dc8d0a4","local_time":"20201216141023","is_ascension_mode":false,"campfire_choices":[{"data":"hexamod:Float","floor":1.0,"key":"SMITH"},{"data":"hexamod:FastForward","floor":10.0,"key":"SMITH"},{"floor":18.0,"key":"RECALL"},{"data":"hexamod:HexaLevel","floor":21.0,"key":"SMITH"},{"data":"hexamod:CatchUp","floor":35,"key":"SMITH"},{"data":"hexamod:SkipABeat","floor":37,"key":"SMITH"}],"circlet_count":0,"master_deck":["hexamod:Strike","hexamod:Strike","hexamod:Strike","hexamod:Strike","hexamod:Defend","hexamod:Defend","hexamod:Defend","hexamod:Float+1","hexamod:AdvancingGuard","hexamod:AdvancingGuard","hexamod:FastForward+1","hexamod:ThirdSeal","hexamod:StepThrough","hexamod:TurnItUp","hexamod:Hexaguard","hexamod:HauntingEcho","hexamod:EmpoweredFlame","hexamod:FastForward","hexamod:FastForward","hexamod:CatchUp","hexamod:FastForward","hexamod:RadiantFlame","hexamod:Rewind","hexamod:HauntingEcho","hexamod:TimeWarp","hexamod:HexaLevel+1","hexamod:RainOfEmbers+1","hexamod:EtherealExpedition+1","hexamod:HauntingEcho","hexamod:SkipABeat+1","hexamod:StepThrough","hexamod:FastForward","hexamod:CrushingStance","hexamod:SpectersWail","hexamod:ShieldOfDarkness+1","hexamod:CatchUp+1","hexamod:EmpoweredFlame","hexamod:TimeWarp","hexamod:InspiringFlames"],"relics":["hexamod:SpiritBrand","hubris:BottledRain","vexMod:BarristanHead","Toy Ornithopter","hubris:Icosahedron","aspiration:RandomNobGenerator","Replay:Bottled Snecko","hubris:FunFungus","halation:LostSnail","vexMod:CursedCompass","downfall:HeartBlessingBlue"],"acts_visited":["Exordium","TheCity","TheBeyond"],"potions_floor_usage":[38,38,38],"damage_taken":[{"damage":47.0,"enemies":"Gremlin Nob","floor":2.0,"turns":6.0},{"damage":0.0,"enemies":"conspire:RoseBush","floor":3.0,"turns":2.0},{"damage":0.0,"enemies":"2 Louse","floor":4.0,"turns":4.0},{"damage":9.0,"enemies":"Lagavulin","floor":6.0,"turns":8.0},{"damage":0.0,"enemies":"Cultist","floor":7.0,"turns":5.0},{"damage":0.0,"enemies":"Cultist","floor":8.0,"turns":4.0},{"damage":16.0,"enemies":"Gremlin Gang","floor":9.0,"turns":5.0},{"damage":6.0,"enemies":"Blue Slaver","floor":12.0,"turns":3.0},{"damage":0.0,"enemies":"2 Fungi Beasts","floor":13.0,"turns":3.0},{"damage":0.0,"enemies":"Large Slime","floor":14.0,"turns":3.0},{"damage":0.0,"enemies":"Blue Slaver","floor":15.0,"turns":4.0},{"damage":29.0,"enemies":"downfall:Defect","floor":16.0,"turns":6.0},{"damage":25.0,"enemies":"HollowMod:Nosk","floor":19.0,"turns":5.0},{"damage":4.0,"enemies":"downfall:FleeingMerchant","floor":20.0,"turns":4.0},{"damage":6.0,"enemies":"Shell Parasite","floor":22.0,"turns":4.0},{"damage":32.0,"enemies":"conspire:FuzzyDice","floor":25.0,"turns":6.0},{"damage":0.0,"enemies":"Snecko","floor":26.0,"turns":3.0},{"damage":27.0,"enemies":"Snake Plant","floor":28.0,"turns":4.0},{"damage":0.0,"enemies":"downfall:FleeingMerchant","floor":31.0,"turns":4.0},{"damage":0.0,"enemies":"conspire:HollyBat","floor":32.0,"turns":8.0},{"damage":0.0,"enemies":"downfall:Watcher","floor":33.0,"turns":4.0},{"damage":11,"enemies":"Orb Walker","floor":36,"turns":3},{"damage":34,"enemies":"infinitespire:Three Voidlings","floor":38,"turns":5},{"damage":86,"enemies":"Nightmare_Alpha","floor":38,"turns":6}],"seed_played":"-8165511052225385482","potions_obtained":[{"floor":2.0,"key":"jedi:StrikingPotion"},{"floor":8.0,"key":"Weak Potion"},{"floor":9.0,"key":"Fire Potion"},{"floor":12.0,"key":"AttackPotion"},{"floor":13.0,"key":"Weak Potion"},{"floor":22.0,"key":"Fire Potion"},{"floor":25.0,"key":"jedi:tentaclejuice"},{"floor":28.0,"key":"Swift Potion"},{"floor":32.0,"key":"Adrenaline Potion"},{"floor":36,"key":"FearPotion"}],"is_trial":false,"path_per_floor":["R","E","M","M","?","E","MIM","M","M","R","?","M","M","M","M","B",null,"R","E","$","R","M","AVR","T","M","M","?","M","?","?","$","M","B",null,"R","M","R","?"],"character_chosen":"THE_SPIRIT","items_purchased":["hubris:FunFungus","EssenceOfSteel"],"campfire_rested":0,"item_purchase_floors":[20,31],"current_hp_per_floor":[70,23,23,23,44,35,35,35,24,24,24,18,18,23,23,4,70,70,45,41,41,38,38,38,19,29,29,3,3,3,6,28,34,70,80,72,72,0,0],"gold":65,"neow_bonus":"THREE_CARDS","is_daily":false,"chose_seed":false,"campfire_upgraded":5,"win_rate":0.0,"timestamp":1608127823,"path_taken":["R","E","M","?","?","E","MIM","?","?","R","?","M","M","M","M","BOSS","R","E","$","R","M","AVR","T","M","M","?","M","?","?","$","M","BOSS","R","M","R","?"],"items_purchased_type":["Relic","Potion"],"build_version":"2020-12-13","purchased_purges":2,"victory":false,"max_hp_per_floor":[70,70,70,70,70,70,70,70,70,70,70,70,70,70,70,70,70,70,70,70,70,70,70,70,70,70,70,70,70,70,70,70,70,70,80,80,80,80,80],"relic_stats":{"counters":[24,109],"obtain_stats":[{"vexMod:BarristanHead":6,"hubris:Icosahedron":11,"downfall:HeartBlessingBlue":35,"hubris:FunFungus":20,"aspiration:RandomNobGenerator":17,"vexMod:CursedCompass":34,"Replay:Bottled Snecko":19,"halation:LostSnail":23,"hexamod:SpiritBrand":0,"Toy Ornithopter":7,"hubris:BottledRain":2},{"vexMod:BarristanHead":4,"hubris:Icosahedron":7,"downfall:HeartBlessingBlue":21,"hubris:FunFungus":14,"aspiration:RandomNobGenerator":12,"vexMod:CursedCompass":21,"Replay:Bottled Snecko":13,"halation:LostSnail":15,"hexamod:SpiritBrand":0,"Toy Ornithopter":5,"hubris:BottledRain":1},{"vexMod:BarristanHead":20,"hubris:Icosahedron":34,"downfall:HeartBlessingBlue":95,"hubris:FunFungus":62,"aspiration:RandomNobGenerator":53,"vexMod:CursedCompass":95,"Replay:Bottled Snecko":58,"halation:LostSnail":66,"hexamod:SpiritBrand":0,"Toy Ornithopter":25,"hubris:BottledRain":6}],"Toy Ornithopter":48},"card_choices":[{"not_picked":["hexamod:InspiringFlames","hexamod:ThermalTransfer"],"picked":"hexamod:AdvancingGuard","floor":0.0},{"not_picked":["hexamod:SpectersWail","hexamod:ThermalTransfer"],"picked":"hexamod:AdvancingGuard","floor":2.0},{"not_picked":["hexamod:BurningTouch","hexamod:GhostShield"],"picked":"hexamod:FastForward","floor":3.0},{"not_picked":["hexamod:ThermalTransfer","hexamod:InspiringFlames"],"picked":"hexamod:ThirdSeal","floor":4.0},{"not_picked":["hexamod:ThermalTransfer","hexamod:SwordOfDarkness"],"picked":"hexamod:StepThrough","floor":6.0},{"not_picked":["hexamod:ThermalTransfer","hexamod:AdvancingGuard"],"picked":"hexamod:TurnItUp","floor":6.0},{"not_picked":["hexamod:BurningTouch","hexamod:Firestarter"],"picked":"hexamod:Hexaguard","floor":7.0},{"not_picked":["hexamod:GhostShield","hexamod:BurningTouch"],"picked":"hexamod:HauntingEcho","floor":8.0},{"not_picked":["hexamod:ThermalTransfer","hexamod:Firestarter","hexamod:NightmareStrike"],"picked":"SKIP","floor":8.0},{"not_picked":["hexamod:HauntingEcho","hexamod:BacktrackSmack"],"picked":"hexamod:EmpoweredFlame","floor":9.0},{"not_picked":["hexamod:PhantomCloak","hexamod:SearingWound","hexamod:NightmareGuise"],"picked":"SKIP","floor":9.0},{"not_picked":["hexamod:HauntingEcho","hexamod:SpectralAdrenaline"],"picked":"hexamod:FastForward","floor":12.0},{"not_picked":["hexamod:SpectralAdrenaline","hexamod:ShieldOfDarkness"],"picked":"hexamod:FastForward","floor":12.0},{"not_picked":["hexamod:Firestarter","hexamod:ExtraCrispy"],"picked":"hexamod:CatchUp","floor":13.0},{"not_picked":["hexamod:GhostOfSpireFuture","hexamod:GhostShield"],"picked":"hexamod:FastForward","floor":13.0},{"not_picked":["hexamod:BacktrackSmack","hexamod:ThirdSeal"],"picked":"hexamod:RadiantFlame","floor":14.0},{"not_picked":["hexamod:FirstSeal","hexamod:ShieldOfDarkness"],"picked":"hexamod:Rewind","floor":15.0},{"not_picked":["hexamod:SpectersWail","hexamod:InspiringFlames"],"picked":"hexamod:HauntingEcho","floor":15.0},{"not_picked":["hexamod:FifthSeal","hexamod:TurnItUp"],"picked":"hexamod:TimeWarp","floor":16.0},{"not_picked":["hexamod:FifthSeal","hexamod:TimeOfNeed"],"picked":"hexamod:HexaLevel","floor":16.0},{"not_picked":["hexamod:ThermalTransfer","hexamod:GhostflameBarrier"],"picked":"hexamod:RainOfEmbers+1","floor":19.0},{"not_picked":["hexamod:NightmareStrike","hexamod:RecurringNightmare"],"picked":"hexamod:EtherealExpedition+1","floor":19.0},{"not_picked":["hexamod:RecurringNightmare","hexamod:FirstSeal"],"picked":"hexamod:HauntingEcho","floor":20.0},{"not_picked":["hexamod:GhostOfSpirePresent","hexamod:RainOfEmbers"],"picked":"hexamod:SkipABeat","floor":20.0},{"not_picked":["hexamod:HauntingEcho+1","hexamod:BacktrackSmack"],"picked":"hexamod:StepThrough","floor":22.0},{"not_picked":["hexamod:FourthSeal","hexamod:RetreatToShadows"],"picked":"hexamod:FastForward","floor":22.0},{"not_picked":["hexamod:InspiringFlames+1","hexamod:Hexaguard"],"picked":"hexamod:CrushingStance","floor":25.0},{"not_picked":["hexamod:GhostLash","hexamod:HauntingEcho"],"picked":"hexamod:SpectersWail","floor":25.0},{"not_picked":["hexamod:NecessarySacrifice","hexamod:RecurringNightmare"],"picked":"hexamod:ShieldOfDarkness+1","floor":26.0},{"not_picked":["hexamod:PhantomFireball","hexamod:SoulSteal+1","hexamod:BacktrackSmack+1"],"picked":"SKIP","floor":28.0},{"not_picked":["hexamod:SpectralAdrenaline","hexamod:GhostLash+1","hexamod:InspiringFlames"],"picked":"SKIP","floor":28.0},{"not_picked":["hexamod:ShieldOfDarkness","hexamod:GhostOfSpirePresent","hexamod:NightmareGuise"],"picked":"SKIP","floor":31.0},{"not_picked":["hexamod:PhantomFireball","hexamod:FirstSeal"],"picked":"hexamod:CatchUp","floor":32.0},{"not_picked":["hexamod:Haunt","hexamod:TurnItUp"],"picked":"hexamod:EmpoweredFlame","floor":32.0},{"not_picked":["hexamod:EmpoweringStance","hexamod:FifthSeal"],"picked":"hexamod:TimeWarp","floor":33.0},{"not_picked":["hexamod:Hexaguard","hexamod:RainOfEmbers+1"],"picked":"hexamod:InspiringFlames","floor":36}],"player_experience":329107,"relics_obtained":[{"floor":2.0,"key":"hubris:BottledRain"},{"floor":6.0,"key":"vexMod:BarristanHead"},{"floor":7.0,"key":"Toy Ornithopter"},{"floor":19.0,"key":"Replay:Bottled Snecko"}],"event_choices":[],"is_beta":false,"boss_relics":[{"not_picked":["construct:ClawGrip","hubris:GrandSneckoEye"],"picked":"aspiration:RandomNobGenerator"},{"not_picked":["aspiration:MobileForge","Fusion Hammer"],"picked":"vexMod:CursedCompass"}],"items_purged_floors":[20,23],"is_endless":false,"potions_floor_spawned":[2,8,9,12,13,22,25,28,32,36],"killed_by":"Nightmare_Alpha","ascension_level":0}}