{"host":"yuhibl5o0ay6idau","time":1608129309,"event":{"mods":["Aspiration","BaseMod","Better Altar","Better Match","Better Note","Better Sensory Stone","Better Skull","Better Third Choice","Colored Map","Colored Powertips","Conspire","Highlight Path","Minty Spire (QoL Compilation)","Quick Restart","Replay The Spire","SOS???????","StSLib","SuperFastMode","Youmu??????","Yuri Mod","Yuyuko"],"gold_per_floor":[118,118,131,143,160,190,190,217,294,319,319,333,352,352,352,456,456,473,398,417,435,40,75,88,88,88,107,121,121,121,151,151,248,248,265,314,314,2,21,51,51,77,77,77,103,103,115,133,133,133],"floor_reached":51,"playtime":7475,"items_purged":["conspire:GhostlyStrike","conspire:GhostlyDefend"],"score":1316,"play_id":"2dd1484e-bc62-425c-8521-d3698d7a84c4","local_time":"20201216063509","is_ascension_mode":true,"campfire_choices":[{"data":"Tactician","floor":7,"key":"SMITH"},{"data":"Neutralize","floor":11,"key":"SMITH"},{"data":"conspire:GhostlyStrike","floor":25,"key":"PURGE"},{"data":"conspire:GhostlyDefend","floor":32,"key":"PURGE"},{"data":"conspire:GhostlyStrike","floor":41,"key":"PURGE"},{"floor":49,"key":"DIG"}],"circlet_count":0,"master_deck":["conspire:GhostlyStrike","conspire:GhostlyDefend","conspire:GhostlyDefend","conspire:GhostlyDefend+1","Survivor","Neutralize+1","Leg Sweep","Tactician+1","Dagger Throw","Escape Plan","Acrobatics","Tools of the Trade","CurseOfTheBell","Venomology","Terror+1","Backflip+1","Underhanded Strike+1","Tactician+1","ReplayTheSpireMod:Speed Training","ReplayTheSpireMod:The Works","Acrobatics+1","Airhike+1","Sweet of Phantom+1","Replay:Parry","Thinking Ahead"],"relics":["Ring of the Snake","Pen Nib","MealTicket","Divine Protection","conspire:Flyswatter","Paper Crane","Calling Bell","ReplayFunnel","Meat on the Bone","conspire:GiftBox","Peace Pipe","PreservedInsect","Bronze Scales","aspiration:RitualStick","PrismaticShard","aspiration:Lifesprig","SlaversCollar","Dead Branch","aspiration:HatOfInfinitePower","aspiration:FetidBarrel","Boot","Counterbalance","White Beast Statue","aspiration:ChemicalBlood"],"acts_visited":["Exordium","TheCity","TheBeyond"],"potions_floor_usage":[10,18,20,21,23,24,27,28,28,31,33,35,36,36,40,50,50],"damage_taken":[{"damage":0,"enemies":"2 Louse","floor":1,"turns":3},{"damage":0,"enemies":"Cultist","floor":3,"turns":3},{"damage":1,"enemies":"Jaw Worm","floor":4,"turns":6},{"damage":0,"enemies":"conspire:2 RoseBushes","floor":5,"turns":8},{"damage":9,"enemies":"Replay:BlueRogue","floor":6,"turns":10},{"damage":22,"enemies":"Gremlin Nob","floor":8,"turns":4},{"damage":13,"enemies":"Lagavulin","floor":10,"turns":7},{"damage":0,"enemies":"Blue Slaver","floor":12,"turns":4},{"damage":0,"enemies":"Looter","floor":13,"turns":3},{"damage":0,"enemies":"The Guardian","floor":16,"turns":8},{"damage":7,"enemies":"Spheric Guardian","floor":18,"turns":8},{"damage":1,"enemies":"3 Byrds","floor":20,"turns":3},{"damage":0,"enemies":"Cultist and Chosen","floor":21,"turns":12},{"damage":0,"enemies":"conspire:SneckoGhost","floor":23,"turns":7},{"damage":0,"enemies":"Snake Plant","floor":24,"turns":4},{"damage":0,"enemies":"Centurion and Healer","floor":27,"turns":6},{"damage":2,"enemies":"Sentry and Sphere","floor":28,"turns":6},{"damage":0,"enemies":"Book of Stabbing","floor":31,"turns":5},{"damage":0,"enemies":"Automaton","floor":33,"turns":12},{"damage":0,"enemies":"3 Darklings","floor":35,"turns":6},{"damage":21,"enemies":"2 Orb Walkers","floor":36,"turns":4},{"damage":0,"enemies":"Orb Walker","floor":39,"turns":3},{"damage":0,"enemies":"R_Hoarder","floor":40,"turns":4},{"damage":0,"enemies":"Giant Head","floor":42,"turns":3},{"damage":0,"enemies":"Reptomancer","floor":45,"turns":2},{"damage":0,"enemies":"Sphere and 2 Shapes","floor":47,"turns":4},{"damage":0,"enemies":"4 Shapes","floor":48,"turns":3},{"damage":0,"enemies":"Awakened One","floor":50,"turns":4}],"seed_played":"-2092147020819764043","potions_obtained":[{"floor":1,"key":"LifebloodPotion"},{"floor":4,"key":"Dexterity Potion"},{"floor":8,"key":"AttackPotion"},{"floor":10,"key":"Energy Potion"},{"floor":21,"key":"ColorlessPotion"},{"floor":27,"key":"FearPotion"},{"floor":31,"key":"Dexterity Potion"},{"floor":40,"key":"Dexterity Potion"}],"is_trial":false,"path_per_floor":["M","?","M","M","M","E","R","E","T","E","R","M","M","?","R_BF","B",null,"M","$","M","M","$","E","M","R","T","M","M","?","?","E","R","B",null,"M","?","?","$","M","E","R","E","T","?","E","?","M","M","R_BF","B",null],"character_chosen":"THE_SILENT","items_purchased":["Peace Pipe","aspiration:HatOfInfinitePower"],"campfire_rested":0,"item_purchase_floors":[22,38],"current_hp_per_floor":[77,77,77,76,76,67,67,45,45,32,32,32,32,32,55,55,77,70,77,76,76,77,77,77,77,77,77,75,60,52,52,52,52,77,77,56,56,71,71,71,71,71,71,71,71,71,71,71,71,71],"gold":133,"neow_bonus":"TEN_PERCENT_HP_BONUS","is_daily":false,"chose_seed":false,"campfire_upgraded":2,"win_rate":0.0,"timestamp":1608129309,"path_taken":["M","?","M","M","M","E","R","E","T","E","R","M","M","?","R_BF","BOSS","M","$","?","M","$","E","?","R","T","M","M","?","?","E","R","BOSS","M","?","?","$","M","E","R","E","T","?","E","?","?","M","R_BF","BOSS"],"items_purchased_type":["Relic","Relic"],"build_version":"2020-12-13","purchased_purges":2,"victory":true,"max_hp_per_floor":[77,77,77,77,77,77,77,77,77,77,77,77,77,77,77,77,77,77,77,77,77,77,77,77,77,77,77,77,77,77,77,77,77,77,77,77,77,77,77,77,77,77,77,77,77,77,77,77,77,77],"card_choices":[{"not_picked":["Toxin Wave","Finisher"],"picked":"Leg Sweep","floor":1},{"not_picked":["Outmaneuver","Acrobatics"],"picked":"Tactician","floor":3},{"not_picked":["Quick Slash","Deflect"],"picked":"Dagger Throw","floor":4},{"not_picked":["Bane","Poisoned Stab","Finisher"],"picked":"SKIP","floor":5},{"not_picked":["Bullet Time","Poisoned Stab","Hidden Blade"],"picked":"SKIP","floor":6},{"not_picked":["Envenom","Replay:Bag of Tricks"],"picked":"Escape Plan","floor":8},{"not_picked":["Blade Dance","Slice"],"picked":"Acrobatics","floor":10},{"not_picked":["Flying Knee","Dagger Spray","Outmaneuver"],"picked":"SKIP","floor":12},{"not_picked":["Deadly Poison","Dodge and Roll","Caltrops"],"picked":"SKIP","floor":13},{"not_picked":["Atom Bomb","Bullet Time"],"picked":"Tools of the Trade","floor":16},{"not_picked":["Envenom","Phantasmal Killer"],"picked":"Venomology","floor":17},{"not_picked":["Backflip","Slice"],"picked":"Terror+1","floor":18},{"not_picked":["Crippling Poison","Hidden Blade+1"],"picked":"Backflip+1","floor":20},{"not_picked":["Toxin Wave","Dagger Spray+1","Draining Mist"],"picked":"SKIP","floor":21},{"not_picked":["Dagger Throw","Replay:Poison Smokescreen"],"picked":"Underhanded Strike+1","floor":23},{"not_picked":["Cloak And Dagger","Unload"],"picked":"Tactician+1","floor":24},{"not_picked":["Sneak Up","Backflip+1","Cloak And Dagger"],"picked":"SKIP","floor":27},{"not_picked":["Catalyst","Outmaneuver"],"picked":"ReplayTheSpireMod:Speed Training","floor":28},{"not_picked":["Distraction","Toxin Wave"],"picked":"ReplayTheSpireMod:The Works","floor":30},{"not_picked":["PathToVictory","Trap Lamp","Turbo"],"picked":"SKIP","floor":31},{"not_picked":["Steam","Deadly Poison"],"picked":"Acrobatics+1","floor":35},{"not_picked":["Open The Fan+1","yuri:CalmingAura+1"],"picked":"Airhike+1","floor":36},{"not_picked":["yuri:DejaVu+1","Fusion"],"picked":"Sweet of Phantom+1","floor":39},{"not_picked":["Cold Snap","yuri:HeavierStrike+1","Pray"],"picked":"SKIP","floor":40},{"not_picked":["Shrug It Off+1","yuri:ThrowingKnives+1","ReplayTheSpireMod:LeadingStrike+1"],"picked":"SKIP","floor":42},{"not_picked":["Nirvana","Greenorb"],"picked":"Replay:Parry","floor":45},{"not_picked":["yuri:BookPurple","yuri:MPose+1"],"picked":"Thinking Ahead","floor":47},{"not_picked":["Steam","yuri:InsanityDefense+1","Swordmaster+1"],"picked":"SKIP","floor":48}],"player_experience":374721,"relics_obtained":[{"floor":6,"key":"Pen Nib"},{"floor":8,"key":"MealTicket"},{"floor":9,"key":"Divine Protection"},{"floor":10,"key":"conspire:Flyswatter"},{"floor":14,"key":"Paper Crane"},{"floor":17,"key":"ReplayFunnel"},{"floor":17,"key":"Meat on the Bone"},{"floor":17,"key":"conspire:GiftBox"},{"floor":23,"key":"PreservedInsect"},{"floor":26,"key":"Bronze Scales"},{"floor":30,"key":"PrismaticShard"},{"floor":31,"key":"aspiration:Lifesprig"},{"floor":36,"key":"Dead Branch"},{"floor":40,"key":"aspiration:FetidBarrel"},{"floor":42,"key":"Boot"},{"floor":43,"key":"Counterbalance"},{"floor":45,"key":"White Beast Statue"},{"floor":49,"key":"aspiration:ChemicalBlood"}],"event_choices":[{"damage_healed":0,"gold_gain":0,"player_choice":"Agree","damage_taken":0,"max_hp_gain":0,"max_hp_loss":0,"event_name":"conspire:LoneGhost","floor":2,"gold_loss":0},{"damage_healed":0,"gold_gain":0,"player_choice":"Relic","damage_taken":0,"max_hp_gain":0,"max_hp_loss":0,"event_name":"Wheel of Change","floor":14,"gold_loss":0},{"damage_healed":0,"gold_gain":0,"player_choice":"Fight","damage_taken":0,"max_hp_gain":0,"max_hp_loss":0,"event_name":"Mysterious Sphere","floor":36,"gold_loss":0},{"cards_removed":["conspire:GhostlyStrike"],"damage_healed":0,"gold_gain":0,"player_choice":"Removed Attack","damage_taken":0,"max_hp_gain":0,"max_hp_loss":0,"event_name":"Falling","floor":37,"gold_loss":0},{"damage_healed":0,"gold_gain":0,"player_choice":"Leave","damage_taken":0,"max_hp_gain":0,"max_hp_loss":0,"event_name":"conspire:Investor","floor":46,"gold_loss":0}],"is_beta":false,"boss_relics":[{"not_picked":["Honey Jar","aspiration:DefectSkillbook"],"picked":"Calling Bell"},{"not_picked":["Runic Pyramid","Replay:Drink Me"],"picked":"SlaversCollar"}],"items_purged_floors":[19,22],"is_endless":false,"potions_floor_spawned":[1,4,8,10,21,27,31,35,40,45,47,48],"ascension_level":4}}