{"host":"m5n96f98ibl1zi71","time":1608107712,"event":{"mods":["Aspiration","BaseMod","Conspire","Curses Come First","Downfall","Hubris","Minty Spire (QoL Compilation)","Quick Restart","Shop Mod","StSLib","Uncapped"],"gold_per_floor":[110,121,46,46,61,61,61,61],"floor_reached":7,"playtime":762,"items_purged":["Defend_P"],"score":116,"play_id":"0acb1fac-0a6a-4546-955b-25d839cdf2c1","local_time":"20201216183512","daily_mods":["Specialized","Red Cards","Green Cards","Blue Cards","Purple Cards","Colorless Cards","DeadlyEvents"],"is_ascension_mode":false,"campfire_choices":[{"floor":6,"key":"REST"}],"circlet_count":0,"master_deck":["Strike_P","Strike_P","Strike_P","Defend_P","Defend_P","Defend_P","Eruption","Vigilance","Distraction","Distraction","Distraction","Distraction","Distraction","sneckomod:SoulDraw","EmptyBody","Defragment","Feed"],"relics":["PureWater"],"acts_visited":["Exordium"],"potions_floor_usage":[7],"damage_taken":[{"damage":24,"enemies":"Cultist","floor":1,"turns":4},{"damage":6,"enemies":"Jaw Worm","floor":2,"turns":6},{"damage":6,"enemies":"2 Louse","floor":5,"turns":4},{"damage":75,"enemies":"3 Sentries","floor":7,"turns":16}],"seed_played":"6200981868998693334","potions_obtained":[{"floor":1,"key":"SpeedPotion"},{"floor":5,"key":"DistilledChaos"}],"is_trial":true,"path_per_floor":["M","M","$","?","M","R","E"],"character_chosen":"WATCHER","items_purchased":[],"campfire_rested":1,"item_purchase_floors":[],"current_hp_per_floor":[52,50,50,50,48,69,0,0],"gold":61,"neow_bonus":"","is_daily":false,"chose_seed":false,"campfire_upgraded":0,"win_rate":0.0,"timestamp":1608107712,"path_taken":["M","M","$","?","?","R","E"],"items_purchased_type":[],"build_version":"2020-12-13","purchased_purges":1,"victory":false,"max_hp_per_floor":[72,72,72,72,72,72,75,75],"card_choices":[{"not_picked":["Heavy Blade","expansioncontent:GuardianWhirl"],"picked":"sneckomod:SoulDraw","floor":1},{"not_picked":["hexamod:HauntingEcho","Double Energy"],"picked":"EmptyBody","floor":2},{"not_picked":["Dagger Throw","Infernal Blade"],"picked":"Feed","floor":5}],"player_experience":392178,"relics_obtained":[],"event_choices":[{"damage_healed":0,"gold_gain":0,"cards_transformed":["Strike_P"],"player_choice":"Transformed","damage_taken":0,"max_hp_gain":0,"max_hp_loss":0,"event_name":"Transmorgrifier","floor":4,"gold_loss":0,"cards_obtained":["Defragment"]}],"is_beta":false,"boss_relics":[],"items_purged_floors":[3],"is_endless":true,"potions_floor_spawned":[1,5],"killed_by":"3 Sentries","ascension_level":0}}