{"host":"o2evyl5sbrgotc3u","time":1608092923,"event":{"mods":["AchievementEnabler","BaseMod","Colored Map","DeckTracker","Faster Ascension Climbing","Keyboard Shortcuts","Minty Spire (QoL Compilation)","Permanent Neow","Quick Restart","Relic Stats","StSLib","SuperFastMode","everything is the same but u backflip on backflip"],"gold_per_floor":[114,125,125,125,11,11,24,59,110,110,127,142,159,159,159,260,260,275,24,41,57,68,94,94,107,107,107,122,122,37,37,37,138,138,153,171,46,58,76,76,76,76],"floor_reached":41,"playtime":1327,"items_purged":["Strike_B","Defend_B","Defend_B"],"score":500,"play_id":"c3ea738e-7705-4775-8d69-19393baa058a","local_time":"20201216132843","is_ascension_mode":true,"campfire_choices":[{"data":"Doom and Gloom","floor":6.0,"key":"SMITH"},{"data":"Redo","floor":10,"key":"SMITH"},{"data":"Coolheaded","floor":15,"key":"SMITH"},{"data":"Darkness","floor":24,"key":"SMITH"},{"floor":27,"key":"REST"},{"floor":32,"key":"REST"},{"floor":40,"key":"REST"}],"circlet_count":0,"master_deck":["Defend_B","Zap+1","Dualcast","Streamline","Compile Driver","Sweeping Beam","Doom and Gloom+1","Redo+1","Coolheaded+1","Go for the Eyes+1","Conserve Battery","Darkness+1","Recycle+1","Steam+1","Hologram+1","Tempest+1","Beam Cell+1","Reboot+1","Conserve Battery+1","Undo+1","Coolheaded+1"],"relics":["Cracked Core","Bronze Scales","Oddly Smooth Stone","Runic Dome","OrangePellets","Toxic Egg 2","Molten Egg 2","HornCleat","Velvet Choker"],"acts_visited":["Exordium","TheCity","TheBeyond"],"potions_floor_usage":[8,23],"damage_taken":[{"damage":7.0,"enemies":"Small Slimes","floor":1.0,"turns":3.0},{"damage":0.0,"enemies":"2 Louse","floor":2.0,"turns":2.0},{"damage":0.0,"enemies":"Cultist","floor":7.0,"turns":3.0},{"damage":6,"enemies":"Gremlin Nob","floor":8,"turns":3},{"damage":2,"enemies":"Large Slime","floor":11,"turns":4},{"damage":10,"enemies":"2 Fungi Beasts","floor":12,"turns":2},{"damage":0,"enemies":"Looter","floor":13,"turns":2},{"damage":11,"enemies":"The Guardian","floor":16,"turns":8},{"damage":10,"enemies":"Chosen","floor":18,"turns":3},{"damage":12,"enemies":"2 Thieves","floor":20,"turns":3},{"damage":10,"enemies":"Snake Plant","floor":21,"turns":3},{"damage":4,"enemies":"Cultist and Chosen","floor":22,"turns":4},{"damage":4,"enemies":"Gremlin Leader","floor":23,"turns":6},{"damage":20,"enemies":"Shelled Parasite and Fungi","floor":25,"turns":4},{"damage":10,"enemies":"3 Cultists","floor":28,"turns":4},{"damage":35,"enemies":"Collector","floor":33,"turns":6},{"damage":1,"enemies":"Orb Walker","floor":35,"turns":2},{"damage":6,"enemies":"3 Darklings","floor":36,"turns":3},{"damage":24,"enemies":"Sphere and 2 Shapes","floor":38,"turns":4},{"damage":24,"enemies":"Transient","floor":39,"turns":5},{"damage":46,"enemies":"Giant Head","floor":41,"turns":7}],"seed_played":"-2005348986963843769","potions_obtained":[{"floor":1.0,"key":"Block Potion"},{"floor":8,"key":"Strength Potion"},{"floor":12,"key":"FocusPotion"},{"floor":21,"key":"Explosive Potion"},{"floor":25,"key":"BlessingOfTheForge"},{"floor":28,"key":"LiquidBronze"},{"floor":38,"key":"Dexterity Potion"}],"is_trial":false,"path_per_floor":["M","M","?","?","$","R","M","E","T","R","M","M","M","?","R","B",null,"M","$","M","M","M","E","R","M","T","R","M","?","?","$","R","B",null,"M","M","$","M","M","R","E"],"character_chosen":"DEFECT","items_purchased":["Doom and Gloom","OrangePellets"],"campfire_rested":3,"item_purchase_floors":[5,19],"current_hp_per_floor":[68,68,61,61,61,61,61,55,55,55,53,43,43,43,43,32,75,65,65,53,43,39,35,35,15,15,37,27,27,27,27,49,14,75,74,68,68,44,20,42,0,0],"gold":76,"neow_bonus":"UPGRADE_CARD","is_daily":false,"chose_seed":false,"campfire_upgraded":4,"win_rate":0.0,"timestamp":1608092923,"path_taken":["M","M","?","?","$","R","M","E","T","R","M","M","M","?","R","BOSS","M","$","M","M","?","E","R","M","T","R","M","?","?","$","R","BOSS","M","M","$","M","M","R","E"],"items_purchased_type":["Card","Relic"],"build_version":"2020-12-13","purchased_purges":3,"victory":false,"max_hp_per_floor":[75,75,75,75,75,75,75,75,75,75,75,75,75,75,75,75,75,75,75,75,75,75,75,75,75,75,75,75,75,75,75,75,75,75,75,75,75,75,75,75,75,75],"relic_stats":{"OrangePellets":[0],"counters":[21,81],"Bronze Scales":[162],"obtain_stats":[{"Runic Dome":17,"OrangePellets":19,"HornCleat":30,"Bronze Scales":8,"Oddly Smooth Stone":9,"Velvet Choker":34,"Molten Egg 2":26,"Toxic Egg 2":23,"Cracked Core":0},{"Runic Dome":8,"OrangePellets":9,"HornCleat":15,"Bronze Scales":4,"Oddly Smooth Stone":4,"Velvet Choker":16,"Molten Egg 2":14,"Toxic Egg 2":13,"Cracked Core":0},{"Runic Dome":27,"OrangePellets":30,"HornCleat":54,"Bronze Scales":11,"Oddly Smooth Stone":11,"Velvet Choker":60,"Molten Egg 2":50,"Toxic Egg 2":46,"Cracked Core":0}]},"card_choices":[{"not_picked":["Coolheaded","Gash"],"picked":"Streamline","floor":1.0},{"not_picked":["Gash","Stack"],"picked":"Compile Driver","floor":2.0},{"not_picked":["Storm","Leap"],"picked":"Redo","floor":7.0},{"not_picked":["Leap","Barrage"],"picked":"Coolheaded","floor":8},{"not_picked":["Redo","Sweeping Beam","Reinforced Body"],"picked":"SKIP","floor":11},{"not_picked":["Sweeping Beam","Rainbow","Streamline"],"picked":"SKIP","floor":12},{"not_picked":["Streamline","Cold Snap"],"picked":"Go for the Eyes","floor":13},{"not_picked":["Steam","Streamline+1"],"picked":"Conserve Battery","floor":18},{"not_picked":["Consume+1","Stack","Rebound"],"picked":"SKIP","floor":20},{"not_picked":["Steam","Sweeping Beam+1","Ball Lightning"],"picked":"SKIP","floor":21},{"not_picked":["Hello World","Conserve Battery"],"picked":"Darkness","floor":22},{"not_picked":["Sweeping Beam","Barrage+1"],"picked":"Recycle+1","floor":23},{"not_picked":["Echo Form","Force Field+1"],"picked":"Steam+1","floor":25},{"not_picked":["Turbo+1","BootSequence+1"],"picked":"Hologram+1","floor":28},{"not_picked":["Meteor Strike+1","Electrodynamics"],"picked":"Reboot+1","floor":33},{"not_picked":["Rebound+1","Steam+1"],"picked":"Conserve Battery+1","floor":35},{"not_picked":["Beam Cell+1","Steam+1","Turbo+1"],"picked":"SKIP","floor":36},{"not_picked":["Blizzard+1","Heatsinks"],"picked":"Undo+1","floor":38},{"not_picked":["Streamline+1","Blizzard+1"],"picked":"Coolheaded+1","floor":39}],"player_experience":286287,"relics_obtained":[{"floor":8,"key":"Bronze Scales"},{"floor":9,"key":"Oddly Smooth Stone"},{"floor":23,"key":"Toxic Egg 2"},{"floor":26,"key":"Molten Egg 2"}],"event_choices":[{"cards_removed":["Strike_B"],"damage_healed":0.0,"max_hp_gain":0.0,"max_hp_loss":0.0,"gold_gain":0.0,"event_name":"Golden Wing","player_choice":"Card Removal","floor":3.0,"gold_loss":0.0,"damage_taken":7.0},{"damage_healed":0.0,"max_hp_gain":0.0,"max_hp_loss":0.0,"gold_gain":0.0,"cards_transformed":["Strike_B"],"event_name":"Living Wall","player_choice":"Change","floor":4.0,"gold_loss":0.0,"damage_taken":0.0,"cards_obtained":["Sweeping Beam"]},{"damage_healed":0,"gold_gain":0,"player_choice":"Forge","damage_taken":0,"max_hp_gain":0,"max_hp_loss":0,"event_name":"Accursed Blacksmith","floor":14,"gold_loss":0,"cards_upgraded":["Go for the Eyes"]},{"damage_healed":0,"gold_gain":0,"cards_transformed":["Defend_B","Strike_B"],"player_choice":"Became Test Subject","damage_taken":0,"max_hp_gain":0,"max_hp_loss":0,"event_name":"Drug Dealer","floor":29,"gold_loss":0,"cards_obtained":["Tempest","Beam Cell"]},{"damage_healed":0,"gold_gain":0,"player_choice":"Obtained Relic","damage_taken":0,"relics_obtained":["HornCleat"],"max_hp_gain":0,"max_hp_loss":0,"event_name":"Addict","floor":30,"gold_loss":85}],"is_beta":false,"boss_relics":[{"not_picked":["SlaversCollar","Empty Cage"],"picked":"Runic Dome"},{"not_picked":["FrozenCore","Tiny House"],"picked":"Velvet Choker"}],"items_purged_floors":[5,19,37],"is_endless":false,"potions_floor_spawned":[1,8,12,21,25,28,33,38,39],"killed_by":"Giant Head","ascension_level":4}}