{"host":"znvnxllcillb3rtw","time":1608118113,"event":{"mods":["BaseMod","DeckTracker","Minty Spire (QoL Compilation)","Relic Stats","StSLib","SuperFastMode","everything is the same but u backflip on backflip"],"gold_per_floor":[118,118,118,131,6,6,40,40,40,40,59,59,70,86,86,164,164,175,91,91,111,61,61,71,71,71,71,82,82,82,101,101,173,173,190,215,233,246,263,263,263],"floor_reached":40,"playtime":1547,"items_purged":["Strike_B"],"score":826,"play_id":"f76fb0f5-a6d9-4b95-ad34-6efa6d484614","local_time":"20201216202833","is_ascension_mode":true,"campfire_choices":[{"data":"Defend_B","floor":6,"key":"PURGE"},{"data":"Defend_B","floor":8,"key":"PURGE"},{"data":"Strike_B","floor":10,"key":"PURGE"},{"data":"Strike_B","floor":12,"key":"PURGE"},{"data":"Coolheaded","floor":15,"key":"SMITH"},{"data":"Zap","floor":23,"key":"PURGE"},{"data":"Dualcast","floor":25,"key":"PURGE"},{"floor":30,"key":"REST"},{"data":"Shame","floor":32,"key":"PURGE"}],"circlet_count":0,"master_deck":["AscendersBane","Defend_B","Sweeping Beam","Streamline","Hyperbeam","Leap+1","Turbo+1","Gash","All For One","Coolheaded+1","Reprogram+1","Leap+1","Rebound+1","Hologram+1","BootSequence+1","Lockon","Undo+1","Fission+1","Leap+1","Conserve Battery+1","Meteor Strike","Hologram+1"],"relics":["Cracked Core","NeowsBlessing","Peace Pipe","Bag of Marbles","Toxic Egg 2","Cursed Key","Inserter","Turnip"],"acts_visited":["Exordium","TheCity","TheBeyond"],"potions_floor_usage":[16,40],"damage_taken":[{"damage":0,"enemies":"2 Louse","floor":1,"turns":1},{"damage":0,"enemies":"Small Slimes","floor":4,"turns":1},{"damage":0,"enemies":"Lagavulin","floor":7,"turns":1},{"damage":0,"enemies":"Cultist","floor":11,"turns":2},{"damage":0,"enemies":"Lots of Slimes","floor":13,"turns":1},{"damage":0,"enemies":"Looter","floor":14,"turns":3},{"damage":25,"enemies":"Slime Boss","floor":16,"turns":6},{"damage":11,"enemies":"2 Thieves","floor":18,"turns":3},{"damage":0,"enemies":"3 Byrds","floor":21,"turns":3},{"damage":10,"enemies":"Snecko","floor":24,"turns":5},{"damage":19,"enemies":"Snake Plant","floor":28,"turns":4},{"damage":9,"enemies":"Centurion and Healer","floor":31,"turns":5},{"damage":16,"enemies":"Champ","floor":33,"turns":14},{"damage":0,"enemies":"Orb Walker","floor":35,"turns":3},{"damage":1,"enemies":"Mind Bloom Boss Battle","floor":36,"turns":11},{"damage":32,"enemies":"3 Darklings","floor":37,"turns":5},{"damage":2,"enemies":"4 Shapes","floor":38,"turns":10},{"damage":5,"enemies":"Sphere and 2 Shapes","floor":39,"turns":4},{"damage":24,"enemies":"Nemesis","floor":40,"turns":6}],"seed_played":"-7931781117433676157","potions_obtained":[{"floor":4,"key":"Ancient Potion"},{"floor":14,"key":"BlessingOfTheForge"},{"floor":16,"key":"Swift Potion"}],"is_trial":false,"path_per_floor":["M","?","?","M","$","R","E","R","T","R","M","R","M","M","R","B",null,"M","$","?","M","?","R","M","R","T","?","M","?","R","M","R","B",null,"M","?","M","M","M","E"],"character_chosen":"DEFECT","items_purchased":["Coolheaded","Reprogram+1"],"campfire_rested":1,"item_purchase_floors":[5,19],"current_hp_per_floor":[64,38,38,38,38,38,38,38,38,38,38,38,38,38,38,13,57,46,46,46,46,46,46,36,36,36,36,17,17,38,29,29,13,57,57,56,24,22,17,0,0],"gold":263,"neow_bonus":"THREE_ENEMY_KILL","is_daily":false,"chose_seed":false,"campfire_upgraded":1,"win_rate":0.0,"timestamp":1608118113,"path_taken":["M","?","?","M","$","R","E","R","T","R","M","R","?","M","R","BOSS","M","?","?","?","?","R","?","R","T","?","M","?","R","M","R","BOSS","M","?","M","M","M","E"],"items_purchased_type":["Card","Card"],"build_version":"2020-12-13","purchased_purges":1,"victory":false,"max_hp_per_floor":[71,71,71,71,71,71,71,71,71,71,71,71,71,71,71,71,71,71,71,71,71,71,71,71,71,71,71,71,71,71,71,71,71,71,71,71,71,71,71,71,71],"relic_stats":{"Peace Pipe":8,"Inserter":[19],"counters":[19,88],"Turnip":[5],"Cursed Key":1,"obtain_stats":[{"Peace Pipe":2,"Inserter":34,"NeowsBlessing":0,"Turnip":36,"Bag of Marbles":7,"Toxic Egg 2":9,"Cracked Core":0,"Cursed Key":17},{"Peace Pipe":1,"Inserter":13,"NeowsBlessing":0,"Turnip":15,"Bag of Marbles":3,"Toxic Egg 2":3,"Cracked Core":0,"Cursed Key":7},{"Peace Pipe":1,"Inserter":49,"NeowsBlessing":0,"Turnip":63,"Bag of Marbles":3,"Toxic Egg 2":3,"Cracked Core":0,"Cursed Key":15}]},"card_choices":[{"not_picked":["Redo","Rebound"],"picked":"Sweeping Beam","floor":1},{"not_picked":["Sweeping Beam","Reinforced Body"],"picked":"Streamline","floor":4},{"not_picked":["Redo","Hello World"],"picked":"Hyperbeam","floor":7},{"not_picked":["Go for the Eyes","Chill+1"],"picked":"Leap+1","floor":11},{"not_picked":["BootSequence+1","Steam+1"],"picked":"Turbo+1","floor":13},{"not_picked":["Cold Snap","Lockon"],"picked":"Gash","floor":14},{"not_picked":["Amplify+1","Electrodynamics"],"picked":"All For One","floor":16},{"not_picked":["Leap+1","Go for the Eyes"],"picked":"Coolheaded+1","floor":18},{"not_picked":["Rebound+1","Glacier+1","Tempest+1"],"picked":"SKIP","floor":21},{"not_picked":["Glacier+1","Tempest+1"],"picked":"Rebound+1","floor":21},{"not_picked":["Ball Lightning","Compile Driver","FTL"],"picked":"SKIP","floor":24},{"not_picked":["FTL","Melter"],"picked":"Hologram+1","floor":28},{"not_picked":["Defragment","Sweeping Beam"],"picked":"Undo+1","floor":31},{"not_picked":["Amplify+1","Core Surge"],"picked":"Fission+1","floor":33},{"not_picked":["Sweeping Beam+1","Gash"],"picked":"Leap+1","floor":35},{"not_picked":["Chill+1","Compile Driver+1"],"picked":"Conserve Battery+1","floor":36},{"not_picked":["Rebound","Streamline"],"picked":"Meteor Strike","floor":37},{"not_picked":["Cold Snap","Leap+1"],"picked":"Hologram+1","floor":38},{"not_picked":["FTL","Streamline","Leap+1"],"picked":"SKIP","floor":39}],"player_experience":2866170,"relics_obtained":[{"floor":7,"key":"Bag of Marbles"},{"floor":9,"key":"Toxic Egg 2"},{"floor":36,"key":"Turnip"}],"event_choices":[{"damage_healed":0,"gold_gain":0,"player_choice":"Success","damage_taken":26,"relics_obtained":["Peace Pipe"],"max_hp_gain":0,"max_hp_loss":0,"event_name":"Scrap Ooze","floor":2,"gold_loss":0},{"cards_removed":["Strike_B"],"damage_healed":0,"gold_gain":0,"player_choice":"Offered Basic","damage_taken":0,"max_hp_gain":0,"max_hp_loss":0,"event_name":"Bonfire Elementals","floor":3,"gold_loss":0},{"damage_healed":0,"gold_gain":0,"player_choice":"Copied","damage_taken":0,"max_hp_gain":0,"max_hp_loss":0,"event_name":"Duplicator","floor":20,"gold_loss":0,"cards_obtained":["Leap"]},{"damage_healed":0,"gold_gain":0,"player_choice":"Bet on Murderer","damage_taken":0,"max_hp_gain":0,"max_hp_loss":0,"event_name":"The Joust","floor":22,"gold_loss":50},{"damage_healed":0,"gold_gain":0,"player_choice":"Ignored","damage_taken":0,"max_hp_gain":0,"max_hp_loss":0,"event_name":"Vampires","floor":27,"gold_loss":0},{"damage_healed":0,"gold_gain":0,"cards_transformed":["Defend_B","Coolheaded"],"player_choice":"Became Test Subject","damage_taken":0,"max_hp_gain":0,"max_hp_loss":0,"event_name":"Drug Dealer","floor":29,"gold_loss":0,"cards_obtained":["BootSequence","Lockon"]},{"damage_healed":0,"gold_gain":0,"player_choice":"Fight","damage_taken":0,"max_hp_gain":0,"max_hp_loss":0,"event_name":"MindBloom","floor":36,"gold_loss":0}],"is_beta":false,"boss_relics":[{"not_picked":["FrozenCore","Fusion Hammer"],"picked":"Cursed Key"},{"not_picked":["Calling Bell","Runic Dome"],"picked":"Inserter"}],"items_purged_floors":[5],"is_endless":false,"potions_floor_spawned":[4,14,16,21,33,38,39],"killed_by":"Nemesis","ascension_level":20}}