{"host":"85dtmvttrcbdj5h5","time":1608159831,"event":{"mods":["AchievementEnabler","BaseMod","Bestiary","Colored Map","Colored Powertips","Filter the Spire","Minty Spire (QoL Compilation)","RNG Fix","Relic Stats"],"gold_per_floor":[10,10,10,23,36,36,49,76,100,100,117,44,44,57,57,158,158,177,192,210,210,1,1,31,31,31,31,31,41,59,70,70,173,173,193,205,205,255,273,273,6,37,37,56,67,67,67,79,79,79],"floor_reached":51,"playtime":5117,"items_purged":[],"score":751,"play_id":"8914cd21-40fa-4cf4-ae98-d56a5b93ec72","local_time":"20201216180351","is_ascension_mode":false,"campfire_choices":[{"data":"Echo Form","floor":6.0,"key":"SMITH"},{"data":"Sunder","floor":10.0,"key":"SMITH"},{"data":"Hologram","floor":13.0,"key":"SMITH"},{"data":"Streamline","floor":15.0,"key":"SMITH"},{"data":"Beam Cell","floor":23.0,"key":"SMITH"},{"floor":28.0,"key":"REST"},{"floor":32.0,"key":"REST"},{"data":"Biased Cognition","floor":40,"key":"SMITH"},{"data":"Madness","floor":47,"key":"SMITH"},{"floor":49,"key":"REST"}],"circlet_count":0,"master_deck":["Strike_B","Strike_B","Defend_B","Defend_B+1","Defend_B","Defend_B","Zap","Dualcast","Echo Form+1","Creative AI+1","Leap","Chill","Compile Driver","Gash","Sunder+1","Gash","Streamline+1","Hologram+1","Genetic Algorithm","All For One","Leap","Beam Cell+1","Sweeping Beam","FTL","Biased Cognition+1","Flash of Steel","Auto Shields","Rebound","Self Repair+1","Biased Cognition","Hologram+1","Reinforced Body+1","Madness","Madness+1","Scrape","Seek+1"],"relics":["Cracked Core","StoneCalendar","Nuclear Battery","Nloth\u0027s Gift","ClockworkSouvenir","Nunchaku","Bottled Flame","Centennial Puzzle","SacredBark","Peace Pipe","Strange Spoon","Strawberry","Gremlin Horn"],"acts_visited":["Exordium","TheCity","TheBeyond"],"potions_floor_usage":[39,44,44,48,50],"damage_taken":[{"damage":0.0,"enemies":"Cultist","floor":1.0,"turns":4.0},{"damage":4.0,"enemies":"2 Louse","floor":4.0,"turns":3.0},{"damage":0.0,"enemies":"Small Slimes","floor":5.0,"turns":5.0},{"damage":6.0,"enemies":"2 Fungi Beasts","floor":7.0,"turns":5.0},{"damage":4.0,"enemies":"Gremlin Nob","floor":8.0,"turns":4.0},{"damage":4.0,"enemies":"Exordium Wildlife","floor":11.0,"turns":3.0},{"damage":0.0,"enemies":"Exordium Thugs","floor":14.0,"turns":4.0},{"damage":0.0,"enemies":"Slime Boss","floor":16.0,"turns":3.0},{"damage":0.0,"enemies":"Shell Parasite","floor":18.0,"turns":4.0},{"damage":7.0,"enemies":"2 Thieves","floor":19.0,"turns":3.0},{"damage":13.0,"enemies":"Centurion and Healer","floor":20.0,"turns":5.0},{"damage":50.0,"enemies":"Book of Stabbing","floor":24.0,"turns":7.0},{"damage":6.0,"enemies":"Shelled Parasite and Fungi","floor":29.0,"turns":7.0},{"damage":0.0,"enemies":"Cultist and Chosen","floor":30.0,"turns":6.0},{"damage":0.0,"enemies":"Snecko","floor":31.0,"turns":4.0},{"damage":15.0,"enemies":"Automaton","floor":33.0,"turns":11.0},{"damage":0,"enemies":"3 Darklings","floor":35,"turns":5},{"damage":9,"enemies":"Orb Walker","floor":36,"turns":3},{"damage":1,"enemies":"Mind Bloom Boss Battle","floor":38,"turns":7},{"damage":7,"enemies":"Maw","floor":39,"turns":7},{"damage":23,"enemies":"Giant Head","floor":42,"turns":8},{"damage":37,"enemies":"Writhing Mass","floor":44,"turns":6},{"damage":1,"enemies":"Spire Growth","floor":45,"turns":4},{"damage":10,"enemies":"Maw","floor":48,"turns":4},{"damage":24,"enemies":"Awakened One","floor":50,"turns":16}],"seed_played":"-2532686392025031404","potions_obtained":[{"floor":1.0,"key":"AttackPotion"},{"floor":5.0,"key":"SteroidPotion"},{"floor":8.0,"key":"GamblersBrew"},{"floor":16.0,"key":"Swift Potion"},{"floor":19.0,"key":"Weak Potion"},{"floor":30.0,"key":"Block Potion"},{"floor":31.0,"key":"EssenceOfDarkness"},{"floor":36,"key":"BlessingOfTheForge"},{"floor":38,"key":"SpeedPotion"},{"floor":44,"key":"EssenceOfDarkness"}],"is_trial":false,"path_per_floor":["M","?","?","M","M","R","M","E","T","R","M","$","R","M","R","B",null,"M","M","M","?","$","R","E","?","T","?","R","M","M","M","R","B",null,"M","M","?","?","M","R","$","E","T","M","M","?","R","M","R","B",null],"character_chosen":"DEFECT","items_purchased":["Streamline","Hologram","ClockworkSouvenir","Fire Potion","Scrape","Strange Spoon","AttackPotion"],"campfire_rested":3,"item_purchase_floors":[12,12,22,22,41,41,41],"current_hp_per_floor":[75,60,75,71,71,71,65,61,61,61,57,57,57,57,57,57,75,75,68,55,55,55,55,5,5,5,5,27,21,21,21,43,38,75,75,66,57,75,75,75,75,79,79,42,51,51,51,61,82,68],"gold":79,"neow_bonus":"TRANSFORM_TWO_CARDS","is_daily":false,"chose_seed":false,"campfire_upgraded":7,"win_rate":0.0,"timestamp":1608159831,"path_taken":["M","?","?","?","M","R","M","E","T","R","M","$","R","?","R","BOSS","M","?","M","?","$","R","E","?","T","?","R","M","M","M","R","BOSS","M","M","?","?","M","R","?","E","T","M","M","?","R","M","R","BOSS"],"items_purchased_type":["Card","Card","Relic","Potion","Card","Relic","Potion"],"build_version":"2020-12-13","purchased_purges":0,"victory":true,"max_hp_per_floor":[75,75,75,75,75,75,75,75,75,75,75,75,75,75,75,75,75,75,75,75,75,75,75,75,75,75,75,75,75,75,75,75,75,75,75,75,75,75,75,75,75,82,82,82,82,82,82,82,82,82],"relic_stats":{"Peace Pipe":0,"Strange Spoon":[13],"Nunchaku":[27],"Centennial Puzzle":[30],"Gremlin Horn":[3,3],"counters":[25,138],"StoneCalendar":[161],"Nloth\u0027s Gift":3,"obtain_stats":[{"Gremlin Horn":43,"SacredBark":34,"Vajra":9,"StoneCalendar":8,"Nuclear Battery":17,"ClockworkSouvenir":22,"Peace Pipe":38,"Strange Spoon":41,"Nunchaku":24,"Bottled Flame":26,"Centennial Puzzle":27,"Strawberry":42,"Nloth\u0027s Gift":21,"Cracked Core":0},{"Gremlin Horn":21,"SacredBark":16,"Vajra":5,"StoneCalendar":5,"Nuclear Battery":8,"ClockworkSouvenir":11,"Peace Pipe":19,"Strange Spoon":20,"Nunchaku":12,"Bottled Flame":12,"Centennial Puzzle":12,"Strawberry":21,"Nloth\u0027s Gift":11,"Cracked Core":0},{"Gremlin Horn":108,"SacredBark":78,"Vajra":21,"StoneCalendar":21,"Nuclear Battery":31,"ClockworkSouvenir":43,"Peace Pipe":93,"Strange Spoon":100,"Nunchaku":50,"Bottled Flame":50,"Centennial Puzzle":50,"Strawberry":108,"Nloth\u0027s Gift":43,"Cracked Core":0}]},"card_choices":[{"not_picked":["Lockon","Tempest"],"picked":"Leap","floor":1.0},{"not_picked":["Stack","Steam"],"picked":"Chill","floor":4.0},{"not_picked":["Leap","Reinforced Body"],"picked":"Compile Driver","floor":5.0},{"not_picked":["Reinforced Body","Beam Cell"],"picked":"Gash","floor":7.0},{"not_picked":["Chill","Defragment"],"picked":"Sunder","floor":8.0},{"not_picked":["Hologram","Rip and Tear"],"picked":"Gash","floor":11.0},{"not_picked":["Fission","Reprogram"],"picked":"Genetic Algorithm","floor":14.0},{"not_picked":["Echo Form","Multi-Cast"],"picked":"All For One","floor":16.0},{"not_picked":["Skim","Self Repair"],"picked":"Leap","floor":18.0},{"not_picked":["Barrage+1","Redo"],"picked":"Beam Cell","floor":19.0},{"not_picked":["Leap","Turbo"],"picked":"Sweeping Beam","floor":20.0},{"not_picked":["Cold Snap","Turbo"],"picked":"FTL","floor":24.0},{"not_picked":["Lockon","Stack"],"picked":"Auto Shields","floor":29.0},{"not_picked":["Fission","Conserve Battery"],"picked":"Rebound","floor":30.0},{"not_picked":["Steam","Biased Cognition"],"picked":"Self Repair+1","floor":31.0},{"not_picked":["Thunder Strike","Echo Form"],"picked":"Biased Cognition","floor":33.0},{"not_picked":["Sweeping Beam","Self Repair"],"picked":"Hologram+1","floor":35},{"not_picked":["Fusion","Steam"],"picked":"Reinforced Body+1","floor":36},{"not_picked":["Reboot","Beam Cell","Reinforced Body+1"],"picked":"SKIP","floor":39},{"not_picked":["Electrodynamics","Leap+1","Melter"],"picked":"SKIP","floor":42},{"not_picked":["Compile Driver","Blizzard+1"],"picked":"Seek","floor":44},{"not_picked":["Barrage","Steam+1","Sweeping Beam+1"],"picked":"SKIP","floor":45},{"not_picked":["Hologram","Conserve Battery+1","Leap"],"picked":"SKIP","floor":48}],"player_experience":65268,"relics_obtained":[{"floor":8.0,"key":"StoneCalendar"},{"floor":9.0,"key":"Vajra"},{"floor":24.0,"key":"Nunchaku"},{"floor":26.0,"key":"Bottled Flame"},{"floor":38,"key":"Peace Pipe"},{"floor":42,"key":"Strawberry"},{"floor":43,"key":"Gremlin Horn"}],"event_choices":[{"damage_healed":0.0,"max_hp_gain":0.0,"max_hp_loss":0.0,"gold_gain":0.0,"event_name":"Shining Light","player_choice":"Entered Light","floor":2.0,"gold_loss":0.0,"damage_taken":15.0,"cards_upgraded":["Defend_B","Creative AI"]},{"damage_healed":25.0,"max_hp_gain":0.0,"max_hp_loss":0.0,"gold_gain":0.0,"event_name":"Big Fish","player_choice":"Banana","floor":3.0,"gold_loss":0.0,"damage_taken":0.0},{"damage_healed":0.0,"max_hp_gain":0.0,"max_hp_loss":0.0,"gold_gain":0.0,"event_name":"N\u0027loth","player_choice":"Traded Relic","floor":21.0,"relics_lost":["Vajra"],"gold_loss":0.0,"damage_taken":0.0,"relics_obtained":["Nloth\u0027s Gift"]},{"damage_healed":0.0,"max_hp_gain":0.0,"max_hp_loss":0.0,"gold_gain":0.0,"event_name":"Match and Keep!","player_choice":"2 cards matched","floor":25.0,"gold_loss":0.0,"damage_taken":0.0,"cards_obtained":["Biased Cognition","Flash of Steel"]},{"damage_healed":0.0,"max_hp_gain":0.0,"max_hp_loss":0.0,"gold_gain":0.0,"event_name":"The Mausoleum","player_choice":"Opened","floor":27.0,"gold_loss":0.0,"damage_taken":0.0,"relics_obtained":["Centennial Puzzle"]},{"damage_healed":0,"gold_gain":0,"player_choice":"Embrace Madness","damage_taken":9,"max_hp_gain":0,"max_hp_loss":0,"event_name":"Winding Halls","floor":37,"gold_loss":0,"cards_obtained":["Madness","Madness"]},{"damage_healed":0,"gold_gain":0,"player_choice":"Fight","damage_taken":0,"max_hp_gain":0,"max_hp_loss":0,"event_name":"MindBloom","floor":38,"gold_loss":0},{"damage_healed":0,"gold_gain":0,"player_choice":"Upgraded","damage_taken":0,"max_hp_gain":0,"max_hp_loss":0,"event_name":"Upgrade Shrine","floor":46,"gold_loss":0,"cards_upgraded":["Seek"]}],"is_beta":false,"boss_relics":[{"not_picked":["SlaversCollar","Coffee Dripper"],"picked":"Nuclear Battery"},{"not_picked":["Tiny House","Velvet Choker"],"picked":"SacredBark"}],"items_purged_floors":[],"is_endless":false,"potions_floor_spawned":[1,5,8,16,19,30,31,36,38,44],"ascension_level":0}}