{"host":"og6lam4kt3nibbw0","time":1608142532,"event":{"mods":["AchievementEnabler","BaseMod","Colored Map","DeckTracker","Highlight Path","Keyboard Shortcuts","Minty Spire (QoL Compilation)","Permanent Neow","Quick Restart","StSLib","SuperFastMode"],"gold_per_floor":[111,111,111,124,49,49,88,161,231,250,250,271,271,346,346,346,441,441,466,466,356,395,413,413,413,413],"floor_reached":25,"playtime":1224,"items_purged":["Defend_B"],"score":394,"play_id":"1257b55d-28af-48d8-ad69-45fa54c907a1","local_time":"20201217031532","is_ascension_mode":true,"campfire_choices":[{"data":"Hyperbeam","floor":6.0,"key":"SMITH"},{"data":"Skim","floor":11.0,"key":"SMITH"},{"floor":13.0,"key":"REST"},{"floor":16.0,"key":"REST"},{"floor":24,"key":"REST"}],"circlet_count":0,"master_deck":["AscendersBane","Strike_B","Strike_B","Defend_B+1","Defend_B","Dualcast","Hyperbeam+1","Skim+1","Turbo","Conserve Battery","Buffer","Auto Shields","Go for the Eyes+1"],"relics":["Cracked Core","Golden Idol","Juzu Bracelet","Molten Egg 2","Sundial","Empty Cage","Ice Cream","Red Mask"],"acts_visited":["Exordium","TheCity"],"potions_floor_usage":[22,25],"damage_taken":[{"damage":4.0,"enemies":"Jaw Worm","floor":1.0,"turns":3.0},{"damage":0.0,"enemies":"Small Slimes","floor":4.0,"turns":2.0},{"damage":10.0,"enemies":"3 Sentries","floor":7.0,"turns":4.0},{"damage":3.0,"enemies":"2 Louse","floor":10.0,"turns":3.0},{"damage":16.0,"enemies":"Blue Slaver","floor":12.0,"turns":3.0},{"damage":31.0,"enemies":"The Guardian","floor":17.0,"turns":10.0},{"damage":21.0,"enemies":"2 Thieves","floor":19.0,"turns":3.0},{"damage":0,"enemies":"Masked Bandits","floor":22,"turns":3},{"damage":17,"enemies":"Shell Parasite","floor":23,"turns":4},{"damage":30,"enemies":"Gremlin Leader","floor":25,"turns":6}],"seed_played":"-1312208142068384199","potions_obtained":[{"floor":17.0,"key":"LiquidBronze"},{"floor":19.0,"key":"EssenceOfSteel"},{"floor":23,"key":"DistilledChaos"}],"is_trial":false,"path_per_floor":["M","?","?","M","$","R","E","T","T","M","R","M","R","?","?","R","B",null,"M","?","?","?","M","R","E"],"character_chosen":"DEFECT","items_purchased":[],"campfire_rested":3,"item_purchase_floors":[],"current_hp_per_floor":[42,35,35,35,35,35,25,25,25,22,22,6,25,14,14,33,2,49,28,28,28,28,11,30,0,0],"gold":413,"neow_bonus":"THREE_RARE_CARDS","is_daily":false,"chose_seed":false,"campfire_upgraded":2,"win_rate":0.0,"timestamp":1608142532,"path_taken":["M","?","?","M","?","R","E","?","T","M","R","M","R","?","?","R","BOSS","M","?","?","?","M","R","E"],"items_purchased_type":[],"build_version":"2020-12-13","purchased_purges":1,"victory":false,"max_hp_per_floor":[71,71,64,64,64,64,64,64,64,64,64,64,64,64,64,64,64,64,64,64,64,64,64,64,64,64],"card_choices":[{"not_picked":["Multi-Cast","Creative AI"],"picked":"Hyperbeam","floor":0.0},{"not_picked":["Gash","Consume"],"picked":"Skim","floor":1.0},{"not_picked":["Barrage","Ball Lightning","Streamline"],"picked":"SKIP","floor":4.0},{"not_picked":["Capacitor","Compile Driver"],"picked":"Turbo","floor":7.0},{"not_picked":["Chaos","Heatsinks","Leap"],"picked":"SKIP","floor":10.0},{"not_picked":["Chill","Tempest"],"picked":"Conserve Battery","floor":12.0},{"not_picked":["Amplify","Biased Cognition"],"picked":"Buffer","floor":17.0},{"not_picked":["Steam","Steam Power","Compile Driver+1"],"picked":"SKIP","floor":19.0},{"not_picked":["Gash+1","Genetic Algorithm"],"picked":"Auto Shields","floor":22},{"not_picked":["Steam Power","Redo"],"picked":"Go for the Eyes+1","floor":23}],"player_experience":775807,"relics_obtained":[{"floor":7.0,"key":"Juzu Bracelet"},{"floor":8.0,"key":"Molten Egg 2"},{"floor":9.0,"key":"Sundial"},{"floor":22,"key":"Red Mask"}],"event_choices":[{"cards_removed":["Strike_B"],"damage_healed":0.0,"max_hp_gain":0.0,"max_hp_loss":0.0,"gold_gain":0.0,"event_name":"Golden Wing","player_choice":"Card Removal","floor":2.0,"gold_loss":0.0,"damage_taken":7.0},{"damage_healed":0.0,"max_hp_gain":0.0,"max_hp_loss":7.0,"gold_gain":0.0,"event_name":"Golden Idol","player_choice":"Lose Max HP","floor":3.0,"gold_loss":0.0,"damage_taken":0.0,"relics_obtained":["Golden Idol"]},{"damage_healed":0.0,"max_hp_gain":0.0,"max_hp_loss":0.0,"gold_gain":75.0,"event_name":"World of Goop","player_choice":"Gather Gold","floor":14.0,"gold_loss":0.0,"damage_taken":11.0},{"cards_removed":["Zap"],"damage_healed":0.0,"max_hp_gain":0.0,"max_hp_loss":0.0,"gold_gain":0.0,"event_name":"Living Wall","player_choice":"Forget","floor":15.0,"gold_loss":0.0,"damage_taken":0.0},{"damage_healed":0.0,"max_hp_gain":0.0,"max_hp_loss":0.0,"gold_gain":0.0,"event_name":"The Mausoleum","player_choice":"Opened","floor":20.0,"gold_loss":0.0,"damage_taken":0.0,"relics_obtained":["Ice Cream"],"cards_obtained":["Writhe"]},{"cards_removed":["Writhe"],"damage_healed":0,"gold_gain":0,"player_choice":"Upgrade and Remove","damage_taken":0,"max_hp_gain":0,"max_hp_loss":0,"event_name":"Designer","floor":21,"gold_loss":110,"cards_upgraded":["Defend_B"]},{"damage_healed":0,"gold_gain":0,"player_choice":"Fought Bandits","damage_taken":0,"max_hp_gain":0,"max_hp_loss":0,"event_name":"Masked Bandits","floor":22,"gold_loss":0}],"is_beta":false,"boss_relics":[{"not_picked":["Tiny House","Runic Dome"],"picked":"Empty Cage"}],"items_purged_floors":[5],"is_endless":false,"potions_floor_spawned":[17,19,23],"killed_by":"Gremlin Leader","ascension_level":20}}