{"host":"v7tp7bgmerva31qt","time":1608103650,"event":{"mods":["AchievementEnabler","BaseMod","BetterRewards","Downfall","Googly Eyes","Minty Spire (QoL Compilation)","Replay The Spire","Shop Mod","StSLib","The Hierophant","The Poker Player","The Runesmith"],"gold_per_floor":[99,99,131,131,146,146,169,169,180,205,299,299,309,309,321,321,321],"floor_reached":16,"playtime":783,"items_purged":[],"score":133,"play_id":"8129ec5d-3037-4f12-ae79-2bc003eb991d","local_time":"20201216172730","is_ascension_mode":false,"campfire_choices":[{"data":"hexamod:Sear","floor":1.0,"key":"SMITH"},{"data":"hexamod:SoulSteal","floor":6.0,"key":"SMITH"},{"data":"hexamod:RadiantFlame","floor":8.0,"key":"SMITH"}],"circlet_count":0,"master_deck":["hexamod:Strike","hexamod:Strike","hexamod:Strike","hexamod:Defend","hexamod:Defend","hexamod:Defend","hexamod:Defend","hexamod:Sear+1","hexamod:Float","hexamod:SoulSteal+1","hexamod:RadiantFlame+1","hexamod:Firestarter+1","hexamod:HeatMetal","hexamod:PhantomFireball","hexamod:GhostflameBarrier","hexamod:PhantomFireball","hexamod:NecessarySacrifice","hexamod:HeatCrush"],"relics":["hexamod:SpiritBrand","downfall:HeartsMalice","Orichalcum","Anchor","Pet Ghost"],"acts_visited":["Exordium"],"potions_floor_usage":[16,16],"damage_taken":[{"damage":0.0,"enemies":"Jaw Worm","floor":2.0,"turns":1.0},{"damage":0.0,"enemies":"Lagavulin","floor":3.0,"turns":1.0},{"damage":0.0,"enemies":"Small Slimes","floor":4.0,"turns":1.0},{"damage":0.0,"enemies":"Cultist","floor":5.0,"turns":3.0},{"damage":3.0,"enemies":"3 Louse","floor":9.0,"turns":3.0},{"damage":24,"enemies":"Gremlin Nob","floor":10,"turns":4},{"damage":0,"enemies":"Red Slaver","floor":13,"turns":2},{"damage":0,"enemies":"2 Fungi Beasts","floor":15,"turns":3},{"damage":15,"enemies":"downfall:Watcher","floor":16,"turns":5}],"seed_played":"-5720222792031289367","potions_obtained":[{"floor":5.0,"key":"champ:CounterPotion"},{"floor":9.0,"key":"Toxic Potion"},{"floor":15,"key":"Elixir"}],"is_trial":false,"path_per_floor":["R","M","E","M","M","R","T","R","M","E","?","?","M","?","M","B"],"character_chosen":"THE_SPIRIT","items_purchased":[],"campfire_rested":0,"item_purchase_floors":[],"current_hp_per_floor":[70,70,70,70,70,70,70,70,67,43,15,15,15,15,15,0,0],"gold":321,"neow_bonus":"THREE_ENEMY_KILL","is_daily":false,"chose_seed":false,"campfire_upgraded":3,"win_rate":0.0,"timestamp":1608103650,"path_taken":["R","M","E","M","M","R","T","R","M","E","?","?","M","?","M","BOSS"],"items_purchased_type":[],"build_version":"2020-12-13","purchased_purges":0,"victory":false,"max_hp_per_floor":[70,70,70,70,70,70,70,70,70,70,70,70,70,70,70,70,70],"card_choices":[{"not_picked":["hexamod:SpectersWail","hexamod:NecessarySacrifice"],"picked":"hexamod:SoulSteal","floor":2.0},{"not_picked":["hexamod:CatchUp","hexamod:SpectersWail"],"picked":"hexamod:RadiantFlame","floor":3.0},{"not_picked":["hexamod:NightmareStrike","hexamod:RetreatToShadows"],"picked":"hexamod:Firestarter","floor":4.0},{"not_picked":["hexamod:Incineration","hexamod:NecessarySacrifice"],"picked":"hexamod:HeatMetal","floor":5.0},{"not_picked":["hexamod:GhostOfSpirePast","hexamod:GhostShield","hexamod:RainOfEmbers"],"picked":"SKIP","floor":9.0},{"not_picked":["hexamod:SpectersWail","hexamod:Again"],"picked":"hexamod:PhantomFireball","floor":10},{"not_picked":["hexamod:ShieldOfDarkness","hexamod:EtherealExpedition"],"picked":"hexamod:GhostflameBarrier","floor":11},{"not_picked":["hexamod:SwordOfDarkness","hexamod:HexaLevel"],"picked":"hexamod:PhantomFireball","floor":11},{"not_picked":["hexamod:SkipABeat","hexamod:FirstSeal"],"picked":"hexamod:NecessarySacrifice","floor":11},{"not_picked":["hexamod:SecondSeal","hexamod:NecessarySacrifice"],"picked":"hexamod:HeatCrush","floor":13},{"not_picked":["hexamod:BurningTouch","hexamod:SpectralAdrenaline","hexamod:AdvancingGuard"],"picked":"SKIP","floor":15}],"player_experience":266247,"relics_obtained":[{"floor":3.0,"key":"Orichalcum"},{"floor":7.0,"key":"Anchor"},{"floor":10,"key":"Pet Ghost"}],"event_choices":[{"damage_healed":0,"gold_gain":0,"player_choice":"Forge","damage_taken":0,"max_hp_gain":0,"max_hp_loss":0,"event_name":"Accursed Blacksmith","floor":14,"gold_loss":0,"cards_upgraded":["hexamod:Firestarter"]}],"is_beta":false,"boss_relics":[],"items_purged_floors":[],"is_endless":false,"potions_floor_spawned":[5,9,15],"killed_by":"downfall:Watcher","ascension_level":0}}