{"host":"2461dio7vetlq1z3","time":1608134075,"event":{"mods":["2.2 Compatiblity","AchievementEnabler","Aspiration","BaseMod","Better Third Choice","Hermit","Minty Spire (QoL Compilation)","Relic Stats","Spicy Shops","StSLib","The Hierophant","Waifu the Spire"],"gold_per_floor":[111,111,111,0,18,52,64,111,123,175,206,257,269,304,316,421,433,469,451,216,231,254,254,297,297,297,297,321,342,365,386,386,477,477,492,492,492,492],"floor_reached":37,"playtime":1610,"items_purged":["Strike_R"],"score":938,"play_id":"49deed96-8d83-4605-8874-7aa40b32dfe0","local_time":"20201216165435","is_ascension_mode":true,"campfire_choices":[{"data":"Enlightenment","floor":7,"key":"SMITH"},{"data":"Bash","floor":13,"key":"SMITH"},{"data":"True Grit","floor":15,"key":"SMITH"},{"floor":23,"key":"REST"},{"floor":25,"key":"REST"},{"data":"Limit Break","floor":27,"key":"SMITH"},{"data":"True Grit","floor":32,"key":"SMITH"}],"circlet_count":0,"master_deck":["AscendersBane","Strike_R","Strike_R","Defend_R+1","Defend_R","Defend_R","Bash+1","True Grit+1","Strike_G","Eviscerate","Bouncing Flask","Enlightenment+1","Wild Strike","Anger","Spot Weakness+1","True Grit","Shrug It Off","Dropkick","Limit Break+1","Battle Trance","Uppercut","Headbutt","Heavy Blade","Burning Pact","True Grit+1","Barricade+1","Power Through"],"relics":["Burning Blood","NeowsBlessing","Golden Idol","MawBank","Orichalcum","War Paint","Red Skull","Anchor","Runic Dome","Orrery","Frozen Egg 2","Eternal Feather","Runic Cube"],"acts_visited":["Exordium","TheCity","TheBeyond"],"potions_floor_usage":[8,12,24,33,33],"damage_taken":[{"damage":0,"enemies":"Small Slimes","floor":1,"turns":1},{"damage":0,"enemies":"Jaw Worm","floor":5,"turns":1},{"damage":0,"enemies":"3 Sentries","floor":6,"turns":1},{"damage":23,"enemies":"Lagavulin","floor":8,"turns":4},{"damage":24,"enemies":"3 Sentries","floor":10,"turns":8},{"damage":1,"enemies":"2 Louse","floor":11,"turns":2},{"damage":11,"enemies":"Lagavulin","floor":12,"turns":5},{"damage":5,"enemies":"Lots of Slimes","floor":14,"turns":4},{"damage":13,"enemies":"Hexaghost","floor":16,"turns":7},{"damage":18,"enemies":"3 Byrds","floor":18,"turns":6},{"damage":15,"enemies":"Shell Parasite","floor":21,"turns":3},{"damage":27,"enemies":"Cultist and Chosen","floor":22,"turns":6},{"damage":41,"enemies":"Gremlin Leader","floor":24,"turns":4},{"damage":28,"enemies":"Shelled Parasite and Fungi","floor":28,"turns":4},{"damage":2,"enemies":"Snake Plant","floor":29,"turns":3},{"damage":21,"enemies":"Sentry and Sphere","floor":30,"turns":4},{"damage":5,"enemies":"Snecko","floor":31,"turns":4},{"damage":23,"enemies":"Champ","floor":33,"turns":7},{"damage":17,"enemies":"Orb Walker","floor":35,"turns":4},{"damage":54,"enemies":"3 Darklings","floor":37,"turns":6}],"seed_played":"-194221539579617123","potions_obtained":[{"floor":1,"key":"SkillPotion"},{"floor":11,"key":"Block Potion"},{"floor":16,"key":"DuplicationPotion"},{"floor":19,"key":"FearPotion"},{"floor":30,"key":"SpeedPotion"},{"floor":33,"key":"BlessingOfTheForge"}],"is_trial":false,"path_per_floor":["M","?","?","?","M","E","R","E","T","E","M","E","R","M","R","B",null,"M","?","$","M","M","R","E","R","T","R","M","M","M","M","R","B",null,"M","?","M"],"character_chosen":"IRONCLAD","items_purchased":["Orrery"],"campfire_rested":2,"item_purchase_floors":[20],"current_hp_per_floor":[74,48,48,54,60,66,66,49,49,31,36,31,31,32,32,25,67,55,55,55,46,25,49,14,38,38,50,28,32,17,18,33,16,65,54,54,0,0],"gold":492,"neow_bonus":"THREE_ENEMY_KILL","is_daily":false,"chose_seed":false,"campfire_upgraded":5,"win_rate":0.0,"timestamp":1608134075,"path_taken":["M","?","?","?","?","E","R","E","T","E","M","E","R","M","R","BOSS","M","?","$","M","M","R","E","R","T","R","M","M","?","M","R","BOSS","M","?","M"],"items_purchased_type":["Relic"],"build_version":"2020-12-13","purchased_purges":1,"victory":false,"max_hp_per_floor":[75,75,75,81,81,81,81,81,81,81,81,81,81,81,81,81,81,81,81,81,81,81,81,81,81,81,81,81,81,81,81,81,81,81,81,81,81,81],"relic_stats":{"counters":[20,84],"Golden Idol":123,"Eternal Feather":27,"Orichalcum":[120],"War Paint":["Spot Weakness","Defend_R"],"MawBank":168,"obtain_stats":[{"NeowsBlessing":0,"Golden Idol":2,"Eternal Feather":26,"Orichalcum":8,"War Paint":9,"Frozen Egg 2":24,"MawBank":6,"Burning Blood":0,"Runic Dome":17,"Anchor":12,"Orrery":20,"Red Skull":10,"Runic Cube":34},{"NeowsBlessing":0,"Golden Idol":1,"Eternal Feather":13,"Orichalcum":4,"War Paint":4,"Frozen Egg 2":13,"MawBank":3,"Burning Blood":0,"Runic Dome":9,"Anchor":7,"Orrery":10,"Red Skull":5,"Runic Cube":18},{"NeowsBlessing":0,"Golden Idol":1,"Eternal Feather":52,"Orichalcum":7,"War Paint":7,"Frozen Egg 2":52,"MawBank":3,"Burning Blood":0,"Runic Dome":33,"Anchor":22,"Orrery":39,"Red Skull":15,"Runic Cube":74}],"Burning Blood":114,"Runic Cube":[9]},"card_choices":[{"not_picked":["Shockwave","Heavy Blade"],"picked":"True Grit","floor":1},{"not_picked":["Reckless Charge","Sentinel"],"picked":"Wild Strike","floor":5},{"not_picked":["Body Slam","Havoc"],"picked":"Anger","floor":6},{"not_picked":["True Grit","Fire Breathing"],"picked":"Spot Weakness","floor":8},{"not_picked":["Clash","Sword Boomerang"],"picked":"True Grit","floor":10},{"not_picked":["Pommel Strike","Flex"],"picked":"Shrug It Off","floor":11},{"not_picked":["Thunderclap","Clash"],"picked":"Dropkick","floor":12},{"not_picked":["Bloodletting","Warcry","Seeing Red"],"picked":"SKIP","floor":14},{"not_picked":["Impervious","Immolate"],"picked":"Limit Break","floor":16},{"not_picked":["Clothesline","Dropkick","Sword Boomerang"],"picked":"SKIP","floor":18},{"not_picked":["Hemokinesis","Immolate"],"picked":"Battle Trance","floor":20},{"not_picked":["Combust","Infernal Blade"],"picked":"Uppercut","floor":20},{"not_picked":["Clothesline","Sentinel"],"picked":"Headbutt","floor":21},{"not_picked":["Clash+1","Armaments","Cleave"],"picked":"SKIP","floor":22},{"not_picked":["Anger","Iron Wave"],"picked":"Heavy Blade","floor":24},{"not_picked":["Carnage","Reckless Charge","Intimidate"],"picked":"SKIP","floor":28},{"not_picked":["Flex","Intimidate"],"picked":"Burning Pact","floor":29},{"not_picked":["Whirlwind","True Grit","Clothesline"],"picked":"SKIP","floor":30},{"not_picked":["Whirlwind","Clothesline"],"picked":"True Grit","floor":30},{"not_picked":["Flex","Havoc","True Grit"],"picked":"SKIP","floor":31},{"not_picked":["Double Tap","Fiend Fire"],"picked":"Barricade+1","floor":33},{"not_picked":["Cleave","Clothesline"],"picked":"Power Through","floor":35}],"player_experience":726785,"relics_obtained":[{"floor":6,"key":"MawBank"},{"floor":8,"key":"Orichalcum"},{"floor":9,"key":"War Paint"},{"floor":10,"key":"Red Skull"},{"floor":12,"key":"Anchor"},{"floor":24,"key":"Frozen Egg 2"},{"floor":26,"key":"Eternal Feather"}],"event_choices":[{"damage_healed":0,"gold_gain":0,"player_choice":"Take Damage","damage_taken":26,"relics_obtained":["Golden Idol"],"max_hp_gain":0,"max_hp_loss":0,"event_name":"Golden Idol","floor":2,"gold_loss":0},{"damage_healed":0,"gold_gain":0,"player_choice":"RENOUNCE","damage_taken":111,"max_hp_gain":0,"max_hp_loss":0,"event_name":"betterThird:BetterSerpent","floor":4,"gold_loss":111,"cards_obtained":["Enlightenment"]},{"damage_healed":0,"gold_gain":0,"player_choice":"Bought 2 Potions","damage_taken":0,"max_hp_gain":0,"max_hp_loss":0,"event_name":"The Woman in Blue","floor":19,"gold_loss":0},{"damage_healed":0,"gold_gain":0,"player_choice":"Ignored","damage_taken":0,"max_hp_gain":0,"max_hp_loss":0,"event_name":"Mysterious Sphere","floor":36,"gold_loss":0}],"is_beta":false,"boss_relics":[{"not_picked":["Velvet Choker","aspiration:FutureDiary"],"picked":"Runic Dome"},{"not_picked":["aspiration:PoetsPen_weak","aspiration:RunicSpoon"],"picked":"Runic Cube"}],"items_purged_floors":[20],"is_endless":false,"potions_floor_spawned":[1,11,16,21,30,33],"killed_by":"3 Darklings","ascension_level":20}}