{"host":"a7kkotolxcg5vljr","time":1608154590,"event":{"mods":["2.2 Compatiblity","AchievementEnabler","Act Like it!","BaseMod","Better Altar","Better Skull","Better Third Choice","Colored Map","Colored Powertips","Downfall","Hermit","Highlight Path","Marisa????????","Minty Spire (QoL Compilation)","Quick Restart","Rare Cards Sparkle","Replay The Spire","Spicy Shops","StSLib","The Cursed","The Disciple","The Servant 0.9.4"],"gold_per_floor":[109,109,119,294,294,294,250,250,250,266,281,281,315,315,315,315,315],"floor_reached":16,"playtime":446,"items_purged":[],"score":98,"play_id":"aa9648b8-8e4c-4ba1-9751-1fa9fadae817","local_time":"20201216163630","is_ascension_mode":false,"campfire_choices":[{"data":"Neutralize","floor":6,"key":"SMITH"},{"floor":8,"key":"RECALL"},{"floor":12,"key":"REST"},{"floor":15,"key":"REST"}],"circlet_count":0,"master_deck":["Strike_G","Strike_G","Strike_G","Strike_G","Strike_G","Defend_G","Defend_G+1","Defend_G","Defend_G","Defend_G","Survivor","Neutralize+1","Flying Knee","Regret","Bane","Doubt","Burn","Blade Dance","Prepared","Outmaneuver"],"relics":["Honey Jar","Ancient Tea Set","betterThird:SlimedRelic","Snake Skull"],"acts_visited":["Exordium"],"potions_floor_usage":[13,13,16],"damage_taken":[{"damage":0,"enemies":"2 Louse","floor":1,"turns":3},{"damage":3,"enemies":"Jaw Worm","floor":3,"turns":2},{"damage":6,"enemies":"Small Slimes","floor":10,"turns":3},{"damage":2,"enemies":"Looter","floor":11,"turns":3},{"damage":23,"enemies":"Gremlin Nob","floor":13,"turns":5},{"damage":67,"enemies":"Hexaghost","floor":16,"turns":16}],"seed_played":"-5607610704649088509","potions_obtained":[{"floor":3,"key":"SteroidPotion"},{"floor":10,"key":"Elixir"},{"floor":13,"key":"Ancient Potion"}],"is_trial":false,"path_per_floor":["M","?","M","?","?","R","?","R","T","M","M","R","E","?","R","B"],"character_chosen":"THE_SILENT","items_purchased":[],"campfire_rested":2,"item_purchase_floors":[],"current_hp_per_floor":[70,70,67,67,67,67,56,56,56,50,48,69,46,46,67,0,0],"gold":315,"neow_bonus":"BOSS_RELIC","is_daily":false,"chose_seed":false,"campfire_upgraded":1,"win_rate":0.0,"timestamp":1608154590,"path_taken":["M","?","M","?","?","R","?","R","T","M","M","R","E","?","R","BOSS"],"items_purchased_type":[],"build_version":"2020-12-13","purchased_purges":0,"victory":false,"max_hp_per_floor":[70,70,70,70,70,70,70,70,70,70,70,70,70,70,70,70,70],"card_choices":[{"not_picked":["Setup","ReplayTheSpireMod:Speed Training","Finisher"],"picked":"Flying Knee","floor":1},{"not_picked":["Deflect","Blade Dance","ReplayTheSpireMod:Speed Training"],"picked":"Bane","floor":3},{"not_picked":["Acrobatics","Flying Knee","Dodge and Roll"],"picked":"Blade Dance","floor":10},{"not_picked":["Masterful Stab","Underhanded Strike","Riddle With Holes"],"picked":"Prepared","floor":11},{"not_picked":["Endless Agony","Prepared","Reflex"],"picked":"Outmaneuver","floor":13}],"player_experience":338404,"relics_obtained":[{"floor":13,"key":"Snake Skull"}],"event_choices":[{"damage_healed":0,"gold_gain":0,"player_choice":"Box","damage_taken":0,"relics_obtained":["Ancient Tea Set"],"max_hp_gain":0,"max_hp_loss":0,"event_name":"Big Fish","floor":2,"gold_loss":0,"cards_obtained":["Regret"]},{"damage_healed":0,"gold_gain":175,"player_choice":"AGREE","damage_taken":119,"max_hp_gain":0,"max_hp_loss":0,"event_name":"betterThird:BetterSerpent","floor":4,"gold_loss":0},{"damage_healed":67,"gold_gain":0,"player_choice":"Embrace Burn","damage_taken":0,"max_hp_gain":0,"max_hp_loss":70,"event_name":"betterThird:BetterShining","floor":5,"gold_loss":0},{"damage_healed":0,"gold_gain":0,"player_choice":"Slimed","damage_taken":11,"max_hp_gain":0,"max_hp_loss":0,"event_name":"betterThird:BetterGoop","floor":7,"gold_loss":44}],"is_beta":false,"boss_relics":[],"items_purged_floors":[],"is_endless":false,"potions_floor_spawned":[3,10,13],"killed_by":"Hexaghost","ascension_level":0}}