{"host":"cf32014d19ld5mat","time":1608120785,"event":{"mods":["AchievementEnabler","BaseMod","Block Reminder","Minty Spire (QoL Compilation)","Random Character Button","Relic Stats","StSLib"],"gold_per_floor":[118,138,150,162,162,187,197,216,216,244,261,261,293,308,308,385,385,401,416,53,53,53,83,83,102,102,102,2,2,31,42,42,114,114,125,143,163,163,163],"floor_reached":38,"playtime":1633,"items_purged":["Strike_B","Strike_B"],"score":980,"play_id":"f33f53ce-e9b0-440c-b3ee-850e10b0c370","local_time":"20201216121305","is_ascension_mode":true,"campfire_choices":[{"floor":12,"key":"REST"},{"data":"Reboot","floor":15,"key":"SMITH"},{"data":"White Noise","floor":24,"key":"SMITH"},{"data":"Sunder","floor":27,"key":"SMITH"},{"data":"Zap","floor":29,"key":"SMITH"},{"data":"Conserve Battery","floor":32,"key":"SMITH"}],"circlet_count":0,"master_deck":["AscendersBane","Strike_B","Defend_B","Defend_B","Defend_B","Defend_B","Zap+1","Dualcast","Sunder+1","Genetic Algorithm","Conserve Battery+1","Hologram","Reboot+1","Go for the Eyes","White Noise+1","Cold Snap","Electrodynamics","Leap","Doom and Gloom+1","Undo+1","Capacitor","Echo Form","Loop","Recycle"],"relics":["Cracked Core","NeowsBlessing","StrikeDummy","Bottled Lightning","Ancient Tea Set","Pear","Runic Dome","Eternal Feather","Blue Candle","InkBottle","Omamori","Calling Bell","Art of War","Darkstone Periapt","Incense Burner"],"acts_visited":["Exordium","TheCity","TheBeyond"],"potions_floor_usage":[10,33],"damage_taken":[{"damage":0.0,"enemies":"Jaw Worm","floor":1.0,"turns":1.0},{"damage":0.0,"enemies":"Cultist","floor":2.0,"turns":1.0},{"damage":0.0,"enemies":"Small Slimes","floor":3.0,"turns":1.0},{"damage":8.0,"enemies":"3 Louse","floor":4.0,"turns":3.0},{"damage":28.0,"enemies":"3 Sentries","floor":6.0,"turns":9.0},{"damage":6.0,"enemies":"Blue Slaver","floor":7.0,"turns":3.0},{"damage":7.0,"enemies":"Gremlin Gang","floor":8.0,"turns":5.0},{"damage":8,"enemies":"Gremlin Nob","floor":10,"turns":3},{"damage":1,"enemies":"3 Louse","floor":11,"turns":3},{"damage":3,"enemies":"Lagavulin","floor":13,"turns":7},{"damage":0,"enemies":"Large Slime","floor":14,"turns":4},{"damage":26,"enemies":"Slime Boss","floor":16,"turns":10},{"damage":7,"enemies":"3 Byrds","floor":18,"turns":4},{"damage":19,"enemies":"2 Thieves","floor":19,"turns":2},{"damage":0,"enemies":"Gremlin Leader","floor":23,"turns":8},{"damage":21,"enemies":"Shelled Parasite and Fungi","floor":25,"turns":6},{"damage":0,"enemies":"Book of Stabbing","floor":30,"turns":4},{"damage":0,"enemies":"Cultist and Chosen","floor":31,"turns":3},{"damage":53,"enemies":"Automaton","floor":33,"turns":11},{"damage":12,"enemies":"3 Shapes","floor":35,"turns":4},{"damage":0,"enemies":"3 Darklings","floor":36,"turns":3},{"damage":7,"enemies":"Jaw Worm Horde","floor":37,"turns":3},{"damage":54,"enemies":"Transient","floor":38,"turns":6}],"seed_played":"6278644937101490113","potions_obtained":[{"floor":1.0,"key":"SkillPotion"},{"floor":3.0,"key":"BlessingOfTheForge"},{"floor":4.0,"key":"SteroidPotion"},{"floor":8.0,"key":"PotionOfCapacity"},{"floor":13,"key":"LiquidMemories"},{"floor":33,"key":"LiquidBronze"}],"is_trial":false,"path_per_floor":["M","M","M","M","?","E","M","M","T","E","M","R","E","M","R","B",null,"M","M","$","?","?","E","R","M","T","R","$","R","E","M","R","B",null,"M","M","M","M"],"character_chosen":"DEFECT","items_purchased":["Eternal Feather"],"campfire_rested":1,"item_purchase_floors":[20],"current_hp_per_floor":[64,64,64,56,56,28,22,15,15,7,6,27,34,34,34,8,63,56,37,37,37,37,37,49,28,28,40,40,52,52,52,64,11,64,52,52,45,0,0],"gold":163,"neow_bonus":"THREE_ENEMY_KILL","is_daily":false,"chose_seed":false,"campfire_upgraded":5,"win_rate":0.0,"timestamp":1608120785,"path_taken":["M","M","M","M","?","E","M","?","T","E","M","R","E","M","R","BOSS","M","M","$","?","?","E","R","M","T","R","?","R","E","M","R","BOSS","M","M","?","M"],"items_purchased_type":["Relic"],"build_version":"2020-12-13","purchased_purges":2,"victory":false,"max_hp_per_floor":[71,71,71,71,71,71,71,71,71,71,71,71,81,81,81,81,81,81,81,81,81,81,81,81,81,81,81,81,81,81,81,81,81,81,81,81,81,81,81],"relic_stats":{"Darkstone Periapt":0,"counters":[23,104],"Blue Candle":[0],"Eternal Feather":48,"Art of War":[3],"obtain_stats":[{"Darkstone Periapt":34,"Pear":13,"NeowsBlessing":0,"Blue Candle":23,"Eternal Feather":20,"Omamori":30,"Incense Burner":34,"Ancient Tea Set":10,"Calling Bell":34,"Runic Dome":17,"Art of War":34,"Bottled Lightning":9,"Cracked Core":0,"StrikeDummy":6,"InkBottle":26},{"Darkstone Periapt":19,"Pear":10,"NeowsBlessing":0,"Blue Candle":15,"Eternal Feather":14,"Omamori":17,"Incense Burner":19,"Ancient Tea Set":8,"Calling Bell":19,"Runic Dome":12,"Art of War":19,"Bottled Lightning":7,"Cracked Core":0,"StrikeDummy":5,"InkBottle":16},{"Darkstone Periapt":88,"Pear":36,"NeowsBlessing":0,"Blue Candle":64,"Eternal Feather":56,"Omamori":74,"Incense Burner":88,"Ancient Tea Set":26,"Calling Bell":88,"Runic Dome":50,"Art of War":88,"Bottled Lightning":23,"Cracked Core":0,"StrikeDummy":15,"InkBottle":70}],"InkBottle":[13]},"card_choices":[{"not_picked":["Loop","Beam Cell"],"picked":"Sunder","floor":1.0},{"not_picked":["Glacier","Barrage"],"picked":"Genetic Algorithm","floor":2.0},{"not_picked":["Coolheaded","Steam"],"picked":"Conserve Battery","floor":3.0},{"not_picked":["Tempest","Gash"],"picked":"Hologram","floor":4.0},{"not_picked":["Turbo","Stack"],"picked":"Reboot","floor":6.0},{"not_picked":["Consume","Barrage"],"picked":"Go for the Eyes","floor":7.0},{"not_picked":["Force Field","Heatsinks","Lockon"],"picked":"SKIP","floor":8.0},{"not_picked":["Streamline","Heatsinks","Multi-Cast"],"picked":"SKIP","floor":10},{"not_picked":["Redo","Compile Driver"],"picked":"White Noise","floor":11},{"not_picked":["Lockon","Scrape"],"picked":"Cold Snap","floor":13},{"not_picked":["Streamline","Conserve Battery","Consume"],"picked":"SKIP","floor":14},{"not_picked":["Creative AI","All For One"],"picked":"Electrodynamics","floor":16},{"not_picked":["Beam Cell","Blizzard"],"picked":"Leap","floor":18},{"not_picked":["Reprogram+1","Barrage"],"picked":"Doom and Gloom+1","floor":19},{"not_picked":["Gash+1","BootSequence"],"picked":"Undo+1","floor":23},{"not_picked":["Hologram","Compile Driver","Turbo"],"picked":"SKIP","floor":25},{"not_picked":["Sweeping Beam+1","Darkness","Redo+1"],"picked":"SKIP","floor":30},{"not_picked":["Double Energy","Undo"],"picked":"Capacitor","floor":31},{"not_picked":["Amplify","Machine Learning"],"picked":"Echo Form","floor":33},{"not_picked":["FTL","Ball Lightning+1"],"picked":"Loop","floor":35},{"not_picked":["Double Energy","Gash","Cold Snap+1"],"picked":"SKIP","floor":36},{"not_picked":["Aggregate","Cold Snap"],"picked":"Recycle","floor":37}],"player_experience":946781,"relics_obtained":[{"floor":6.0,"key":"StrikeDummy"},{"floor":9.0,"key":"Bottled Lightning"},{"floor":10,"key":"Ancient Tea Set"},{"floor":13,"key":"Pear"},{"floor":23,"key":"Blue Candle"},{"floor":26,"key":"InkBottle"},{"floor":30,"key":"Omamori"},{"floor":34,"key":"Art of War"},{"floor":34,"key":"Darkstone Periapt"},{"floor":34,"key":"Incense Burner"}],"event_choices":[{"cards_removed":["Strike_B"],"damage_healed":0.0,"max_hp_gain":0.0,"max_hp_loss":0.0,"gold_gain":0.0,"event_name":"Bonfire Elementals","player_choice":"Offered Basic","floor":5.0,"gold_loss":0.0,"damage_taken":0.0},{"damage_healed":0,"gold_gain":0,"player_choice":"Ignored","damage_taken":0,"max_hp_gain":0,"max_hp_loss":0,"event_name":"Ghosts","floor":22,"gold_loss":0}],"is_beta":false,"boss_relics":[{"not_picked":["Tiny House","Ectoplasm"],"picked":"Runic Dome"},{"not_picked":["Coffee Dripper","Sozu"],"picked":"Calling Bell"}],"items_purged_floors":[20,28],"is_endless":false,"potions_floor_spawned":[1,3,4,8,13,16,25,30,31,33,36,37],"killed_by":"Transient","ascension_level":20}}