{"host":"fne7yx97fnz7kq05","time":1608143245,"event":{"mods":["BaseMod","Colored Map","Colored Powertips","Highlight Path","Minty Spire (QoL Compilation)","Relic Stats"],"gold_per_floor":[110,129,144,144,158,201,219,219,219,219,219],"floor_reached":10,"playtime":365,"items_purged":[],"score":88,"play_id":"f44bc806-8316-468d-a301-f198a2aa3e92","local_time":"20201216122725","is_ascension_mode":true,"campfire_choices":[{"floor":8,"key":"REST"}],"circlet_count":0,"master_deck":["Strike_R","Strike_R","Strike_R","Strike_R","Strike_R","Defend_R","Defend_R","Bash","Demon Form","Havoc","Cleave","Heavy Blade","Pommel Strike"],"relics":["Burning Blood","Golden Idol","Juzu Bracelet","Boot"],"acts_visited":["Exordium"],"potions_floor_usage":[7,7],"damage_taken":[{"damage":1,"enemies":"Cultist","floor":1,"turns":4},{"damage":0,"enemies":"Small Slimes","floor":2,"turns":3},{"damage":11,"enemies":"2 Louse","floor":3,"turns":3},{"damage":19,"enemies":"Gremlin Gang","floor":5,"turns":3},{"damage":20,"enemies":"Lagavulin","floor":6,"turns":5},{"damage":25,"enemies":"Large Slime","floor":7,"turns":5},{"damage":45,"enemies":"3 Sentries","floor":10,"turns":4}],"seed_played":"2903917283530966766","potions_obtained":[{"floor":1,"key":"Swift Potion"},{"floor":2,"key":"SkillPotion"},{"floor":5,"key":"GamblersBrew"},{"floor":6,"key":"ColorlessPotion"}],"is_trial":false,"path_per_floor":["M","M","M","?","M","E","M","R","T","E"],"character_chosen":"IRONCLAD","items_purchased":[],"campfire_rested":1,"item_purchase_floors":[],"current_hp_per_floor":[72,72,67,67,54,40,21,41,41,0,0],"gold":219,"neow_bonus":"TRANSFORM_TWO_CARDS","is_daily":false,"chose_seed":false,"campfire_upgraded":0,"win_rate":0.0,"timestamp":1608143245,"path_taken":["M","M","?","?","M","E","M","R","T","E"],"items_purchased_type":[],"build_version":"2020-12-13","purchased_purges":0,"victory":false,"max_hp_per_floor":[72,72,72,67,67,67,67,67,67,67,67],"relic_stats":{"counters":[7,27],"Golden Idol":16,"Juzu Bracelet":0,"Boot":[0],"obtain_stats":[{"Golden Idol":4,"Juzu Bracelet":6,"Boot":9,"Burning Blood":0},{"Golden Idol":3,"Juzu Bracelet":5,"Boot":6,"Burning Blood":0},{"Golden Idol":10,"Juzu Bracelet":18,"Boot":23,"Burning Blood":0}],"Burning Blood":25},"card_choices":[{"not_picked":["Burning Pact","Bloodletting"],"picked":"Cleave","floor":1},{"not_picked":["Evolve","Cleave","Dropkick"],"picked":"SKIP","floor":2},{"not_picked":["Wild Strike","Flex","Infernal Blade"],"picked":"SKIP","floor":3},{"not_picked":["Cleave","Sword Boomerang","Bloodletting"],"picked":"SKIP","floor":5},{"not_picked":["Metallicize","Flex"],"picked":"Heavy Blade","floor":6},{"not_picked":["Pummel","Dual Wield"],"picked":"Pommel Strike","floor":7}],"player_experience":31278,"relics_obtained":[{"floor":6,"key":"Juzu Bracelet"},{"floor":9,"key":"Boot"}],"event_choices":[{"damage_healed":0,"gold_gain":0,"player_choice":"Lose Max HP","damage_taken":0,"relics_obtained":["Golden Idol"],"max_hp_gain":0,"max_hp_loss":5,"event_name":"Golden Idol","floor":4,"gold_loss":0}],"is_beta":false,"boss_relics":[],"items_purged_floors":[],"is_endless":false,"potions_floor_spawned":[1,2,5,6],"killed_by":"3 Sentries","ascension_level":5}}