{"host":"cyh4fejqtcjbfr7k","time":1608095866,"event":{"mods":["2.2 Compatiblity","AchievementEnabler","BaseMod","Colored Map","Colored Powertips","DeckTracker","Downfall","Googly Eyes","Hubris","Infinite Spire","Minty Spire (QoL Compilation)","Replay The Spire","Shop Mod","StSLib","SuperFastMode","The Cursed","Unceasing Turn Reminder"],"gold_per_floor":[115,115,135,151,151,176,176,186,186,219,219,219,219,232,232,328,328,343,343,343,120,120,120,120],"floor_reached":23,"playtime":588,"items_purged":[],"score":227,"play_id":"83264f9d-4d71-4ad5-96e8-220005450918","local_time":"20201215221746","is_ascension_mode":true,"campfire_choices":[{"data":"Armaments","floor":7,"key":"SMITH"},{"floor":11,"key":"REST"},{"floor":13,"key":"REST"},{"floor":15,"key":"REST"}],"circlet_count":0,"master_deck":["Strike_R","Strike_R","Strike_R","Strike_R","Strike_R","Defend_R","Defend_R","Defend_R","Bash+1","Shrug It Off","Heavy Blade+1","Sword Boomerang","Inflame","Armaments+1","Ghostly Armor","Flex","Uppercut","Immolate","Thunderclap","Rampage"],"relics":["Burning Blood","ReplayTheSpireMod:Lightbulb","ReplayTheSpireMod:Ninjato","hubris:Towel","hubris:ScarierMask","MutagenicStrength","MealTicket"],"acts_visited":["Exordium","TheCity"],"potions_floor_usage":[16],"damage_taken":[{"damage":6,"enemies":"Jaw Worm","floor":1,"turns":6},{"damage":2,"enemies":"2 Louse","floor":3,"turns":3},{"damage":0,"enemies":"Cultist","floor":4,"turns":4},{"damage":16,"enemies":"Gremlin Nob","floor":6,"turns":3},{"damage":11,"enemies":"Looter","floor":8,"turns":3},{"damage":47,"enemies":"3 Sentries","floor":10,"turns":7},{"damage":16,"enemies":"2 Fungi Beasts","floor":14,"turns":3},{"damage":28,"enemies":"Slime Boss","floor":16,"turns":10},{"damage":30,"enemies":"3 Byrds","floor":18,"turns":6},{"damage":67,"enemies":"Gremlin Leader","floor":23,"turns":5}],"seed_played":"-4610868359623489395","potions_obtained":[{"floor":1,"key":"Languid Potion"},{"floor":4,"key":"Milkshake"},{"floor":14,"key":"EssenceOfSteel"}],"is_trial":false,"path_per_floor":["M","?","M","M","?","E","R","M","T","E","R","?","R","M","R","B",null,"M","?","?","$","?","E"],"character_chosen":"IRONCLAD","items_purchased":["MealTicket","Rampage"],"campfire_rested":3,"item_purchase_floors":[21,21],"current_hp_per_floor":[80,80,80,80,80,70,70,65,65,24,48,48,72,62,80,58,80,56,56,56,56,56,0,0],"gold":120,"neow_bonus":"UPGRADE_CARD","is_daily":false,"chose_seed":false,"campfire_upgraded":1,"win_rate":0.0,"timestamp":1608095866,"path_taken":["M","?","M","M","?","E","R","M","T","E","R","?","R","M","R","BOSS","M","?","?","$","?","E"],"items_purchased_type":["Relic","Card"],"build_version":"2020-12-13","purchased_purges":0,"victory":false,"max_hp_per_floor":[80,80,80,80,80,80,80,80,80,80,80,80,80,80,80,80,80,80,80,80,80,80,80,80],"card_choices":[{"not_picked":["Anger","Headbutt"],"picked":"Shrug It Off","floor":1},{"not_picked":["ReplayTheSpireMod:Muscle Training","Massacre"],"picked":"Sword Boomerang","floor":3},{"not_picked":["Entrench","Armaments"],"picked":"Inflame","floor":4},{"not_picked":["Eclipse","True Grit"],"picked":"Armaments","floor":6},{"not_picked":["Havoc","Burning Pact"],"picked":"Ghostly Armor","floor":8},{"not_picked":["Shrug It Off","Iron Wave"],"picked":"Flex","floor":10},{"not_picked":["Rage","Bludgeon"],"picked":"Uppercut","floor":14},{"not_picked":["Corruption","Exhume"],"picked":"Immolate","floor":16},{"not_picked":["Dual Wield","Run Through"],"picked":"Thunderclap","floor":18}],"player_experience":580060,"relics_obtained":[{"floor":6,"key":"ReplayTheSpireMod:Lightbulb"},{"floor":9,"key":"ReplayTheSpireMod:Ninjato"}],"event_choices":[{"damage_healed":0,"gold_gain":0,"player_choice":"Leave","damage_taken":0,"max_hp_gain":0,"max_hp_loss":0,"event_name":"The Cleric","floor":5,"gold_loss":0},{"damage_healed":0,"gold_gain":0,"player_choice":"Inject Mutagens","damage_taken":0,"relics_obtained":["MutagenicStrength"],"max_hp_gain":0,"max_hp_loss":0,"event_name":"Drug Dealer","floor":20,"gold_loss":0},{"damage_healed":0,"gold_gain":0,"player_choice":"Ignored","damage_taken":0,"max_hp_gain":0,"max_hp_loss":0,"event_name":"Purifier","floor":22,"gold_loss":0}],"is_beta":false,"boss_relics":[{"not_picked":["Coffee Dripper","Abe\u0027s Treasure"],"picked":"hubris:ScarierMask"}],"items_purged_floors":[],"is_endless":false,"potions_floor_spawned":[1,4,14],"killed_by":"Gremlin Leader","ascension_level":3}}