{"host":"9jgb0cghaqjt5w7m","time":1608142820,"event":{"mods":["2.2 Compatiblity","AchievementEnabler","BaseMod","DeckTracker","Keyboard Shortcuts","Koishi","Marisa£¨Ùöéë¡¡Øª×âÞÞ£©","Minty Spire (QoL Compilation)","Permanent Neow","Quick Restart","StSLib","everything is the same but u backflip on backflip"],"gold_per_floor":[10,10,10,25,39,67,67,94,118,131,141,141,141,158,158,258,258,271,286,385,404,432,432,458,476,502,502,602,615,317,334,334,437,437,455,120,120,134,151,151,183,183,206,206,225,225,10,25,25,25,25,25,25,59,59,59],"floor_reached":55,"playtime":4617,"items_purged":["Strike_B"],"score":788,"play_id":"8c10b974-756f-4aaa-a14f-00a565293ce2","local_time":"20201217032020","is_ascension_mode":true,"campfire_choices":[{"data":"Chaos","floor":7.0,"key":"SMITH"},{"floor":13.0,"key":"REST"},{"floor":15.0,"key":"REST"},{"data":"Defragment","floor":23.0,"key":"SMITH"},{"data":"Electrodynamics","floor":27.0,"key":"SMITH"},{"data":"Static Discharge","floor":32.0,"key":"SMITH"},{"floor":40,"key":"RECALL"},{"data":"Defragment","floor":42,"key":"SMITH"},{"data":"Biased Cognition","floor":46,"key":"SMITH"},{"data":"Redo","floor":49,"key":"SMITH"},{"data":"Zap","floor":52,"key":"SMITH"}],"circlet_count":0,"master_deck":["Strike_B+1","Defend_B","Defend_B","Defend_B","Defend_B","Zap+1","Dualcast","Chill","Chaos+1","Ball Lightning+1","Glacier","Redo","Redo","Defragment+1","Coolheaded","Core Surge+1","Stack","Redo+1","Redo+1","Chill+1","Self Repair+1","Electrodynamics+1","Coolheaded","Static Discharge+1","Genetic Algorithm","Biased Cognition+1","Steam+1","Ball Lightning","Echo Form","Zap+1","Defragment+1","Ball Lightning+1","Coolheaded+1","Multi-Cast","Barrage+1","Steam","Hologram+1","BootSequence"],"relics":["Cracked Core","CaptainsWheel","Toy Ornithopter","MealTicket","Bronze Scales","Nuclear Battery","Red Mask","Meat on the Bone","Blood Vial","Peace Pipe","Bottled Tornado","Vajra","Velvet Choker","Whetstone","Oddly Smooth Stone","Unceasing Top","The Courier","ClockworkSouvenir","Cables"],"acts_visited":["Exordium","TheCity","TheBeyond","TheEnding"],"potions_floor_usage":[50,50,55],"damage_taken":[{"damage":6.0,"enemies":"Jaw Worm","floor":1.0,"turns":4.0},{"damage":0.0,"enemies":"Small Slimes","floor":4.0,"turns":4.0},{"damage":0.0,"enemies":"Cultist","floor":5.0,"turns":4.0},{"damage":13.0,"enemies":"Lagavulin","floor":6.0,"turns":9.0},{"damage":30.0,"enemies":"Gremlin Nob","floor":8.0,"turns":5.0},{"damage":0.0,"enemies":"Exordium Wildlife","floor":10.0,"turns":2.0},{"damage":10.0,"enemies":"Looter","floor":11.0,"turns":3.0},{"damage":0.0,"enemies":"Large Slime","floor":14.0,"turns":4.0},{"damage":23.0,"enemies":"Slime Boss","floor":16.0,"turns":10.0},{"damage":3.0,"enemies":"3 Byrds","floor":18.0,"turns":4.0},{"damage":6.0,"enemies":"2 Thieves","floor":19.0,"turns":4.0},{"damage":10.0,"enemies":"Shelled Parasite and Fungi","floor":21.0,"turns":7.0},{"damage":12.0,"enemies":"Masked Bandits","floor":22.0,"turns":6.0},{"damage":48.0,"enemies":"Gremlin Leader","floor":24.0,"turns":11.0},{"damage":3.0,"enemies":"Centurion and Healer","floor":25.0,"turns":11.0},{"damage":0.0,"enemies":"Colosseum Slavers","floor":28.0,"turns":4.0},{"damage":25.0,"enemies":"Colosseum Nobs","floor":28.0,"turns":5.0},{"damage":0.0,"enemies":"Snecko","floor":29.0,"turns":4.0},{"damage":0.0,"enemies":"3 Cultists","floor":31.0,"turns":3.0},{"damage":54.0,"enemies":"Automaton","floor":33.0,"turns":9.0},{"damage":11.0,"enemies":"Orb Walker","floor":35.0,"turns":2.0},{"damage":0,"enemies":"3 Darklings","floor":38,"turns":2},{"damage":0,"enemies":"Sphere and 2 Shapes","floor":39,"turns":4},{"damage":13,"enemies":"Giant Head","floor":41,"turns":11},{"damage":0,"enemies":"Jaw Worm Horde","floor":45,"turns":3},{"damage":18,"enemies":"Maw","floor":48,"turns":7},{"damage":66,"enemies":"Time Eater","floor":50,"turns":9},{"damage":32,"enemies":"Shield and Spear","floor":54,"turns":6},{"damage":55,"enemies":"The Heart","floor":55,"turns":8}],"seed_played":"-5990113430061653813","potions_obtained":[{"floor":1.0,"key":"PowerPotion"},{"floor":5.0,"key":"PowerPotion"},{"floor":10.0,"key":"AttackPotion"},{"floor":14.0,"key":"PowerPotion"},{"floor":16.0,"key":"ColorlessPotion"},{"floor":18.0,"key":"Energy Potion"},{"floor":21.0,"key":"SmokeBomb"},{"floor":22.0,"key":"PowerPotion"},{"floor":29.0,"key":"Energy Potion"},{"floor":33.0,"key":"Explosive Potion"},{"floor":38,"key":"SteroidPotion"},{"floor":45,"key":"SkillPotion"},{"floor":54,"key":"ColorlessPotion"}],"is_trial":false,"path_per_floor":["M","?","?","M","M","E","R","E","T","M","M","?","R","M","R","B",null,"M","M","?","M","?","R","E","M","T","R","?","M","$","M","R","B",null,"M","$","?","M","M","R","E","R","T","T","M","R","$","M","R","B",null,"R","$","E","B"],"character_chosen":"DEFECT","items_purchased":["Static Discharge","Vajra","Whetstone","Ball Lightning","Oddly Smooth Stone","ClockworkSouvenir","Regen Potion","Steam"],"campfire_rested":2,"item_purchase_floors":[30,30,36,36,36,47,47,47],"current_hp_per_floor":[69,69,69,69,69,56,56,26,26,26,16,1,23,28,50,32,75,72,71,71,66,54,54,16,35,35,35,48,60,75,75,75,38,75,64,75,75,75,75,75,72,72,72,72,74,74,75,57,57,30,75,75,75,43,0,0],"gold":59,"neow_bonus":"ONE_RARE_RELIC","is_daily":false,"chose_seed":false,"campfire_upgraded":8,"win_rate":0.0,"timestamp":1608142820,"path_taken":["M","?","?","M","M","E","R","E","T","M","?","?","R","M","R","BOSS","M","M","?","M","?","R","E","M","T","R","?","?","$","M","R","BOSS","M","$","?","?","?","R","E","R","T","?","M","R","$","M","R","BOSS","R","$","E","BOSS"],"items_purchased_type":["Card","Relic","Relic","Card","Relic","Relic","Potion","Card"],"build_version":"2020-12-13","purchased_purges":1,"victory":false,"max_hp_per_floor":[75,75,75,75,75,75,75,75,75,75,75,75,75,75,75,75,75,75,75,75,75,75,75,75,75,75,75,75,75,75,75,75,75,75,75,75,75,75,75,75,75,75,75,75,75,75,75,75,75,75,75,75,75,75,75,75],"card_choices":[{"not_picked":["Fusion","Stack"],"picked":"Chill","floor":1.0},{"not_picked":["Beam Cell","Recycle"],"picked":"Ball Lightning","floor":4.0},{"not_picked":["Doom and Gloom","Leap"],"picked":"Glacier","floor":5.0},{"not_picked":["All For One","Melter"],"picked":"Redo","floor":6.0},{"not_picked":["Sweeping Beam","Skim"],"picked":"Redo","floor":8.0},{"not_picked":["Redo","Fusion"],"picked":"Defragment","floor":10.0},{"not_picked":["Sweeping Beam","Streamline","Compile Driver"],"picked":"SKIP","floor":11.0},{"not_picked":["Sweeping Beam","Blizzard"],"picked":"Coolheaded","floor":14.0},{"not_picked":["Fission","Hyperbeam"],"picked":"Core Surge","floor":16.0},{"not_picked":["Cold Snap","Beam Cell"],"picked":"Stack","floor":18.0},{"not_picked":["Beam Cell","Sweeping Beam"],"picked":"Redo+1","floor":19.0},{"not_picked":["Compile Driver","Fusion+1"],"picked":"Redo","floor":21.0},{"not_picked":["Rebound+1","Hologram+1"],"picked":"Chill+1","floor":22.0},{"not_picked":["Darkness","Ball Lightning"],"picked":"Self Repair+1","floor":24.0},{"not_picked":["Chaos","Cold Snap+1"],"picked":"Electrodynamics","floor":25.0},{"not_picked":["Rebound","Conserve Battery"],"picked":"Coolheaded","floor":28.0},{"not_picked":["Gash+1","Beam Cell+1","Rebound"],"picked":"SKIP","floor":29.0},{"not_picked":["Sweeping Beam+1","Creative AI"],"picked":"Genetic Algorithm","floor":31.0},{"not_picked":["All For One","Reboot"],"picked":"Biased Cognition","floor":33.0},{"not_picked":["Barrage+1","Turbo"],"picked":"Steam+1","floor":35.0},{"not_picked":["Chaos+1","Barrage+1"],"picked":"Ball Lightning+1","floor":38},{"not_picked":["BootSequence","Turbo"],"picked":"Coolheaded+1","floor":39},{"not_picked":["FTL","Gash+1"],"picked":"Multi-Cast","floor":41},{"not_picked":["Turbo+1","Genetic Algorithm+1"],"picked":"Barrage+1","floor":45},{"not_picked":["Tempest","Ball Lightning"],"picked":"Hologram+1","floor":48},{"not_picked":["Storm+1","Beam Cell"],"picked":"BootSequence","floor":54}],"player_experience":211356,"relics_obtained":[{"floor":6.0,"key":"Toy Ornithopter"},{"floor":8.0,"key":"MealTicket"},{"floor":9.0,"key":"Bronze Scales"},{"floor":22.0,"key":"Red Mask"},{"floor":24.0,"key":"Meat on the Bone"},{"floor":26.0,"key":"Blood Vial"},{"floor":28.0,"key":"Peace Pipe"},{"floor":28.0,"key":"Bottled Tornado"},{"floor":41,"key":"Unceasing Top"},{"floor":44,"key":"The Courier"},{"floor":54,"key":"Cables"}],"event_choices":[{"damage_healed":0.0,"max_hp_gain":0.0,"max_hp_loss":0.0,"gold_gain":0.0,"cards_transformed":["Strike_B"],"event_name":"Living Wall","player_choice":"Change","floor":2.0,"gold_loss":0.0,"damage_taken":0.0,"cards_obtained":["Chaos"]},{"cards_removed":["Strike_B"],"damage_healed":0.0,"max_hp_gain":0.0,"max_hp_loss":0.0,"gold_gain":0.0,"event_name":"Purifier","player_choice":"Purged","floor":3.0,"gold_loss":0.0,"damage_taken":0.0},{"damage_healed":0.0,"max_hp_gain":0.0,"max_hp_loss":0.0,"gold_gain":0.0,"event_name":"Shining Light","player_choice":"Entered Light","floor":12.0,"gold_loss":0.0,"damage_taken":15.0,"cards_upgraded":["Strike_B","Zap"]},{"damage_healed":0.0,"max_hp_gain":0.0,"max_hp_loss":0.0,"gold_gain":99.0,"event_name":"Nest","player_choice":"Stole From Cult","floor":20.0,"gold_loss":0.0,"damage_taken":0.0},{"damage_healed":0.0,"max_hp_gain":0.0,"max_hp_loss":0.0,"gold_gain":0.0,"event_name":"Masked Bandits","player_choice":"Fought Bandits","floor":22.0,"gold_loss":0.0,"damage_taken":0.0},{"damage_healed":0.0,"max_hp_gain":0.0,"max_hp_loss":0.0,"gold_gain":0.0,"event_name":"Colosseum","player_choice":"Fight","floor":28.0,"gold_loss":0.0,"damage_taken":0.0},{"damage_healed":0.0,"max_hp_gain":0.0,"max_hp_loss":0.0,"gold_gain":0.0,"event_name":"Colosseum","player_choice":"Fought Nobs","floor":28.0,"gold_loss":0.0,"damage_taken":0.0},{"damage_healed":0,"gold_gain":0,"player_choice":"3 cards matched","damage_taken":0,"max_hp_gain":0,"max_hp_loss":0,"event_name":"Match and Keep!","floor":37,"gold_loss":0,"cards_obtained":["Echo Form","Zap","Defragment"]}],"is_beta":false,"boss_relics":[{"not_picked":["Fusion Hammer","Sozu"],"picked":"Nuclear Battery"},{"not_picked":["Black Star","Coffee Dripper"],"picked":"Velvet Choker"}],"items_purged_floors":[30],"is_endless":false,"potions_floor_spawned":[1,5,10,14,16,18,21,22,29,33,38,41,45,54],"killed_by":"The Heart","ascension_level":1}}