{"host":"nox","time":1608094632,"event":{"mods":["BaseMod","Colored Powertips","Minty Spire (QoL Compilation)","Quick Restart","Replay The Spire","StSLib"],"gold_per_floor":[114,56,76,76,91,126,126,154,154,166,166,194,209,229,229,331,331,342,352,11,11,28,28,28],"floor_reached":23,"playtime":920,"items_purged":["Strike_B"],"score":256,"play_id":"ee62109f-8ef2-4f2b-b8e4-e555f7465119","local_time":"20201216115712","is_ascension_mode":true,"campfire_choices":[{"floor":7,"key":"REST"},{"floor":11,"key":"REST"},{"floor":15,"key":"REST"}],"circlet_count":0,"master_deck":["Strike_B","Strike_B","Strike_B","Defend_B","Defend_B","Defend_B","Defend_B","Zap","Dualcast","Defragment+1","Gash","Loop","ReplayUltimateDefense","Crystallizer","Reboot"],"relics":["Fusion Hammer","ReplayTheSpireMod:TigerMarble","Turnip","Bird Faced Urn","Velvet Choker","Prayer Wheel","BargainBundle"],"acts_visited":["Exordium","TheCity"],"potions_floor_usage":[6,12,12,13,16,23],"damage_taken":[{"damage":1,"enemies":"Cultist","floor":1,"turns":4},{"damage":12,"enemies":"Small Slimes","floor":3,"turns":2},{"damage":9,"enemies":"Jaw Worm","floor":5,"turns":3},{"damage":35,"enemies":"3 Sentries","floor":6,"turns":14},{"damage":18,"enemies":"Gremlin Nob","floor":8,"turns":4},{"damage":11,"enemies":"Looter","floor":10,"turns":3},{"damage":30,"enemies":"3 Sentries","floor":12,"turns":8},{"damage":0,"enemies":"3 Louse","floor":13,"turns":3},{"damage":4,"enemies":"Red Slaver","floor":14,"turns":3},{"damage":16,"enemies":"Slime Boss","floor":16,"turns":7},{"damage":22,"enemies":"Chosen","floor":18,"turns":5},{"damage":37,"enemies":"2 Thieves","floor":19,"turns":3},{"damage":27,"enemies":"Centurion and Healer","floor":22,"turns":11},{"damage":18,"enemies":"Slavers","floor":23,"turns":2}],"seed_played":"-598379619306112285","potions_obtained":[{"floor":3,"key":"SteroidPotion"},{"floor":6,"key":"CultistPotion"},{"floor":10,"key":"Fire Potion"},{"floor":12,"key":"SkillPotion"},{"floor":14,"key":"Adrenaline Potion"},{"floor":18,"key":"Flashbang"}],"is_trial":false,"path_per_floor":["M","$","M","$","M","E","R","E","T","M","R","E","M","M","R","B",null,"M","M","$","?","M","E"],"character_chosen":"DEFECT","items_purchased":["Defragment+1","BargainBundle","ReplayUltimateDefense","Crystallizer","Reboot","Strength Potion","Strength Potion"],"campfire_rested":3,"item_purchase_floors":[2,20,20,20,20,20,20],"current_hp_per_floor":[74,74,62,62,53,18,40,22,22,11,33,3,5,3,25,11,75,55,24,24,24,5,0,0],"gold":28,"neow_bonus":"BOSS_RELIC","is_daily":false,"chose_seed":false,"campfire_upgraded":0,"win_rate":0.0,"timestamp":1608094632,"path_taken":["M","$","M","$","M","E","R","E","T","M","R","E","M","M","R","BOSS","M","M","$","?","M","E"],"items_purchased_type":["Card","Relic","Card","Card","Card","Potion","Potion"],"build_version":"2020-11-17","purchased_purges":1,"victory":false,"max_hp_per_floor":[75,75,75,75,75,75,75,75,75,75,75,75,75,75,75,75,75,75,75,75,75,75,75,75],"card_choices":[{"not_picked":["Turbo","BootSequence","Stack"],"picked":"SKIP","floor":1},{"not_picked":["Panic Button","Force Field","Turbo"],"picked":"SKIP","floor":3},{"not_picked":["Doom and Gloom","Compile Driver","Hello World"],"picked":"SKIP","floor":5},{"not_picked":["Reprogram","Panic Button","Multi-Cast"],"picked":"SKIP","floor":6},{"not_picked":["Biased Cognition","Darkness","Chill"],"picked":"SKIP","floor":8},{"not_picked":["Steam","Reprogram","Doom and Gloom"],"picked":"SKIP","floor":10},{"not_picked":["ReplaySolidLightProjector","Panic Button","Time Bomb"],"picked":"SKIP","floor":12},{"not_picked":["ReplayTheSpireMod:GoodbyeWorld","Skim","Rebound"],"picked":"SKIP","floor":13},{"not_picked":["Melter","Compile Driver"],"picked":"Gash","floor":14},{"not_picked":["Seek","Amplify"],"picked":"ReplayTheSpireMod:Fabricate Wheel","floor":16},{"not_picked":["Hologram","Glacier"],"picked":"Loop","floor":18},{"not_picked":["Turbo","Steam","Panic Button"],"picked":"SKIP","floor":18},{"not_picked":["Compile Driver+1","Stack","Ball Lightning+1"],"picked":"SKIP","floor":19},{"not_picked":["Chaos+1","Barrage","Hologram"],"picked":"SKIP","floor":19},{"not_picked":["Time Bomb+1","Double Energy","Skim"],"picked":"SKIP","floor":22},{"not_picked":["Streamline+1","Chill","Scrape"],"picked":"SKIP","floor":22}],"player_experience":121722,"relics_obtained":[{"floor":6,"key":"ReplayTheSpireMod:TigerMarble"},{"floor":8,"key":"Turnip"},{"floor":12,"key":"Bird Faced Urn"}],"event_choices":[],"is_beta":true,"boss_relics":[{"not_picked":["Coffee Dripper","Runic Dome"],"picked":"Velvet Choker"}],"items_purged_floors":[20],"is_endless":false,"potions_floor_spawned":[3,6,10,12,14,18],"killed_by":"Slavers","ascension_level":4}}