{"host":"2brg86hfzr3u5cix","time":1608135039,"event":{"mods":["AchievementEnabler","Ascension Unlocker","BaseMod","CapriCore","DeckTracker","Hermit","Highlight Path","Keyboard Shortcuts","Minty Spire (QoL Compilation)","Permanent Neow","Relic Stats","Replay The Spire","StSLib","The Cursed","Twitch Utils","Uncapped","UnlockEverythingMod"],"gold_per_floor":[109,8,8,29,129,129,165,165,165,165,165,165],"floor_reached":11,"playtime":273,"items_purged":[],"score":138,"play_id":"df20985a-dd5d-4e53-ab9f-f7be2257aa2a","local_time":"20201217011039","is_ascension_mode":true,"campfire_choices":[{"data":"Zap","floor":6,"key":"SMITH"},{"floor":8,"key":"REST"},{"floor":10,"key":"REST"}],"circlet_count":0,"master_deck":["AscendersBane","Strike_B","Strike_B","Strike_B","Defend_B","Defend_B","Defend_B","Defend_B","Zap+1","Dualcast","Gash","Gash","FTL","Hologram"],"relics":["Cracked Core","Golden Idol","Oddly Smooth Stone","Ornamental Fan"],"acts_visited":["Exordium"],"potions_floor_usage":[7,7],"damage_taken":[{"damage":7,"enemies":"Small Slimes","floor":1,"turns":3},{"damage":1,"enemies":"Cultist","floor":4,"turns":3},{"damage":24,"enemies":"Lagavulin","floor":7,"turns":6},{"damage":64,"enemies":"Gremlin Nob","floor":11,"turns":4}],"seed_played":"2048898872819686037","potions_obtained":[{"floor":1,"key":"ColorlessPotion"},{"floor":4,"key":"Flashbang"}],"is_trial":false,"path_per_floor":["M","$","?","M","?","R","E","R","T","R","E"],"character_chosen":"DEFECT","items_purchased":["Gash","FTL"],"campfire_rested":2,"item_purchase_floors":[2,2],"current_hp_per_floor":[57,57,33,32,32,32,8,29,29,50,0,0],"gold":165,"neow_bonus":"TRANSFORM_CARD","is_daily":false,"chose_seed":false,"campfire_upgraded":1,"win_rate":0.0,"timestamp":1608135039,"path_taken":["M","$","?","M","?","R","E","R","T","R","E"],"items_purchased_type":["Card","Card"],"build_version":"2020-12-13","purchased_purges":0,"victory":false,"max_hp_per_floor":[71,71,71,71,71,71,71,71,71,71,71,71],"relic_stats":{"counters":[4,16],"Golden Idol":11,"Ornamental Fan":[4],"obtain_stats":[{"Golden Idol":3,"Ornamental Fan":9,"Oddly Smooth Stone":7,"Cracked Core":0},{"Golden Idol":1,"Ornamental Fan":3,"Oddly Smooth Stone":3,"Cracked Core":0},{"Golden Idol":3,"Ornamental Fan":12,"Oddly Smooth Stone":12,"Cracked Core":0}]},"card_choices":[{"not_picked":["Genetic Algorithm","Stack","Conserve Battery"],"picked":"SKIP","floor":1},{"not_picked":["Steam","Redo","Consume"],"picked":"SKIP","floor":4},{"not_picked":["Rebound","Steam"],"picked":"Hologram","floor":7}],"player_experience":341052,"relics_obtained":[{"floor":7,"key":"Oddly Smooth Stone"},{"floor":9,"key":"Ornamental Fan"}],"event_choices":[{"damage_healed":0,"gold_gain":0,"player_choice":"Take Damage","damage_taken":24,"relics_obtained":["Golden Idol"],"max_hp_gain":0,"max_hp_loss":0,"event_name":"Golden Idol","floor":3,"gold_loss":0},{"damage_healed":0,"gold_gain":100,"player_choice":"Gold","damage_taken":0,"max_hp_gain":0,"max_hp_loss":0,"event_name":"Wheel of Change","floor":5,"gold_loss":0}],"is_beta":false,"boss_relics":[],"items_purged_floors":[],"is_endless":false,"potions_floor_spawned":[1,4],"killed_by":"Gremlin Nob","ascension_level":20}}