{"host":"m6aaltr68g9tvoay","time":1608093161,"event":{"mods":["AchievementEnabler","BaseMod","Colored Map","Minty Spire (QoL Compilation)","StSLib"],"gold_per_floor":[116,131,23,23,0,0,15,15,15,15,31,71,71,87,87,180,180,175,219,219,219,144,144,165,165,189,204,220,220,51,67,67,67,67],"floor_reached":33,"playtime":1018,"items_purged":[],"score":445,"play_id":"683fedd0-f570-4032-a354-e89a5e1499bd","local_time":"20201215203241","is_ascension_mode":true,"campfire_choices":[{"data":"Melter","floor":6,"key":"SMITH"},{"floor":13,"key":"REST"},{"floor":15,"key":"REST"},{"floor":23,"key":"REST"},{"floor":29,"key":"REST"},{"floor":32,"key":"REST"}],"circlet_count":0,"master_deck":["AscendersBane","Strike_B","Strike_B","Strike_B","Strike_B","Defend_B","Defend_B","Defend_B","Defend_B","Zap","Dualcast","Streamline","Melter+1","Ball Lightning","Rebound","Auto Shields","Seek","Electrodynamics","Ball Lightning","Ball Lightning+1","Reinforced Body","Double Energy"],"relics":["FrozenCore","Matryoshka","Golden Idol","Bottled Lightning","Red Mask","Art of War","Tiny Chest","Chemical X"],"acts_visited":["TheCity"],"potions_floor_usage":[2,16,18,33],"damage_taken":[{"damage":1,"enemies":"Cultist","floor":1,"turns":3},{"damage":0,"enemies":"2 Louse","floor":2,"turns":2},{"damage":0,"enemies":"Small Slimes","floor":4,"turns":2},{"damage":13,"enemies":"Blue Slaver","floor":7,"turns":4},{"damage":21,"enemies":"Exordium Thugs","floor":11,"turns":4},{"damage":30,"enemies":"3 Sentries","floor":12,"turns":7},{"damage":0,"enemies":"Large Slime","floor":14,"turns":4},{"damage":57,"enemies":"The Guardian","floor":16,"turns":12},{"damage":27,"enemies":"2 Thieves","floor":18,"turns":4},{"damage":34,"enemies":"Masked Bandits","floor":19,"turns":5},{"damage":7,"enemies":"Chosen","floor":24,"turns":4},{"damage":44,"enemies":"Shelled Parasite and Fungi","floor":27,"turns":5},{"damage":0,"enemies":"Sentry and Sphere","floor":28,"turns":3},{"damage":1,"enemies":"Cultist and Chosen","floor":31,"turns":6},{"damage":96,"enemies":"Collector","floor":33,"turns":11}],"seed_played":"-6754971622963042417","potions_obtained":[{"floor":1,"key":"Fire Potion"},{"floor":2,"key":"LiquidMemories"},{"floor":11,"key":"SmokeBomb"},{"floor":16,"key":"Fruit Juice"},{"floor":27,"key":"SpeedPotion"},{"floor":28,"key":"EssenceOfDarkness"}],"is_trial":false,"path_per_floor":["M","M","$","M","?","R","M","?","T","?","M","E","R","M","R","B",null,"M","?","?","?","?","R","M","?","T","M","M","R","$","M","R","B"],"character_chosen":"DEFECT","items_purchased":["Melter","Ball Lightning","Chemical X"],"campfire_rested":5,"item_purchase_floors":[3,3,30],"current_hp_per_floor":[70,70,70,70,70,70,57,62,62,62,41,11,35,35,59,2,63,41,7,7,7,7,33,26,88,88,44,44,70,70,69,88,0,0],"gold":67,"neow_bonus":"TEN_PERCENT_HP_BONUS","is_daily":false,"chose_seed":false,"campfire_upgraded":1,"win_rate":0.0,"timestamp":1608093161,"path_taken":["M","M","$","?","?","R","M","?","T","?","?","E","R","M","R","BOSS","M","?","?","?","?","R","M","?","T","?","M","R","$","M","R","BOSS"],"items_purchased_type":["Card","Card","Relic"],"build_version":"2020-12-13","purchased_purges":0,"victory":false,"max_hp_per_floor":[78,78,78,78,78,78,78,83,83,83,83,83,83,83,83,83,83,88,88,88,88,88,88,88,88,88,88,88,88,88,88,88,88,88],"card_choices":[{"not_picked":["Scrape","Hologram","Steam"],"picked":"SKIP","floor":1},{"not_picked":["Heatsinks","Redo"],"picked":"Streamline","floor":2},{"not_picked":["Melter","Rebound","Steam Power"],"picked":"SKIP","floor":4},{"not_picked":["Compile Driver","Streamline"],"picked":"Rebound","floor":7},{"not_picked":["Barrage","Lockon"],"picked":"Auto Shields","floor":11},{"not_picked":["Beam Cell","Blizzard"],"picked":"Seek","floor":12},{"not_picked":["Undo","Force Field","Sweeping Beam"],"picked":"SKIP","floor":14},{"not_picked":["Core Surge","Hyperbeam"],"picked":"Electrodynamics","floor":16},{"not_picked":["Turbo+1","Compile Driver"],"picked":"Lockon","floor":18},{"not_picked":["Stack","Undo"],"picked":"Ball Lightning","floor":19},{"not_picked":["Skim","Beam Cell"],"picked":"Ball Lightning+1","floor":24},{"not_picked":["Force Field","Machine Learning"],"picked":"Reinforced Body","floor":27},{"not_picked":["Stack","Cold Snap","Reprogram"],"picked":"SKIP","floor":28},{"not_picked":["Coolheaded","Compile Driver+1"],"picked":"Double Energy","floor":31}],"player_experience":1240975,"relics_obtained":[{"floor":9,"key":"Matryoshka"},{"floor":12,"key":"Bottled Lightning"},{"floor":19,"key":"Red Mask"},{"floor":26,"key":"Art of War"},{"floor":26,"key":"Tiny Chest"}],"event_choices":[{"damage_healed":0,"gold_gain":0,"player_choice":"Left Gold","damage_taken":0,"max_hp_gain":0,"max_hp_loss":0,"event_name":"World of Goop","floor":5,"gold_loss":23},{"damage_healed":0,"gold_gain":0,"player_choice":"Donut","damage_taken":0,"max_hp_gain":5,"max_hp_loss":0,"event_name":"Big Fish","floor":8,"gold_loss":0},{"damage_healed":0,"gold_gain":0,"player_choice":"Take Wound","damage_taken":0,"relics_obtained":["Golden Idol"],"max_hp_gain":0,"max_hp_loss":0,"event_name":"Golden Idol","floor":10,"gold_loss":0,"cards_obtained":["Injury"]},{"damage_healed":0,"gold_gain":0,"player_choice":"Fought Bandits","damage_taken":0,"max_hp_gain":0,"max_hp_loss":0,"event_name":"Masked Bandits","floor":19,"gold_loss":0},{"damage_healed":0,"gold_gain":0,"player_choice":"Ignored","damage_taken":0,"max_hp_gain":0,"max_hp_loss":0,"event_name":"Cursed Tome","floor":20,"gold_loss":0},{"damage_healed":0,"gold_gain":0,"player_choice":"Ignored","damage_taken":0,"max_hp_gain":0,"max_hp_loss":0,"event_name":"Ghosts","floor":21,"gold_loss":0},{"cards_removed":["Injury"],"damage_healed":0,"gold_gain":0,"player_choice":"Gave Gold","damage_taken":0,"max_hp_gain":0,"max_hp_loss":0,"event_name":"Beggar","floor":22,"gold_loss":75},{"cards_removed":["Lockon"],"damage_healed":62,"gold_gain":0,"player_choice":"Offered Uncommon","damage_taken":0,"max_hp_gain":0,"max_hp_loss":0,"event_name":"Bonfire Elementals","floor":25,"gold_loss":0}],"is_beta":false,"boss_relics":[{"not_picked":["Snecko Eye","Velvet Choker"],"picked":"FrozenCore"}],"items_purged_floors":[],"is_endless":false,"potions_floor_spawned":[1,2,11,12,16,27,28,31],"killed_by":"Collector","ascension_level":16}}