{"host":"kh6fvhxn285ncg0o","time":1608133539,"event":{"mods":["Act Like it!","BaseMod","Colored Map","Friendly Minions","Keyboard Shortcuts","Minty Spire (QoL Compilation)","Quick Restart","Relic Stats","StSLib","SuperFastMode"],"gold_per_floor":[109,129,129,129,129,159,159,190,217,64,78,92,92,167,167,244,244,256,256,272,187,203,203,237,237,237,256,181,76,76,87,87,161,161,175,175,187,206,206,237,251,280,306,306,334,234,269,294,294,294,294,294,294,1,29,29],"floor_reached":57,"playtime":2452,"items_purged":["Pain","Blood for Blood+1","Warcry"],"score":3202,"play_id":"519b1c0c-1c51-4fda-9efc-902c3a389bb2","local_time":"20201217004539","is_ascension_mode":true,"campfire_choices":[{"floor":7,"key":"REST"},{"floor":15,"key":"REST"},{"data":"Writhe","floor":23,"key":"PURGE"},{"data":"Perfected Strike","floor":25,"key":"PURGE"},{"data":"Rampage","floor":30,"key":"PURGE"},{"data":"Evolve","floor":32,"key":"SMITH"},{"data":"Sentinel","floor":44,"key":"PURGE"},{"floor":49,"key":"RECALL"},{"data":"Pommel Strike","floor":53,"key":"PURGE"}],"circlet_count":0,"master_deck":["AscendersBane","Second Wind+1","Feel No Pain","Evolve+1","Reckless Charge","Offering","Power Through","Seeing Red","Rage","Reaper","Deep Breath","Shockwave","Spot Weakness+1","Battle Trance+1","Dark Embrace+1","Pommel Strike+1"],"relics":["Runic Dome","WarpedTongs","Art of War","War Paint","Akabeko","Peace Pipe","Pandora\u0027s Box","Frozen Egg 2","Orichalcum","Red Mask","Astrolabe","Sundial","Charon\u0027s Ashes","Shuriken","Ancient Tea Set","Pen Nib","Molten Egg 2","CaptainsWheel","Toolbox","Centennial Puzzle"],"acts_visited":["Exordium","TheCity","TheBeyond","TheEnding"],"potions_floor_usage":[6,24,31,33,35,56,56],"damage_taken":[{"damage":7,"enemies":"Jaw Worm","floor":1,"turns":3},{"damage":0,"enemies":"2 Louse","floor":2,"turns":2},{"damage":20,"enemies":"3 Sentries","floor":6,"turns":9},{"damage":32,"enemies":"Lagavulin","floor":8,"turns":6},{"damage":0,"enemies":"Cultist","floor":11,"turns":2},{"damage":11,"enemies":"Exordium Thugs","floor":12,"turns":4},{"damage":12,"enemies":"Slime Boss","floor":16,"turns":9},{"damage":6,"enemies":"Spheric Guardian","floor":18,"turns":5},{"damage":6,"enemies":"Chosen","floor":20,"turns":3},{"damage":16,"enemies":"Snake Plant","floor":22,"turns":3},{"damage":11,"enemies":"Masked Bandits","floor":24,"turns":4},{"damage":6,"enemies":"Sentry and Sphere","floor":27,"turns":6},{"damage":0,"enemies":"Centurion and Healer","floor":31,"turns":7},{"damage":18,"enemies":"Collector","floor":33,"turns":10},{"damage":8,"enemies":"3 Shapes","floor":35,"turns":5},{"damage":7,"enemies":"3 Darklings","floor":37,"turns":5},{"damage":19,"enemies":"Spire Growth","floor":38,"turns":6},{"damage":35,"enemies":"Reptomancer","floor":40,"turns":7},{"damage":10,"enemies":"Writhing Mass","floor":41,"turns":3},{"damage":15,"enemies":"Nemesis","floor":42,"turns":5},{"damage":6,"enemies":"Giant Head","floor":45,"turns":5},{"damage":6,"enemies":"Reptomancer","floor":47,"turns":4},{"damage":6,"enemies":"Mind Bloom Boss Battle","floor":48,"turns":2},{"damage":6,"enemies":"Donu and Deca","floor":50,"turns":2},{"damage":7,"enemies":"Time Eater","floor":51,"turns":5},{"damage":6,"enemies":"Shield and Spear","floor":55,"turns":1},{"damage":6,"enemies":"The Heart","floor":56,"turns":4}],"seed_played":"2734936284031255980","potions_obtained":[{"floor":1,"key":"DuplicationPotion"},{"floor":6,"key":"Dexterity Potion"},{"floor":16,"key":"Fire Potion"},{"floor":24,"key":"Dexterity Potion"},{"floor":27,"key":"SkillPotion"},{"floor":33,"key":"LiquidMemories"},{"floor":38,"key":"LiquidBronze"},{"floor":42,"key":"FearPotion"},{"floor":47,"key":"Fire Potion"},{"floor":48,"key":"SpeedPotion"}],"is_trial":false,"path_per_floor":["M","M","?","?","?","E","R","E","T","$","M","M","T","?","R","B",null,"M","?","M","?","M","R","?","R","T","M","?","$","R","M","R","B",null,"M","?","M","M","?","E","M","E","T","R","E","$","E","?","R","B","B",null,"R","$","E","B",null],"character_chosen":"IRONCLAD","items_purchased":["Evolve","Deep Breath","Toolbox"],"campfire_rested":2,"item_purchase_floors":[10,29,54],"current_hp_per_floor":[61,61,61,54,54,34,56,24,24,24,24,13,13,2,24,12,59,53,53,47,47,31,31,20,20,20,14,14,14,14,20,20,19,61,75,75,69,56,56,46,49,46,46,46,70,70,75,75,75,69,68,73,73,73,75,75],"gold":29,"neow_bonus":"BOSS_RELIC","is_daily":false,"chose_seed":false,"campfire_upgraded":1,"win_rate":0.0,"timestamp":1608133539,"path_taken":["M","M","?","?","?","E","R","E","T","$","?","M","?","?","R","BOSS","M","?","M","?","M","R","?","R","T","M","?","$","R","M","R","BOSS","M","?","M","M","?","E","?","E","T","R","E","$","E","?","R","BOSS","BOSS","R","$","E","BOSS"],"items_purchased_type":["Card","Card","Relic"],"build_version":"2020-12-13","purchased_purges":3,"victory":true,"max_hp_per_floor":[75,75,75,75,75,75,75,75,75,75,75,75,75,75,75,75,75,75,75,75,75,75,75,75,75,75,75,75,75,75,75,75,75,75,75,75,75,75,75,75,75,75,75,75,75,75,75,75,75,75,75,75,75,75,75,75],"relic_stats":{"counters":[27,127],"Astrolabe":["Blood for Blood","Spot Weakness","Whirlwind"],"Charon\u0027s Ashes":[573],"Pen Nib":[11],"War Paint":["Defend_R","Second Wind"],"Orichalcum":[24],"WarpedTongs":[111],"Peace Pipe":7,"Centennial Puzzle":[3],"Sundial":[114],"Shuriken":[34],"Pandora\u0027s Box":["Sentinel","Offering","Perfected Strike","Rampage","Power Through","Warcry","Seeing Red","Sever Soul"],"Art of War":[7],"obtain_stats":[{"Astrolabe":34,"Charon\u0027s Ashes":40,"Pen Nib":45,"War Paint":8,"Frozen Egg 2":19,"Orichalcum":21,"Ancient Tea Set":43,"Burning Blood":0,"Akabeko":9,"WarpedTongs":5,"Peace Pipe":13,"Runic Dome":0,"CaptainsWheel":48,"Centennial Puzzle":55,"Sundial":39,"Shuriken":42,"Toolbox":54,"Pandora\u0027s Box":17,"Molten Egg 2":47,"Art of War":6,"Red Mask":24},{"Astrolabe":14,"Charon\u0027s Ashes":18,"Pen Nib":21,"War Paint":4,"Frozen Egg 2":8,"Orichalcum":9,"Ancient Tea Set":20,"Burning Blood":0,"Akabeko":4,"WarpedTongs":2,"Peace Pipe":6,"Runic Dome":0,"CaptainsWheel":23,"Centennial Puzzle":26,"Sundial":17,"Shuriken":20,"Toolbox":25,"Pandora\u0027s Box":7,"Molten Egg 2":22,"Art of War":3,"Red Mask":11},{"Astrolabe":73,"Charon\u0027s Ashes":96,"Pen Nib":109,"War Paint":20,"Frozen Egg 2":40,"Orichalcum":43,"Ancient Tea Set":104,"Burning Blood":0,"Akabeko":20,"WarpedTongs":5,"Peace Pipe":26,"Runic Dome":0,"CaptainsWheel":115,"Centennial Puzzle":123,"Sundial":89,"Shuriken":104,"Toolbox":122,"Pandora\u0027s Box":35,"Molten Egg 2":113,"Art of War":14,"Red Mask":50}]},"card_choices":[{"not_picked":["Headbutt","Infernal Blade"],"picked":"Second Wind","floor":1},{"not_picked":["True Grit","Wild Strike"],"picked":"Pommel Strike","floor":2},{"not_picked":["Armaments","Clash"],"picked":"Wild Strike","floor":6},{"not_picked":["Dual Wield","Thunderclap"],"picked":"Feel No Pain","floor":8},{"not_picked":["Sword Boomerang","Headbutt"],"picked":"Reckless Charge","floor":11},{"not_picked":["Rampage","Double Tap","Armaments"],"picked":"SKIP","floor":12},{"not_picked":["Infernal Blade","Evolve","Bloodletting+1"],"picked":"SKIP","floor":18},{"not_picked":["Inflame+1","Pommel Strike"],"picked":"True Grit+1","floor":20},{"not_picked":["Entrench","Armaments","Twin Strike"],"picked":"SKIP","floor":22},{"not_picked":["Entrench","Armaments","Twin Strike"],"picked":"SKIP","floor":22},{"not_picked":["Dropkick","Anger"],"picked":"Rage","floor":24},{"not_picked":["Shrug It Off","Warcry"],"picked":"Reaper","floor":27},{"not_picked":["Twin Strike","Flex"],"picked":"Shockwave","floor":31},{"not_picked":["Anger","Flex","Feel No Pain+1"],"picked":"SKIP","floor":35},{"not_picked":["Pommel Strike","Heavy Blade","Rupture+1"],"picked":"SKIP","floor":37},{"not_picked":["Dropkick+1","Flex+1"],"picked":"Battle Trance+1","floor":38},{"not_picked":["True Grit","Anger+1"],"picked":"Pommel Strike","floor":40},{"not_picked":["Sword Boomerang","Whirlwind","Perfected Strike"],"picked":"SKIP","floor":41},{"not_picked":["Limit Break","Ghostly Armor","Whirlwind"],"picked":"SKIP","floor":42},{"not_picked":["Anger+1","Fiend Fire","Infernal Blade"],"picked":"SKIP","floor":45},{"not_picked":["Spot Weakness","Searing Blow+1"],"picked":"Dark Embrace+1","floor":47},{"not_picked":["Iron Wave+1","Entrench+1"],"picked":"Pommel Strike+1","floor":55}],"player_experience":3198058,"relics_obtained":[{"floor":6,"key":"Art of War"},{"floor":8,"key":"War Paint"},{"floor":9,"key":"Akabeko"},{"floor":13,"key":"Peace Pipe"},{"floor":24,"key":"Red Mask"},{"floor":40,"key":"Charon\u0027s Ashes"},{"floor":42,"key":"Shuriken"},{"floor":43,"key":"Ancient Tea Set"},{"floor":45,"key":"Pen Nib"},{"floor":47,"key":"Molten Egg 2"},{"floor":48,"key":"CaptainsWheel"},{"floor":55,"key":"Centennial Puzzle"}],"event_choices":[{"damage_healed":0,"gold_gain":0,"player_choice":"Ignored","damage_taken":0,"max_hp_gain":0,"max_hp_loss":0,"event_name":"Liars Game","floor":3,"gold_loss":0},{"cards_removed":["Strike_R"],"damage_healed":0,"gold_gain":0,"player_choice":"Card Removal","damage_taken":7,"max_hp_gain":0,"max_hp_loss":0,"event_name":"Golden Wing","floor":4,"gold_loss":0},{"damage_healed":0,"gold_gain":0,"player_choice":"Rummage","damage_taken":0,"relics_obtained":["WarpedTongs"],"max_hp_gain":0,"max_hp_loss":0,"event_name":"Accursed Blacksmith","floor":5,"gold_loss":0,"cards_obtained":["Pain"]},{"damage_healed":0,"gold_gain":75,"player_choice":"Gather Gold","damage_taken":11,"max_hp_gain":0,"max_hp_loss":0,"event_name":"World of Goop","floor":14,"gold_loss":0},{"damage_healed":0,"gold_gain":0,"player_choice":"Opened","damage_taken":0,"relics_obtained":["Frozen Egg 2"],"max_hp_gain":0,"max_hp_loss":0,"event_name":"The Mausoleum","floor":19,"gold_loss":0,"cards_obtained":["Writhe"]},{"damage_healed":0,"gold_gain":0,"player_choice":"Obtained Relic","damage_taken":0,"relics_obtained":["Orichalcum"],"max_hp_gain":0,"max_hp_loss":0,"event_name":"Addict","floor":21,"gold_loss":85},{"damage_healed":0,"gold_gain":0,"player_choice":"Fought Bandits","damage_taken":0,"max_hp_gain":0,"max_hp_loss":0,"event_name":"Masked Bandits","floor":24,"gold_loss":0},{"cards_removed":["Sever Soul"],"damage_healed":0,"gold_gain":0,"player_choice":"Gave Gold","damage_taken":0,"max_hp_gain":0,"max_hp_loss":0,"event_name":"Beggar","floor":28,"gold_loss":75},{"cards_removed":["Whirlwind"],"damage_healed":0,"gold_gain":0,"player_choice":"Removed Attack","damage_taken":0,"max_hp_gain":0,"max_hp_loss":0,"event_name":"Falling","floor":36,"gold_loss":0},{"cards_removed":["True Grit"],"damage_healed":0,"gold_gain":0,"player_choice":"Gave Card","damage_taken":0,"relics_obtained":["Sundial"],"max_hp_gain":0,"max_hp_loss":0,"event_name":"WeMeetAgain","floor":39,"gold_loss":0},{"damage_healed":0,"gold_gain":0,"player_choice":"Fight","damage_taken":0,"max_hp_gain":0,"max_hp_loss":0,"event_name":"MindBloom","floor":48,"gold_loss":0}],"is_beta":false,"boss_relics":[{"not_picked":["Fusion Hammer","Snecko Eye"],"picked":"Pandora\u0027s Box"},{"not_picked":["Busted Crown","Velvet Choker"],"picked":"Astrolabe"}],"items_purged_floors":[10,46,54],"is_endless":false,"potions_floor_spawned":[1,6,16,18,24,27,33,38,42,47,48,55],"ascension_level":20}}