{"host":"vfg9szunmpjwj08o","time":1608156484,"event":{"mods":["Act Like it!","BaseMod","Challenge The Spire","Colored Map","Colored Powertips","Minty Spire (QoL Compilation)","StSLib","Waifu the Spire"],"gold_per_floor":[115,133,143,143,22,22,38,70,70,70,142,142,142,142,142,240,240,256,270,270,97,97,97,97,97],"floor_reached":24,"playtime":856,"items_purged":["Strike_B"],"score":374,"play_id":"ab9e43a0-79cf-481e-b1ca-c3783a8a54b9","local_time":"20201216230804","is_ascension_mode":true,"campfire_choices":[{"data":"Zap","floor":6,"key":"SMITH"},{"data":"Dualcast","floor":12,"key":"SMITH"},{"data":"Darkness","floor":15,"key":"SMITH"},{"data":"Redo","floor":23,"key":"SMITH"}],"circlet_count":0,"master_deck":["AscendersBane","Strike_B","Defend_B","Defend_B","Defend_B","Zap+1","Dualcast+1","Flash of Steel","Darkness+1","Defragment","Chill","Recycle","Self Repair","Hologram","Coolheaded","Creative AI","Redo+1","Echo Form","Defragment","Coolheaded","Force Field","Buffer"],"relics":["Cracked Core","Torii","HornCleat","Sundial","Golden Idol","SlaversCollar"],"acts_visited":["Exordium","TheCity"],"potions_floor_usage":[8],"damage_taken":[{"damage":0,"enemies":"2 Louse","floor":1,"turns":2},{"damage":1,"enemies":"Cultist","floor":2,"turns":4},{"damage":2,"enemies":"Jaw Worm","floor":3,"turns":3},{"damage":9,"enemies":"Blue Slaver","floor":7,"turns":4},{"damage":21,"enemies":"3 Sentries","floor":8,"turns":10},{"damage":18,"enemies":"Slime Boss","floor":16,"turns":7},{"damage":12,"enemies":"3 Byrds","floor":18,"turns":7},{"damage":36,"enemies":"Shell Parasite","floor":19,"turns":7},{"damage":12,"enemies":"3 Cultists","floor":24,"turns":4}],"seed_played":"8062736359192808025","potions_obtained":[{"floor":1,"key":"BlessingOfTheForge"},{"floor":7,"key":"SkillPotion"}],"is_trial":false,"path_per_floor":["M","M","M","?","$","R","M","E","T","$","T","R","?","?","R","B",null,"M","M","?","$","?","R","M"],"character_chosen":"DEFECT","items_purchased":["Recycle","Self Repair","Defragment","Coolheaded"],"campfire_rested":0,"item_purchase_floors":[5,5,21,21],"current_hp_per_floor":[64,63,61,61,61,61,59,45,45,45,45,45,45,45,45,34,57,52,23,23,23,23,23,11,11],"gold":97,"neow_bonus":"RANDOM_COLORLESS","is_daily":false,"chose_seed":false,"campfire_upgraded":4,"win_rate":0.0,"timestamp":1608156484,"path_taken":["M","M","M","?","$","R","M","E","T","$","?","R","?","?","R","BOSS","M","M","?","$","?","R","M"],"items_purchased_type":["Card","Card","Card","Card"],"build_version":"2020-12-13","purchased_purges":1,"victory":false,"max_hp_per_floor":[71,71,71,71,71,71,71,71,71,71,71,71,71,64,64,64,64,64,64,64,64,64,64,64,64],"card_choices":[{"not_picked":["Dramatic Entrance","Good Instincts"],"picked":"Flash of Steel","floor":0},{"not_picked":["Leap","Steam"],"picked":"Darkness","floor":1},{"not_picked":["Auto Shields","Compile Driver"],"picked":"Defragment","floor":2},{"not_picked":["Rebound","Stack"],"picked":"Chill","floor":3},{"not_picked":["Conserve Battery","Cold Snap"],"picked":"Hologram","floor":7},{"not_picked":["Barrage","Stack"],"picked":"Coolheaded","floor":8},{"not_picked":["Fission","Amplify"],"picked":"Creative AI","floor":16},{"not_picked":["Streamline","Stack","Chill"],"picked":"SKIP","floor":18},{"not_picked":["Hello World","Capacitor"],"picked":"Redo","floor":19}],"player_experience":990190,"relics_obtained":[{"floor":8,"key":"HornCleat"},{"floor":11,"key":"Sundial"}],"event_choices":[{"damage_healed":0,"gold_gain":0,"player_choice":"Gave Potion","damage_taken":0,"relics_obtained":["Torii"],"max_hp_gain":0,"max_hp_loss":0,"event_name":"WeMeetAgain","floor":4,"gold_loss":0},{"cards_removed":["Strike_B"],"damage_healed":0,"gold_gain":0,"player_choice":"Forget","damage_taken":0,"max_hp_gain":0,"max_hp_loss":0,"event_name":"Living Wall","floor":13,"gold_loss":0},{"damage_healed":0,"gold_gain":0,"player_choice":"Lose Max HP","damage_taken":0,"relics_obtained":["Golden Idol"],"max_hp_gain":0,"max_hp_loss":7,"event_name":"Golden Idol","floor":14,"gold_loss":0},{"damage_healed":0,"gold_gain":0,"player_choice":"Read","damage_taken":0,"max_hp_gain":0,"max_hp_loss":0,"event_name":"The Library","floor":20,"gold_loss":0,"cards_obtained":["Echo Form"]},{"damage_healed":0,"gold_gain":0,"cards_transformed":["Strike_B","Defend_B"],"player_choice":"Became Test Subject","damage_taken":0,"max_hp_gain":0,"max_hp_loss":0,"event_name":"Drug Dealer","floor":22,"gold_loss":0,"cards_obtained":["Force Field","Buffer"]}],"is_beta":false,"boss_relics":[{"not_picked":["Black Star","Empty Cage"],"picked":"SlaversCollar"}],"items_purged_floors":[21],"is_endless":false,"potions_floor_spawned":[1,7],"killed_by":"3 Cultists","ascension_level":19}}