{"host":"0azimyi6n3ugndj4","time":1608124476,"event":{"mods":["BaseMod","Bestiary","Conspire","Curses Come First","Defuse TimeMaze Blight","Hyrulean Relics","Infinite Spire","Minty Spire (QoL Compilation)","Relic Stats","Replay The Spire","StSLib","SuperFastMode","Uncapped","¡¼?Úª?ø«¡½REMEMod"],"gold_per_floor":[99,99,99,132,194,275,275,275,275],"floor_reached":8,"playtime":119,"items_purged":[],"score":308,"play_id":"b0662da6-5536-4c44-90c1-86475502325c","local_time":"20201216221436","daily_mods":["Draft","Hoarder","Insanity","Chimera","Specialized","Vintage","ControlledChaos","Allstar","Diverse","Colorless Cards","Heirloom","Time Dilation","Flight","Binary","Elite Swarm","Lethality","Midas","Night Terrors","Binary"],"is_ascension_mode":true,"campfire_choices":[],"circlet_count":0,"master_deck":["Demon Form","Wraith Form v2","Echo Form","DevaForm","AscendersBane","Survivor","Zap","Strike_R","Strike_G","Strike_B","Defend_R","Defend_G","Defend_P","CrushJoints","Collect","Sweeping Beam","Rebound","PiercingWail","Redo","conspire:Rain","Conserve Battery","Twin Strike","WindmillStrike","Stack","Dual Wield","Replay:Vibes","Replay:Undeath\u0027s Touch","Backflip","Glacier","Twin Strike","conspire:ExplosiveBarrier","Backstab","Good Instincts","Sweeping Beam","REME_ShadowStrike","True Grit","Armaments","Quick Slash","Redo","SandsOfTime","Protect","Cleave","Pommel Strike","Redo","Slice","Compile Driver","Evolve","Pray","ReplayTheSpireMod:Strike From Hell","Dagger Throw","Wild Strike","Replay:ManipulateFuture","Indignation","REME_GreenPollution","Madness","LikeWater","Havoc","True Grit","Replay:Undeath\u0027s Touch","Replay:ManipulateFuture","CutThroughFate","Replay:Battleflow","Havoc","Bloodletting","Bloodletting","Bloodletting","Bloodletting","Bloodletting","Bloodletting","Bloodletting","Bloodletting","Bloodletting","Bloodletting","Bloodletting","Bloodletting","Bloodletting","Bloodletting","Bloodletting","Sword Boomerang","Sword Boomerang","Sword Boomerang","Consecrate","Consecrate","Consecrate","Cloak And Dagger","Cloak And Dagger","Cloak And Dagger","Rebound","Rebound","Rebound","EmptyFist","EmptyFist","EmptyFist","Dodge and Roll","Dodge and Roll","Dodge and Roll","Dagger Throw","Dagger Throw","Dagger Throw","Replay:BluntJabs","Replay:BluntJabs","Replay:BluntJabs","Wild Strike","Wild Strike","Wild Strike","Halt","Halt","Halt","Sweeping Beam","Sweeping Beam","Sweeping Beam","REME_Repentance","REME_Repentance","REME_Repentance","ReplayTheSpireMod:Dual Polarity","ReplayTheSpireMod:Dual Polarity","ReplayTheSpireMod:Dual Polarity","ReachHeaven","ReachHeaven","ReachHeaven","REME_Scribble","REME_Scribble","REME_Scribble","Wraith Form v2","Wraith Form v2","Wraith Form v2","Eruption","Eruption","Eruption","Warcry","Warcry","Warcry"],"relics":["Frozen Eye","Busted Crown","REME_ComplimentaryCards","Du-Vu Doll","Replay:M_SmolderingBlood","Golden Idol","infinitespire:Lucky Rock","Omamori","zeldaRelics:CouragePiece"],"acts_visited":["Exordium"],"potions_floor_usage":[8,8],"damage_taken":[{"damage":1,"enemies":"Jaw Worm","floor":4,"turns":2},{"damage":3,"enemies":"2 Louse","floor":5,"turns":1},{"damage":30,"enemies":"Replay:BlueRogue","floor":6,"turns":5},{"damage":31,"enemies":"Lagavulin","floor":8,"turns":2}],"seed_played":"3685571121608532282","potions_obtained":[{"floor":4,"key":"Dexterity Potion"},{"floor":5,"key":"ColorlessPotion"}],"is_trial":true,"path_per_floor":["?","?","$","M","M","E","?","E"],"character_chosen":"IRONCLAD","items_purchased":[],"campfire_rested":0,"item_purchase_floors":[],"current_hp_per_floor":[68,42,42,41,38,8,8,0,0],"gold":275,"neow_bonus":"","is_daily":false,"chose_seed":false,"campfire_upgraded":0,"win_rate":0.0,"timestamp":1608124476,"path_taken":["?","?","$","M","M","E","?","E"],"items_purchased_type":[],"build_version":"2020-12-13","purchased_purges":0,"victory":false,"max_hp_per_floor":[75,75,75,75,75,75,75,77,77],"relic_stats":{"Busted Crown":2,"counters":[4,10],"Golden Idol":14,"obtain_stats":[{"Du-Vu Doll":0,"Frozen Eye":0,"Busted Crown":0,"Replay:M_SmolderingBlood":1,"Golden Idol":2,"Omamori":5,"zeldaRelics:CouragePiece":6,"infinitespire:Lucky Rock":4,"Burning Blood":0,"REME_ComplimentaryCards":0},{"Du-Vu Doll":0,"Frozen Eye":0,"Busted Crown":0,"Replay:M_SmolderingBlood":0,"Golden Idol":0,"Omamori":2,"zeldaRelics:CouragePiece":3,"infinitespire:Lucky Rock":1,"Burning Blood":0,"REME_ComplimentaryCards":0},{"Du-Vu Doll":0,"Frozen Eye":0,"Busted Crown":0,"Replay:M_SmolderingBlood":0,"Golden Idol":0,"Omamori":3,"zeldaRelics:CouragePiece":8,"infinitespire:Lucky Rock":2,"Burning Blood":0,"REME_ComplimentaryCards":0}]},"card_choices":[{"not_picked":["DeceiveReality","ReplaySolidLightProjector"],"picked":"Sword Boomerang","floor":0},{"not_picked":["Wild Strike","ReplayTheSpireMod:Strike From Hell"],"picked":"Consecrate","floor":0},{"not_picked":["Slice","Ball Lightning"],"picked":"Cloak And Dagger","floor":0},{"not_picked":["Anger","Setup"],"picked":"Rebound","floor":0},{"not_picked":["Fusion","Static Discharge"],"picked":"EmptyFist","floor":0},{"not_picked":["Replay:AtTheReady","Thunderclap"],"picked":"Dodge and Roll","floor":0},{"not_picked":["Clothesline","Thunderclap"],"picked":"Dagger Throw","floor":0},{"not_picked":["Streamline","Armaments"],"picked":"Replay:BluntJabs","floor":0},{"not_picked":["Underhanded Strike","InnerPeace"],"picked":"Wild Strike","floor":0},{"not_picked":["Leap","Fluid Movement"],"picked":"Halt","floor":0},{"not_picked":["FlurryOfBlows","Expertise"],"picked":"Sweeping Beam","floor":0},{"not_picked":["Go for the Eyes","Lockon"],"picked":"REME_Repentance","floor":0},{"not_picked":["Replay:Hum","Body Slam"],"picked":"ReplayTheSpireMod:Dual Polarity","floor":0},{"not_picked":["Heatsinks","Thunderclap"],"picked":"ReachHeaven","floor":0},{"not_picked":["BasicCrystalCard","ReplayTheSpireMod:The Works"],"picked":"REME_Scribble","floor":0}],"player_experience":1454819,"relics_obtained":[{"floor":4,"key":"infinitespire:Lucky Rock"},{"floor":5,"key":"Omamori"},{"floor":6,"key":"zeldaRelics:CouragePiece"}],"event_choices":[{"damage_healed":0,"gold_gain":0,"player_choice":"Take Damage","damage_taken":26,"relics_obtained":["Golden Idol"],"max_hp_gain":0,"max_hp_loss":0,"event_name":"Golden Idol","floor":2,"gold_loss":0},{"damage_healed":0,"gold_gain":0,"cards_transformed":["Eruption"],"player_choice":"Transformed","damage_taken":0,"max_hp_gain":0,"max_hp_loss":0,"event_name":"Transmorgrifier","floor":7,"gold_loss":0,"cards_obtained":["Warcry"]}],"is_beta":false,"boss_relics":[],"items_purged_floors":[],"is_endless":false,"potions_floor_spawned":[4,5],"killed_by":"Lagavulin","ascension_level":20}}