{"host":"jk8wop44dq7uc7ar","time":1608081759,"event":{"mods":["AchievementEnabler","BaseMod","Colored Map","Colored Powertips","Downfall","Hermit","Hubris","Infinite Spire","Marisa????????","Minty Spire (QoL Compilation)","StSLib","The Bug Knight","The Construct","The Cursed","The Disciple","The Mystic","The Necromancer","The Runesmith","The Servant 0.9.4"],"gold_per_floor":[119,119,51,51,51,78,98,127,153,153,1,1,20,53,53,154,154,172,18,38,50,50,50,50,62,62,95,114,130,130,130,130,226,226,237,237,237,237,256,290,309,309,391,391,391],"floor_reached":44,"playtime":2749,"items_purged":["Strike_R"],"score":707,"play_id":"6f6ed06c-16ad-44f0-bd34-18af76bab63e","local_time":"20201215202239","is_ascension_mode":true,"campfire_choices":[{"data":"1","floor":10.0,"key":"LIFT"},{"data":"2","floor":12.0,"key":"LIFT"},{"data":"3","floor":15.0,"key":"LIFT"},{"floor":23.0,"key":"REST"},{"data":"Demon Form","floor":32.0,"key":"SMITH"},{"floor":42.0,"key":"REST"}],"circlet_count":0,"master_deck":["Strike_R","Strike_R","Defend_R","Defend_R+1","Defend_R","Defend_R","Bash","Rupture","Entrench","Heavy Blade","Bloodletting","Seeing Red","Reaper","Uppercut","Demon Form+1","Warcry","Burning Pact","Pummel","infinitespire:Collect","Flex","Flex","Second Wind","Sentinel","Limit Break","Flame Barrier","expansioncontent:DonusPower","expansioncontent:QuickStudy","Impatience+1","Anger+1","Spot Weakness+1"],"relics":["Burning Blood","NeowsBlessing","hubris:Icosahedron","Nunchaku","Girya","Red Skull","Ancient Tea Set","infinitespire:Cupcake","Pen Nib","infinitespire:WardingShard","construct:FoamFinger","Molten Egg 2","hubris:Towel","Mark of Pain","OrangePellets","construct:ClawGrip","War Paint"],"acts_visited":["Exordium","TheCity","TheBeyond"],"potions_floor_usage":[],"damage_taken":[{"damage":0.0,"enemies":"2 Louse","floor":1.0,"turns":1.0},{"damage":0.0,"enemies":"Lagavulin","floor":6.0,"turns":1.0},{"damage":0.0,"enemies":"Small Slimes","floor":7.0,"turns":1.0},{"damage":27.0,"enemies":"Gremlin Nob","floor":8.0,"turns":4.0},{"damage":2.0,"enemies":"Jaw Worm","floor":13.0,"turns":2.0},{"damage":44.0,"enemies":"3 Sentries","floor":14.0,"turns":7.0},{"damage":42.0,"enemies":"Slime Boss","floor":16.0,"turns":6.0},{"damage":34.0,"enemies":"3 Byrds","floor":18.0,"turns":5.0},{"damage":22.0,"enemies":"Snecko","floor":20.0,"turns":4.0},{"damage":12.0,"enemies":"Snake Plant","floor":21.0,"turns":3.0},{"damage":18.0,"enemies":"Shelled Parasite and Fungi","floor":25.0,"turns":3.0},{"damage":17.0,"enemies":"HollowMod:Nosk","floor":27.0,"turns":3.0},{"damage":25.0,"enemies":"Centurion and Healer","floor":28.0,"turns":3.0},{"damage":3.0,"enemies":"Snake Plant","floor":29.0,"turns":2.0},{"damage":30.0,"enemies":"Automaton","floor":33.0,"turns":5.0},{"damage":30.0,"enemies":"3 Darklings","floor":35.0,"turns":5.0},{"damage":15.0,"enemies":"Orb Walker","floor":39.0,"turns":3.0},{"damage":33.0,"enemies":"Giant Head","floor":40.0,"turns":6.0},{"damage":21.0,"enemies":"Writhing Mass","floor":41.0,"turns":5.0},{"damage":17,"enemies":"infinitespire:Three Voidlings","floor":44,"turns":3},{"damage":73,"enemies":"Nightmare_Alpha","floor":44,"turns":4}],"seed_played":"76318201131679141","potions_obtained":[{"floor":1.0,"key":"SkillPotion"},{"floor":8.0,"key":"PowerPotion"},{"floor":14.0,"key":"Explosive Potion"},{"floor":20.0,"key":"PowerPotion"},{"floor":25.0,"key":"Weak Potion"},{"floor":27.0,"key":"Swift Potion"},{"floor":29.0,"key":"sneckomod:MuddlingPotion"},{"floor":39.0,"key":"SpeedPotion"},{"floor":41.0,"key":"SteroidPotion"}],"is_trial":false,"path_per_floor":["M","?","$","?","?","E","M","E","T","R","$","R","M","E","R","B",null,"M","$","M","M","?","R","?","M","T","E","M","M","?","AVR","R","B",null,"M","?","?","?","M","E","M","R","T","?"],"character_chosen":"IRONCLAD","items_purchased":["Entrench","Reaper","Pen Nib"],"campfire_rested":2,"item_purchase_floors":[3,11,19],"current_hp_per_floor":[78,71,71,71,71,77,80,59,59,59,59,59,72,51,51,35,69,53,53,62,61,42,66,66,54,54,53,64,67,67,67,67,50,73,68,58,58,58,57,56,52,76,76,0,0],"gold":391,"neow_bonus":"THREE_ENEMY_KILL","is_daily":false,"chose_seed":false,"campfire_upgraded":1,"win_rate":0.0,"timestamp":1608081759,"path_taken":["M","?","$","?","?","E","M","E","T","R","?","R","?","E","R","BOSS","M","$","M","M","?","R","?","M","T","E","?","M","?","AVR","R","BOSS","M","?","?","?","?","E","M","R","T","?"],"items_purchased_type":["Card","Card","Relic"],"build_version":"2020-12-13","purchased_purges":1,"victory":false,"max_hp_per_floor":[80,80,80,80,80,80,80,80,80,80,80,80,80,80,80,80,80,80,80,80,80,80,80,80,80,80,80,80,80,80,80,80,80,80,80,80,80,80,80,80,80,80,80,80,80],"card_choices":[{"not_picked":["Flex","Cleave"],"picked":"Rupture","floor":1.0},{"not_picked":["Anger","Battle Trance"],"picked":"Bloodletting","floor":6.0},{"not_picked":["Shrug It Off","Sentinel"],"picked":"Seeing Red","floor":7.0},{"not_picked":["Havoc","hubris:CleavingFinish","Clash"],"picked":"SKIP","floor":8.0},{"not_picked":["Rage","Second Wind","Thunderclap"],"picked":"SKIP","floor":13.0},{"not_picked":["Shrug It Off","Body Slam"],"picked":"Uppercut","floor":14.0},{"not_picked":["Reaper","Barricade"],"picked":"Demon Form","floor":16.0},{"not_picked":["Burning Pact+1","Sever Soul"],"picked":"Warcry","floor":18.0},{"not_picked":["Wild Strike","Havoc"],"picked":"Burning Pact","floor":20.0},{"not_picked":["Anger","Dual Wield"],"picked":"Pummel","floor":21.0},{"not_picked":["infinitespire:DeathsTouch","infinitespire:Gouge"],"picked":"infinitespire:Collect","floor":22.0},{"not_picked":["Thunderclap","Flame Barrier"],"picked":"Flex","floor":25.0},{"not_picked":["Carnage+1","Seeing Red"],"picked":"Flex","floor":27.0},{"not_picked":["Flame Barrier","Cleave+1"],"picked":"Second Wind","floor":28.0},{"not_picked":["Disarm","Evolve"],"picked":"Sentinel","floor":29.0},{"not_picked":["Brutality","Double Tap"],"picked":"Limit Break","floor":33.0},{"not_picked":["Wild Strike+1","Iron Wave+1"],"picked":"Flame Barrier","floor":35.0},{"not_picked":["expansioncontent:Sear+1","PanicButton"],"picked":"expansioncontent:DonusPower","floor":36.0},{"not_picked":["Magnetism","Dramatic Entrance+1"],"picked":"expansioncontent:QuickStudy","floor":36.0},{"not_picked":["expansioncontent:BronzeBeam+1","expansioncontent:PrepareCrush"],"picked":"Impatience","floor":36.0},{"not_picked":["Carnage+1","Pommel Strike+1"],"picked":"Anger+1","floor":39.0},{"not_picked":["Searing Blow+1","Wild Strike+1","Cleave+1"],"picked":"SKIP","floor":40.0},{"not_picked":["Bludgeon+1","Carnage+1"],"picked":"Spot Weakness+1","floor":41.0}],"player_experience":372073,"relics_obtained":[{"floor":6.0,"key":"Nunchaku"},{"floor":8.0,"key":"Girya"},{"floor":9.0,"key":"Red Skull"},{"floor":14.0,"key":"Ancient Tea Set"},{"floor":24.0,"key":"infinitespire:WardingShard"},{"floor":26.0,"key":"construct:FoamFinger"},{"floor":27.0,"key":"Molten Egg 2"},{"floor":40.0,"key":"War Paint"}],"event_choices":[{"cards_removed":["Strike_R"],"damage_healed":0.0,"max_hp_gain":0.0,"max_hp_loss":0.0,"gold_gain":0.0,"event_name":"Golden Wing","player_choice":"Card Removal","floor":2.0,"gold_loss":0.0,"damage_taken":7.0},{"damage_healed":0.0,"max_hp_gain":0.0,"max_hp_loss":0.0,"gold_gain":0.0,"event_name":"Wheel of Change","player_choice":"Relic","floor":24.0,"gold_loss":0.0,"damage_taken":0.0},{"damage_healed":0.0,"max_hp_gain":0.0,"max_hp_loss":0.0,"gold_gain":0.0,"event_name":"SensoryStone","player_choice":"Memory 3","floor":36.0,"gold_loss":0.0,"damage_taken":10.0},{"damage_healed":0.0,"max_hp_gain":0.0,"max_hp_loss":0.0,"gold_gain":0.0,"event_name":"Tomb of Lord Red Mask","player_choice":"Ignored","floor":37.0,"gold_loss":0.0,"damage_taken":0.0},{"cards_removed":["Strike_R"],"damage_healed":0.0,"max_hp_gain":0.0,"max_hp_loss":0.0,"gold_gain":0.0,"event_name":"Purifier","player_choice":"Purged","floor":38.0,"gold_loss":0.0,"damage_taken":0.0}],"is_beta":false,"boss_relics":[{"not_picked":["Runic Pyramid","hubris:TerracottaHorce"],"picked":"infinitespire:Cupcake"},{"not_picked":["Runesmith:UraniumAnvil","Tiny House"],"picked":"construct:ClawGrip"}],"items_purged_floors":[31],"is_endless":false,"potions_floor_spawned":[1,8,14,20,25,27,29,39,41,44],"killed_by":"Nightmare_Alpha","ascension_level":7}}