{"host":"fdq5pmhluajjrf8d","time":1608152763,"event":{"mods":["BaseMod","Minty Spire (QoL Compilation)"],"gold_per_floor":[114,114,126,126,51,77,77,89,89,103,103,122,197,197,197,276,276,287,264,264,279,115,115,0,20,20,20,70,81,81,98,98,98,98],"floor_reached":33,"playtime":1457,"items_purged":["Strike_B"],"score":482,"play_id":"0856950c-fa97-4b03-a7d7-6a1f202d7afc","local_time":"20201216160603","is_ascension_mode":true,"campfire_choices":[{"data":"Zap","floor":7,"key":"SMITH"},{"floor":11,"key":"REST"},{"data":"Defragment","floor":15,"key":"SMITH"},{"data":"Multi-Cast","floor":23,"key":"SMITH"},{"floor":27,"key":"REST"},{"data":"Fission","floor":32,"key":"SMITH"}],"circlet_count":0,"master_deck":["AscendersBane","Defend_B","Defend_B","Zap+1","Dualcast","Fission+1","Buffer","Tempest","Self Repair","Redo","Consume","Defragment+1","Multi-Cast+1","Streamline+1","Glacier+1","Barrage+1","Loop","Chaos","Conserve Battery+1","Capacitor","Ball Lightning"],"relics":["Cracked Core","WingedGreaves","Ancient Tea Set","StoneCalendar","Gambling Chip","Astrolabe","MealTicket"],"acts_visited":["Exordium","TheCity"],"potions_floor_usage":[6,12,16,33],"damage_taken":[{"damage":1,"enemies":"Small Slimes","floor":1,"turns":5},{"damage":2,"enemies":"Jaw Worm","floor":3,"turns":4},{"damage":15,"enemies":"Lagavulin","floor":6,"turns":5},{"damage":0,"enemies":"2 Louse","floor":8,"turns":1},{"damage":34,"enemies":"Exordium Thugs","floor":10,"turns":4},{"damage":6,"enemies":"2 Fungi Beasts","floor":12,"turns":3},{"damage":29,"enemies":"Slime Boss","floor":16,"turns":7},{"damage":24,"enemies":"Chosen","floor":18,"turns":4},{"damage":21,"enemies":"2 Thieves","floor":19,"turns":4},{"damage":4,"enemies":"Sentry and Sphere","floor":21,"turns":9},{"damage":60,"enemies":"Cultist and Chosen","floor":25,"turns":7},{"damage":21,"enemies":"Snake Plant","floor":29,"turns":5},{"damage":19,"enemies":"Centurion and Healer","floor":31,"turns":8},{"damage":38,"enemies":"Collector","floor":33,"turns":3}],"seed_played":"7706543374497270659","potions_obtained":[{"floor":1,"key":"AttackPotion"},{"floor":10,"key":"ColorlessPotion"},{"floor":12,"key":"SpeedPotion"},{"floor":18,"key":"PotionOfCapacity"}],"is_trial":false,"path_per_floor":["M","?","M","?","?","E","R","M","T","M","R","M","?","T","R","B",null,"M","M","?","M","$","R","?","M","T","R","?","M","$","M","R","B"],"character_chosen":"DEFECT","items_purchased":["Capacitor"],"campfire_rested":2,"item_purchase_floors":[22],"current_hp_per_floor":[63,68,66,61,61,53,53,53,53,26,48,49,38,38,38,16,61,44,30,76,76,76,76,76,23,23,45,45,31,46,34,34,0,0],"gold":98,"neow_bonus":"TRANSFORM_TWO_CARDS","is_daily":false,"chose_seed":false,"campfire_upgraded":4,"win_rate":0.0,"timestamp":1608152763,"path_taken":["M","?","M","?","?","E","R","?","T","M","R","M","?","?","R","BOSS","M","M","?","?","$","R","?","M","T","R","?","M","$","M","R","BOSS"],"items_purchased_type":["Card"],"build_version":"2020-12-13","purchased_purges":1,"victory":false,"max_hp_per_floor":[71,76,76,76,76,76,76,76,76,76,76,76,76,76,76,76,76,76,76,76,76,76,76,76,76,76,76,76,76,76,76,76,76,76],"card_choices":[{"not_picked":["Cold Snap","Ball Lightning"],"picked":"Tempest","floor":1},{"not_picked":["Streamline","Chill"],"picked":"Self Repair","floor":3},{"not_picked":["Sunder","Stack"],"picked":"Skim","floor":6},{"not_picked":["Barrage","Sweeping Beam"],"picked":"Redo","floor":8},{"not_picked":["Recycle","Leap"],"picked":"Consume","floor":10},{"not_picked":["Go for the Eyes","Coolheaded"],"picked":"Defragment","floor":12},{"not_picked":["Seek","All For One"],"picked":"Multi-Cast","floor":16},{"not_picked":["Redo","Streamline"],"picked":"Loop","floor":18},{"not_picked":["Gash+1","Steam"],"picked":"Chaos","floor":19},{"not_picked":["Lockon","Genetic Algorithm"],"picked":"Conserve Battery+1","floor":21},{"not_picked":["Hello World","Steam","Rebound"],"picked":"SKIP","floor":25},{"not_picked":["Ball Lightning","Coolheaded+1","Rebound"],"picked":"SKIP","floor":29},{"not_picked":["Glacier","Redo"],"picked":"Ball Lightning","floor":31}],"player_experience":1872255,"relics_obtained":[{"floor":6,"key":"Ancient Tea Set"},{"floor":9,"key":"StoneCalendar"},{"floor":14,"key":"Gambling Chip"},{"floor":26,"key":"MealTicket"}],"event_choices":[{"damage_healed":0,"gold_gain":0,"player_choice":"Donut","damage_taken":0,"max_hp_gain":5,"max_hp_loss":0,"event_name":"Big Fish","floor":2,"gold_loss":0},{"damage_healed":0,"gold_gain":0,"player_choice":"Success","damage_taken":5,"relics_obtained":["WingedGreaves"],"max_hp_gain":0,"max_hp_loss":0,"event_name":"Scrap Ooze","floor":4,"gold_loss":0},{"cards_removed":["Clumsy"],"damage_healed":0,"gold_gain":0,"player_choice":"Card Removal","damage_taken":0,"max_hp_gain":0,"max_hp_loss":0,"event_name":"The Cleric","floor":5,"gold_loss":75},{"damage_healed":0,"gold_gain":75,"player_choice":"Gather Gold","damage_taken":11,"max_hp_gain":0,"max_hp_loss":0,"event_name":"World of Goop","floor":13,"gold_loss":0},{"cards_removed":["Skim"],"damage_healed":46,"gold_gain":0,"player_choice":"Offered Uncommon","damage_taken":0,"max_hp_gain":0,"max_hp_loss":0,"event_name":"Bonfire Elementals","floor":20,"gold_loss":0},{"damage_healed":0,"gold_gain":0,"player_choice":"Paid Fearfully","damage_taken":0,"max_hp_gain":0,"max_hp_loss":0,"event_name":"Masked Bandits","floor":24,"gold_loss":115},{"damage_healed":0,"gold_gain":50,"player_choice":"Stole From Cult","damage_taken":0,"max_hp_gain":0,"max_hp_loss":0,"event_name":"Nest","floor":28,"gold_loss":0}],"is_beta":false,"boss_relics":[{"not_picked":["Fusion Hammer","Runic Dome"],"picked":"Astrolabe"}],"items_purged_floors":[22],"is_endless":false,"potions_floor_spawned":[1,10,12,18],"killed_by":"Collector","ascension_level":19}}