{"host":"oiai0qxasotny765","time":1608149097,"event":{"mods":["2.2 Compatiblity","AchievementEnabler","BaseMod","Colored Map","Minty Spire (QoL Compilation)","Permanent Neow","Relic Stats","StSLib","SuperFastMode","everything is the same but u backflip on backflip"],"gold_per_floor":[109,127,127,127,177,177,29,29,52,68,83,83,96,107,107,182,182,182,122,122,72,72,72,72,72,72,72,72,72,72,72,72,72,72],"floor_reached":33,"playtime":1093,"items_purged":["Defend_G","Strike_G"],"score":411,"play_id":"64855507-0fd7-43aa-bbed-8a6b70ae0581","local_time":"20201217050457","is_ascension_mode":true,"campfire_choices":[{"data":"Neutralize","floor":6,"key":"SMITH"},{"data":"Calculated Gamble","floor":8,"key":"SMITH"},{"floor":12,"key":"REST"},{"data":"Blade Dance","floor":15,"key":"SMITH"},{"floor":23,"key":"REST"},{"floor":25,"key":"REST"},{"data":"Bullet Time","floor":32,"key":"SMITH"}],"circlet_count":0,"master_deck":["AscendersBane","Strike_G+1","Strike_G+1","Defend_G","Survivor","Neutralize+1","Accuracy","Noxious Fumes","Calculated Gamble+1","Reflex","Dash","Blade Dance+1","Bullet Time+1","Backflip","Backflip","Sucker Punch","Cloak And Dagger"],"relics":["Ring of the Snake","Whetstone","Smiling Mask","Ectoplasm","Red Mask","Juzu Bracelet","Toy Ornithopter"],"acts_visited":["Exordium","TheCity"],"potions_floor_usage":[11,33,33],"damage_taken":[{"damage":3,"enemies":"2 Louse","floor":1,"turns":4},{"damage":6,"enemies":"Jaw Worm","floor":2,"turns":7},{"damage":0,"enemies":"Cultist","floor":10,"turns":4},{"damage":4,"enemies":"Gremlin Gang","floor":11,"turns":5},{"damage":4,"enemies":"2 Fungi Beasts","floor":13,"turns":3},{"damage":1,"enemies":"Blue Slaver","floor":14,"turns":3},{"damage":18,"enemies":"The Guardian","floor":16,"turns":12},{"damage":16,"enemies":"Spheric Guardian","floor":18,"turns":4},{"damage":9,"enemies":"2 Thieves","floor":19,"turns":4},{"damage":19,"enemies":"Masked Bandits","floor":20,"turns":4},{"damage":16,"enemies":"Shelled Parasite and Fungi","floor":24,"turns":5},{"damage":0,"enemies":"Centurion and Healer","floor":27,"turns":5},{"damage":29,"enemies":"Collector","floor":33,"turns":8}],"seed_played":"-4949961859524305527","potions_obtained":[{"floor":2,"key":"Ancient Potion"},{"floor":10,"key":"SkillPotion"},{"floor":14,"key":"Swift Potion"}],"is_trial":false,"path_per_floor":["M","M","?","?","T","R","$","R","T","M","M","R","M","M","R","B",null,"M","M","?","$","?","R","M","R","T","M","?","?","T","?","R","B"],"character_chosen":"THE_SILENT","items_purchased":["Calculated Gamble"],"campfire_rested":3,"item_purchase_floors":[7],"current_hp_per_floor":[41,35,35,28,28,28,28,28,28,28,24,43,39,38,38,20,55,39,30,11,11,7,26,10,29,29,29,11,11,11,11,11,0,0],"gold":72,"neow_bonus":"REMOVE_TWO","is_daily":false,"chose_seed":false,"campfire_upgraded":4,"win_rate":0.0,"timestamp":1608149097,"path_taken":["M","M","?","?","?","R","?","R","T","M","M","R","M","M","R","BOSS","M","M","?","$","?","R","?","R","T","M","?","?","?","?","R","BOSS"],"items_purchased_type":["Card"],"build_version":"2020-12-13","purchased_purges":2,"victory":false,"max_hp_per_floor":[66,66,66,66,66,66,66,66,66,66,66,66,66,66,66,66,66,66,66,66,66,66,66,66,66,66,66,71,71,71,71,71,71,71],"relic_stats":{"counters":[13,68],"Ectoplasm":201,"Juzu Bracelet":1,"Whetstone":["Strike_G","Strike_G"],"Smiling Mask":50,"obtain_stats":[{"Ectoplasm":17,"Red Mask":20,"Juzu Bracelet":26,"Whetstone":5,"Smiling Mask":9,"Toy Ornithopter":30,"Ring of the Snake":0},{"Ectoplasm":7,"Red Mask":10,"Juzu Bracelet":11,"Whetstone":2,"Smiling Mask":2,"Toy Ornithopter":12,"Ring of the Snake":0},{"Ectoplasm":38,"Red Mask":50,"Juzu Bracelet":55,"Whetstone":11,"Smiling Mask":11,"Toy Ornithopter":60,"Ring of the Snake":0}],"Toy Ornithopter":10,"Ring of the Snake":[26]},"card_choices":[{"not_picked":["Quick Slash","Sucker Punch"],"picked":"Accuracy","floor":1},{"not_picked":["Concentrate","Eviscerate"],"picked":"Noxious Fumes","floor":2},{"not_picked":["Calculated Gamble","Underhanded Strike","PiercingWail"],"picked":"SKIP","floor":10},{"not_picked":["Quick Slash","Deadly Poison"],"picked":"Reflex","floor":11},{"not_picked":["Bane","Sucker Punch"],"picked":"Dash","floor":13},{"not_picked":["Outmaneuver","Sucker Punch"],"picked":"Blade Dance","floor":14},{"not_picked":["After Image","Die Die Die"],"picked":"Bullet Time","floor":16},{"not_picked":["Poisoned Stab","PiercingWail"],"picked":"Backflip","floor":18},{"not_picked":["Dodge and Roll","Underhanded Strike","Dash"],"picked":"SKIP","floor":19},{"not_picked":["Dagger Spray","Dodge and Roll"],"picked":"Backflip","floor":20},{"not_picked":["Prepared","Doppelganger","Backstab"],"picked":"SKIP","floor":24},{"not_picked":["PiercingWail","Poisoned Stab","Deflect"],"picked":"SKIP","floor":27}],"player_experience":260826,"relics_obtained":[{"floor":5,"key":"Whetstone"},{"floor":9,"key":"Smiling Mask"},{"floor":20,"key":"Red Mask"},{"floor":26,"key":"Juzu Bracelet"},{"floor":30,"key":"Toy Ornithopter"}],"event_choices":[{"damage_healed":0,"gold_gain":0,"player_choice":"Ignored","damage_taken":0,"max_hp_gain":0,"max_hp_loss":0,"event_name":"Liars Game","floor":3,"gold_loss":0},{"cards_removed":["Strike_G"],"damage_healed":0,"gold_gain":0,"player_choice":"Card Removal","damage_taken":7,"max_hp_gain":0,"max_hp_loss":0,"event_name":"Golden Wing","floor":4,"gold_loss":0},{"damage_healed":0,"gold_gain":0,"player_choice":"Fought Bandits","damage_taken":0,"max_hp_gain":0,"max_hp_loss":0,"event_name":"Masked Bandits","floor":20,"gold_loss":0},{"damage_healed":0,"gold_gain":0,"player_choice":"Bought 0 Potions","damage_taken":0,"max_hp_gain":0,"max_hp_loss":0,"event_name":"The Woman in Blue","floor":22,"gold_loss":0},{"damage_healed":0,"gold_gain":0,"player_choice":"Shed Blood","damage_taken":23,"max_hp_gain":5,"max_hp_loss":0,"event_name":"Forgotten Altar","floor":28,"gold_loss":0},{"damage_healed":0,"gold_gain":0,"cards_transformed":["Defend_G","Defend_G"],"player_choice":"Became Test Subject","damage_taken":0,"max_hp_gain":0,"max_hp_loss":0,"event_name":"Drug Dealer","floor":29,"gold_loss":0,"cards_obtained":["Sucker Punch","Cloak And Dagger"]}],"is_beta":false,"boss_relics":[{"not_picked":["Tiny House","SlaversCollar"],"picked":"Ectoplasm"}],"items_purged_floors":[7,21],"is_endless":false,"potions_floor_spawned":[2,10,14,20,24],"killed_by":"Collector","ascension_level":15}}