{"host":"ilxricga2547gmyy","time":1608138568,"event":{"mods":["AchievementEnabler","BaseMod","Minty Spire (QoL Compilation)","Quick Restart","Replay The Spire","StSLib"],"gold_per_floor":[117,117,134,145,74,74,104,104,129,148,182,146,164,193,193,298,348,314,239,263,137,155,155,155,155],"floor_reached":24,"playtime":1868,"items_purged":["Defend_G"],"score":296,"play_id":"b7900555-4833-424c-9604-6cabd708029c","local_time":"20201216180928","is_ascension_mode":true,"campfire_choices":[{"data":"Leg Sweep","floor":6,"key":"SMITH"},{"floor":15,"key":"REST"},{"data":"Pot Of Greed","floor":23,"key":"SMITH"}],"circlet_count":0,"master_deck":["Strike_G","Strike_G","Strike_G","Strike_G","Defend_G","Defend_G","Defend_G","Defend_G","Survivor","Neutralize","Dash","Leg Sweep+1","Burst","Terror","Acrobatics","Pot Of Greed+1","Pot Of Greed+1","Tactician","Backflip+1","Poisoned Stab","Bullet Time","Setup+1","Prepared"],"relics":["Sizzling Blood","Tiny Chest","Lantern","Grinning Jar","Singing Bowl","Tiny House","PreservedInsect"],"acts_visited":["Exordium","TheCity"],"potions_floor_usage":[11,16,16,17,18,24,24],"damage_taken":[{"damage":14,"enemies":"Jaw Worm","floor":1,"turns":7},{"damage":0,"enemies":"2 Louse","floor":3,"turns":3},{"damage":3,"enemies":"Small Slimes","floor":4,"turns":7},{"damage":22,"enemies":"3 Sentries","floor":7,"turns":17},{"damage":1,"enemies":"Looter","floor":10,"turns":3},{"damage":18,"enemies":"Gremlin Nob","floor":11,"turns":6},{"damage":4,"enemies":"Blue Slaver","floor":13,"turns":5},{"damage":4,"enemies":"Replay:BlueRogue","floor":14,"turns":8},{"damage":53,"enemies":"Slime Boss","floor":16,"turns":17},{"damage":21,"enemies":"2 Thieves","floor":18,"turns":5},{"damage":12,"enemies":"Shell Parasite","floor":22,"turns":14},{"damage":75,"enemies":"Gremlin Leader","floor":24,"turns":5}],"seed_played":"-1441619858409091882","potions_obtained":[{"floor":4,"key":"GhostInAJar"},{"floor":7,"key":"Explosive Potion"},{"floor":11,"key":"Strength Potion"},{"floor":14,"key":"DistilledChaos"},{"floor":16,"key":"Poison Potion"},{"floor":17,"key":"Fruit Juice"},{"floor":22,"key":"Fire Potion"}],"is_trial":false,"path_per_floor":["M","?","M","M","$","R","E","?","T","M","E","$","M","E","R","B",null,"M","?","T","$","M","R","E"],"character_chosen":"THE_SILENT","items_purchased":["Terror","Backflip+1","Prepared"],"campfire_rested":1,"item_purchase_floors":[5,12,21],"current_hp_per_floor":[63,67,71,72,72,72,54,59,59,62,48,48,48,48,73,24,98,81,81,81,81,75,75,0,0],"gold":155,"neow_bonus":"TEN_PERCENT_HP_BONUS","is_daily":false,"chose_seed":false,"campfire_upgraded":2,"win_rate":0.0,"timestamp":1608138568,"path_taken":["M","?","M","M","$","R","E","?","T","M","E","$","?","E","R","BOSS","M","?","?","$","M","R","E"],"items_purchased_type":["Card","Card","Card"],"build_version":"2020-12-13","purchased_purges":1,"victory":false,"max_hp_per_floor":[77,81,81,81,81,81,81,86,86,86,86,86,86,86,86,86,98,98,98,98,98,100,100,100,100],"card_choices":[{"not_picked":["Dagger Spray","Outmaneuver"],"picked":"Dash","floor":1},{"not_picked":["Quick Slash","Backflip"],"picked":"Leg Sweep","floor":3},{"not_picked":["Dagger Throw","Bane"],"picked":"Burst","floor":4},{"not_picked":["Skewer","Choke"],"picked":"Acrobatics","floor":7},{"not_picked":["Flechettes","Deflect","Deadly Poison"],"picked":"SKIP","floor":10},{"not_picked":["Quick Slash","Backflip"],"picked":"Tactician","floor":11},{"not_picked":["ReplayTheSpireMod:Tripwire","Underhanded Strike","Dagger Throw"],"picked":"SKIP","floor":13},{"not_picked":["Draining Mist","Glass Knife"],"picked":"Poisoned Stab","floor":14},{"not_picked":["Phantasmal Killer","A Thousand Cuts"],"picked":"Bullet Time","floor":16},{"not_picked":["ReplayTheSpireMod:Exploit Weakness","Deflect","Escape Plan"],"picked":"Singing Bowl","floor":17},{"not_picked":["ReplayTheSpireMod:Scrap Shanks","Slice"],"picked":"Setup+1","floor":18},{"not_picked":["PiercingWail","Dagger Spray","Sneak Up"],"picked":"Singing Bowl","floor":22}],"player_experience":229398,"relics_obtained":[{"floor":7,"key":"Tiny Chest"},{"floor":9,"key":"Lantern"},{"floor":11,"key":"Grinning Jar"},{"floor":14,"key":"Singing Bowl"},{"floor":20,"key":"PreservedInsect"}],"event_choices":[{"damage_healed":0,"gold_gain":0,"player_choice":"Donut","damage_taken":0,"max_hp_gain":5,"max_hp_loss":0,"event_name":"Big Fish","floor":8,"gold_loss":0},{"cards_removed":["Strike_G"],"damage_healed":0,"gold_gain":0,"player_choice":"Gave Gold","damage_taken":0,"max_hp_gain":0,"max_hp_loss":0,"event_name":"Beggar","floor":19,"gold_loss":75}],"is_beta":false,"boss_relics":[{"not_picked":["Calling Bell","ChewingGum"],"picked":"Tiny House"}],"items_purged_floors":[21],"is_endless":false,"potions_floor_spawned":[4,7,11,14,16,22],"killed_by":"Gremlin Leader","ascension_level":3}}