{"host":"1mv6gj0zv8k9e9tz","time":1608118202,"event":{"mods":["AchievementEnabler","BaseMod","Better Third Choice","Colored Map","KOR Keyword Fix","Minty Spire (QoL Compilation)","Permanent Neow","Rare Cards Sparkle","StSLib"],"gold_per_floor":[110,110,128,144,144,144,178,178,178,178,103,123,123,143,143,143,143],"floor_reached":16,"playtime":540,"items_purged":["Strike_G"],"score":180,"play_id":"f35a78ec-2078-4210-860e-d5af8c67cb4d","local_time":"20201216203002","is_ascension_mode":true,"campfire_choices":[{"data":"Phantasmal Killer","floor":6,"key":"SMITH"},{"data":"Infinite Blades","floor":8,"key":"SMITH"},{"data":"Calculated Gamble","floor":13,"key":"SMITH"},{"floor":15,"key":"REST"}],"circlet_count":0,"master_deck":["AscendersBane","Strike_G","Strike_G","Strike_G","Strike_G","Defend_G","Defend_G","Defend_G","Defend_G","Survivor","Neutralize","Phantasmal Killer+1","Infinite Blades+1","Crippling Poison","Reflex","Tactician","Calculated Gamble+1","Prepared"],"relics":["Ring of the Snake","Sundial"],"acts_visited":["Exordium"],"potions_floor_usage":[7,14,16],"damage_taken":[{"damage":1,"enemies":"2 Louse","floor":1,"turns":3},{"damage":1,"enemies":"Cultist","floor":3,"turns":4},{"damage":4,"enemies":"Jaw Worm","floor":4,"turns":5},{"damage":21,"enemies":"Gremlin Nob","floor":7,"turns":4},{"damage":17,"enemies":"Lots of Slimes","floor":12,"turns":4},{"damage":4,"enemies":"Blue Slaver","floor":14,"turns":3},{"damage":40,"enemies":"Slime Boss","floor":16,"turns":7}],"seed_played":"-5389231513527118342","potions_obtained":[{"floor":1,"key":"Explosive Potion"},{"floor":12,"key":"Explosive Potion"},{"floor":14,"key":"Fire Potion"}],"is_trial":false,"path_per_floor":["M","?","M","M","?","R","E","R","T","?","$","M","R","M","R","B"],"character_chosen":"THE_SILENT","items_purchased":[],"campfire_rested":1,"item_purchase_floors":[],"current_hp_per_floor":[58,58,57,53,53,53,32,32,32,37,37,20,20,16,37,0,0],"gold":143,"neow_bonus":"ONE_RANDOM_RARE_CARD","is_daily":false,"chose_seed":false,"campfire_upgraded":3,"win_rate":0.0,"timestamp":1608118202,"path_taken":["M","?","M","?","?","R","E","R","T","?","?","M","R","M","R","BOSS"],"items_purchased_type":[],"build_version":"2020-12-13","purchased_purges":1,"victory":false,"max_hp_per_floor":[66,66,66,66,66,66,66,66,66,71,71,71,71,71,71,71,71],"card_choices":[{"not_picked":["Cloak And Dagger","PiercingWail"],"picked":"Infinite Blades","floor":1},{"not_picked":["Acrobatics","Outmaneuver"],"picked":"Crippling Poison","floor":3},{"not_picked":["Concentrate","Choke"],"picked":"Reflex","floor":4},{"not_picked":["Wraith Form v2","Blur"],"picked":"Tactician","floor":7},{"not_picked":["Blur","Dash"],"picked":"Calculated Gamble","floor":12},{"not_picked":["Outmaneuver","Bane"],"picked":"Prepared","floor":14}],"player_experience":473188,"relics_obtained":[{"floor":7,"key":"Sundial"}],"event_choices":[{"cards_removed":["Defend_G"],"damage_healed":0,"gold_gain":0,"player_choice":"Purged","damage_taken":0,"max_hp_gain":0,"max_hp_loss":0,"event_name":"Purifier","floor":2,"gold_loss":0},{"damage_healed":0,"gold_gain":0,"player_choice":"Ignored","damage_taken":144,"max_hp_gain":0,"max_hp_loss":0,"event_name":"betterThird:BetterSerpent","floor":5,"gold_loss":0},{"damage_healed":0,"gold_gain":0,"player_choice":"Donut","damage_taken":0,"max_hp_gain":5,"max_hp_loss":0,"event_name":"Big Fish","floor":10,"gold_loss":0}],"is_beta":false,"boss_relics":[],"items_purged_floors":[11],"is_endless":false,"potions_floor_spawned":[1,12,14],"killed_by":"Slime Boss","ascension_level":16}}