{"host":"7tvb1em0d2fx72q7","time":1608077987,"event":{"mods":["BaseMod","Challenge The Spire","Minty Spire (QoL Compilation)","StSLib","everything is the same but u backflip on backflip"],"gold_per_floor":[111,27,47,122,122,157,157,170,170,195,195,229,243,253,253,329,329,340,351,401,417,332,332,363,313,386,418,17,28,58,4,4,4,4],"floor_reached":33,"playtime":1728,"items_purged":["Strike_R"],"score":706,"play_id":"3d1bba0c-b054-4f21-a99d-f7063fdaab58","local_time":"20201215191947","is_ascension_mode":true,"campfire_choices":[{"data":"Carnage","floor":7.0,"key":"SMITH"},{"data":"Rupture","floor":15.0,"key":"SMITH"},{"floor":23,"key":"REST"},{"floor":32,"key":"REST"}],"circlet_count":0,"master_deck":["AscendersBane","Strike_R","Strike_R","Strike_R","Strike_R","Defend_R","Defend_R","Defend_R","Defend_R","Bash","Anger","Carnage+1","True Grit","Sever Soul","Combust","Power Through","Rupture+1","Intimidate+1","Heavy Blade","Seeing Red+1","True Grit+1","Fiend Fire","Whirlwind","Cleave+1","Shrug It Off+1","Exhume+1","Sword Boomerang+1","Armaments+1","Combust","Reaper","Exhume+1","Armaments+1","Shrug It Off+1"],"relics":["Burning Blood","NeowsBlessing","Gambling Chip","Self Forming Clay","Bag of Marbles","Toxic Egg 2","Prayer Wheel","Fusion Hammer","Bronze Scales","Pocketwatch","InkBottle","White Beast Statue","Bag of Preparation","Red Mask"],"acts_visited":["Exordium","TheCity"],"potions_floor_usage":[16,18,24,30,33,33],"damage_taken":[{"damage":0.0,"enemies":"2 Louse","floor":1.0,"turns":1.0},{"damage":0.0,"enemies":"Small Slimes","floor":3.0,"turns":1.0},{"damage":0.0,"enemies":"Gremlin Nob","floor":6.0,"turns":1.0},{"damage":1.0,"enemies":"Cultist","floor":8.0,"turns":3.0},{"damage":26.0,"enemies":"Lagavulin","floor":10.0,"turns":5.0},{"damage":0.0,"enemies":"Gremlin Nob","floor":12.0,"turns":2.0},{"damage":0.0,"enemies":"3 Louse","floor":13.0,"turns":5.0},{"damage":13.0,"enemies":"Exordium Thugs","floor":14.0,"turns":5.0},{"damage":36,"enemies":"The Guardian","floor":16,"turns":9},{"damage":7,"enemies":"Spheric Guardian","floor":18,"turns":3},{"damage":14,"enemies":"2 Thieves","floor":19,"turns":4},{"damage":16,"enemies":"Sentry and Sphere","floor":21,"turns":5},{"damage":17,"enemies":"Book of Stabbing","floor":24,"turns":5},{"damage":23,"enemies":"Slavers","floor":27,"turns":4},{"damage":3,"enemies":"Centurion and Healer","floor":29,"turns":4},{"damage":0,"enemies":"Masked Bandits","floor":30,"turns":1},{"damage":96,"enemies":"Collector","floor":33,"turns":8}],"seed_played":"1705805959093817934","potions_obtained":[{"floor":8.0,"key":"HeartOfIron"},{"floor":10.0,"key":"Fire Potion"},{"floor":12.0,"key":"FearPotion"},{"floor":14.0,"key":"Explosive Potion"},{"floor":19,"key":"Block Potion"},{"floor":24,"key":"Dexterity Potion"},{"floor":27,"key":"EssenceOfSteel"},{"floor":29,"key":"Energy Potion"},{"floor":30,"key":"Explosive Potion"}],"is_trial":false,"path_per_floor":["M","$","M","?","?","E","R","M","T","E","?","E","M","M","R","B",null,"M","M","?","M","?","R","E","?","T","E","$","M","?","$","R","B"],"character_chosen":"IRONCLAD","items_purchased":["Carnage","Bag of Preparation","Reaper","Shrug It Off+1"],"campfire_rested":2,"item_purchase_floors":[2,28,28,31],"current_hp_per_floor":[74,74,75,64,64,70,70,75,75,55,37,43,49,42,42,12,59,58,50,50,40,40,62,51,51,51,34,34,53,59,59,75,0,0],"gold":4,"neow_bonus":"THREE_ENEMY_KILL","is_daily":false,"chose_seed":false,"campfire_upgraded":2,"win_rate":0.0,"timestamp":1608077987,"path_taken":["M","$","M","?","?","E","R","M","T","E","?","E","M","M","R","BOSS","M","M","?","M","?","R","E","?","T","E","$","?","?","?","R","BOSS"],"items_purchased_type":["Card","Relic","Card","Card"],"build_version":"2020-12-13","purchased_purges":1,"victory":false,"max_hp_per_floor":[75,75,75,75,75,75,75,75,75,75,75,75,75,75,75,75,75,75,75,75,75,75,75,75,75,75,75,75,75,75,75,75,75,75],"card_choices":[{"not_picked":["Perfected Strike","Fire Breathing"],"picked":"Anger","floor":1.0},{"not_picked":["Iron Wave","Perfected Strike"],"picked":"True Grit","floor":3.0},{"not_picked":["Dropkick","Armaments"],"picked":"Sever Soul","floor":6.0},{"not_picked":["Anger","Flex"],"picked":"Combust","floor":8.0},{"not_picked":["Iron Wave","Inflame"],"picked":"Power Through","floor":10.0},{"not_picked":["Perfected Strike","Juggernaut"],"picked":"Rupture","floor":12.0},{"not_picked":["Anger","Pummel"],"picked":"Intimidate+1","floor":13.0},{"not_picked":["Perfected Strike","Sever Soul"],"picked":"Heavy Blade","floor":13.0},{"not_picked":["Fire Breathing","Iron Wave"],"picked":"Seeing Red+1","floor":14.0},{"not_picked":["Hemokinesis","Dual Wield+1"],"picked":"True Grit+1","floor":14.0},{"not_picked":["Corruption","Immolate"],"picked":"Fiend Fire","floor":16},{"not_picked":["Evolve","Flex+1"],"picked":"Whirlwind","floor":18},{"not_picked":["Clothesline","Iron Wave"],"picked":"Cleave+1","floor":18},{"not_picked":["Anger","Blood for Blood"],"picked":"Shrug It Off+1","floor":19},{"not_picked":["Iron Wave","Cleave","Flex+1"],"picked":"SKIP","floor":19},{"not_picked":["Flex+1","Armaments+1"],"picked":"Exhume+1","floor":21},{"not_picked":["Clothesline","Flex+1"],"picked":"Sword Boomerang+1","floor":21},{"not_picked":["Hemokinesis","Sword Boomerang"],"picked":"Armaments+1","floor":24},{"not_picked":["Thunderclap","Ghostly Armor+1"],"picked":"Combust","floor":27},{"not_picked":["Heavy Blade","Wild Strike"],"picked":"Exhume+1","floor":29},{"not_picked":["Ghostly Armor+1","Hemokinesis"],"picked":"Armaments+1","floor":29}],"player_experience":1841795,"relics_obtained":[{"floor":6.0,"key":"Gambling Chip"},{"floor":9.0,"key":"Self Forming Clay"},{"floor":10.0,"key":"Bag of Marbles"},{"floor":12.0,"key":"Prayer Wheel"},{"floor":24,"key":"Pocketwatch"},{"floor":26,"key":"InkBottle"},{"floor":27,"key":"White Beast Statue"},{"floor":30,"key":"Red Mask"}],"event_choices":[{"damage_healed":0.0,"max_hp_gain":0.0,"max_hp_loss":0.0,"gold_gain":75.0,"event_name":"World of Goop","player_choice":"Gather Gold","floor":4.0,"gold_loss":0.0,"damage_taken":11.0},{"damage_healed":0.0,"max_hp_gain":0.0,"max_hp_loss":0.0,"gold_gain":0.0,"event_name":"Liars Game","player_choice":"Ignored","floor":5.0,"gold_loss":0.0,"damage_taken":0.0},{"damage_healed":0.0,"max_hp_gain":0.0,"max_hp_loss":0.0,"gold_gain":0.0,"event_name":"Scrap Ooze","player_choice":"Success","floor":11.0,"gold_loss":0.0,"damage_taken":18.0,"relics_obtained":["Toxic Egg 2"]},{"damage_healed":0,"gold_gain":50,"player_choice":"Stole From Cult","damage_taken":0,"max_hp_gain":0,"max_hp_loss":0,"event_name":"Nest","floor":20,"gold_loss":0},{"damage_healed":0,"gold_gain":0,"player_choice":"Obtained Relic","damage_taken":0,"relics_obtained":["Bronze Scales"],"max_hp_gain":0,"max_hp_loss":0,"event_name":"Addict","floor":22,"gold_loss":85},{"damage_healed":0,"gold_gain":0,"player_choice":"Bet on Murderer","damage_taken":0,"max_hp_gain":0,"max_hp_loss":0,"event_name":"The Joust","floor":25,"gold_loss":50},{"damage_healed":0,"gold_gain":0,"player_choice":"Fought Bandits","damage_taken":0,"max_hp_gain":0,"max_hp_loss":0,"event_name":"Masked Bandits","floor":30,"gold_loss":0}],"is_beta":false,"boss_relics":[{"not_picked":["Coffee Dripper","Mark of Pain"],"picked":"Fusion Hammer"}],"items_purged_floors":[28],"is_endless":false,"potions_floor_spawned":[8,10,12,14,19,24,27,29,30],"killed_by":"Collector","ascension_level":20}}