{"host":"coame8l8goqx0svj","time":1608116519,"event":{"mods":["BaseMod","Downfall","Minty Spire (QoL Compilation)","StSLib"],"gold_per_floor":[99,116,135,146,71,71,71,103,115,161,189,201,213,225,255,362,424,436,468,356,456,211,223,250,250,250,262,280,230,62,77,89,186,186,186,238,153,153,272,286,309,309,309,234,584,188,188,202,212,212],"floor_reached":51,"playtime":4113,"items_purged":["champ:Strike"],"score":795,"play_id":"8331f5fe-e1b9-487c-95cf-411e40cff596","local_time":"20201216120159","daily_mods":["Vintage"],"is_ascension_mode":false,"campfire_choices":[{"floor":1.0,"key":"RECALL"},{"data":"champ:Taunt","floor":5.0,"key":"SMITH"},{"data":"champ:Execute","floor":9.0,"key":"SMITH"},{"data":"champ:HoldFirm","floor":18.0,"key":"SMITH"},{"data":"champ:IgnorePain","floor":26.0,"key":"SMITH"},{"floor":35,"key":"DIG"},{"floor":38,"key":"DIG"},{"floor":44,"key":"DIG"}],"circlet_count":0,"master_deck":["champ:Strike","champ:Strike+1","champ:Defend","champ:Defend","champ:Defend+1","champ:Execute+1","champ:Taunt+1","champ:Backstep","Parasite","champ:HoldFirm+1","champ:Backstep","champ:BerserkerStyle","champ:ArenaPreparation","J.A.X.","champ:EnGarde","champ:GladiatorStyle+1","champ:FocusedDefense+1","champ:IgnorePain+1","champ:FlashCut+1","champ:DeathBlow","champ:Circumvent+1","champ:RapidStrikes+1","champ:RecklessLeap","Enlightenment"],"relics":["champ:ChampionCrown","Shuriken","champ:DuelingGlove","Art of War","downfall:HeartBlessingRed","MawBank","Pear","Pantograph","sneckomod:BlankCard","champ:LiftRelic","Akabeko","Tiny House","MutagenicStrength","Strange Spoon","Shovel","Anchor","Boot","Strawberry","Lee\u0027s Waffle","Potion Belt","MealTicket","expansioncontent:StudyCardRelic","InkBottle","Thread and Needle","Blood Vial","Eternal Feather","Toy Ornithopter","downfall:HeartBlessingBlue","Centennial Puzzle","Old Coin","ClockworkSouvenir","War Paint","champ:FightingForDummies"],"acts_visited":["Exordium","TheCity","TheBeyond"],"potions_floor_usage":[36,45],"damage_taken":[{"damage":6.0,"enemies":"2 Louse","floor":2.0,"turns":4.0},{"damage":5.0,"enemies":"Cultist","floor":3.0,"turns":4.0},{"damage":10.0,"enemies":"Small Slimes","floor":4.0,"turns":3.0},{"damage":5.0,"enemies":"Blue Slaver","floor":8.0,"turns":5.0},{"damage":19.0,"enemies":"Lagavulin","floor":10.0,"turns":4.0},{"damage":1.0,"enemies":"2 Fungi Beasts","floor":11.0,"turns":3.0},{"damage":12.0,"enemies":"Lots of Slimes","floor":15.0,"turns":4.0},{"damage":36.0,"enemies":"downfall:Watcher","floor":16.0,"turns":6.0},{"damage":22.0,"enemies":"3 Byrds","floor":19.0,"turns":11.0},{"damage":9.0,"enemies":"downfall:FleeingMerchant","floor":20.0,"turns":4.0},{"damage":29.0,"enemies":"downfall:Augmenter","floor":21.0,"turns":4.0},{"damage":33.0,"enemies":"downfall:FleeingMerchant","floor":22.0,"turns":4.0},{"damage":21.0,"enemies":"Spheric Guardian","floor":23.0,"turns":5.0},{"damage":17.0,"enemies":"Centurion and Healer","floor":27.0,"turns":8.0},{"damage":21.0,"enemies":"Sentry and Sphere","floor":28.0,"turns":7.0},{"damage":28.0,"enemies":"downfall:FleeingMerchant","floor":30.0,"turns":4.0},{"damage":34.0,"enemies":"Chosen and Byrds","floor":31.0,"turns":12.0},{"damage":7.0,"enemies":"Shelled Parasite and Fungi","floor":32.0,"turns":5.0},{"damage":64.0,"enemies":"downfall:Silent","floor":33.0,"turns":7.0},{"damage":70,"enemies":"2 Orb Walkers","floor":36,"turns":8},{"damage":14,"enemies":"downfall:FleeingMerchant","floor":37,"turns":4},{"damage":0,"enemies":"downfall:FleeingMerchant","floor":39,"turns":2},{"damage":26,"enemies":"3 Darklings","floor":40,"turns":4},{"damage":19,"enemies":"Mind Bloom Boss Battle","floor":45,"turns":4},{"damage":33,"enemies":"3 Shapes","floor":48,"turns":3},{"damage":24,"enemies":"Spire Growth","floor":49,"turns":4},{"damage":73,"enemies":"downfall:Ironclad","floor":50,"turns":9}],"seed_played":"-1914230119576999597","potions_obtained":[{"floor":2.0,"key":"DuplicationPotion"},{"floor":6.0,"key":"Slimebound:ThreeZeroPotion"},{"floor":6.0,"key":"champ:TechniquePotion"},{"floor":10.0,"key":"PowerPotion"},{"floor":17.0,"key":"Regen Potion"},{"floor":31.0,"key":"Fire Potion"},{"floor":33.0,"key":"Dexterity Potion"},{"floor":40,"key":"LiquidBronze"},{"floor":45,"key":"champ:OpenerPotion"},{"floor":48,"key":"AttackPotion"}],"is_trial":true,"path_per_floor":["R","M","M","M","R","?","T","M","R","E","M","?","?","?","M","B",null,"R","M","$","?","$","M","T","?","R","M","M","?","$","M","M","B",null,"R","?","$","R","$","M","T","?","?","R","?","$","?","M","M","B",null],"character_chosen":"THE_CHAMP","items_purchased":["champ:BerserkerStyle","champ:ArenaPreparation","Strange Spoon","champ:FocusedDefense","Lee\u0027s Waffle","champ:DeathBlow","Eternal Feather","ClockworkSouvenir","champ:RecklessLeap","Enlightenment"],"campfire_rested":0,"item_purchase_floors":[20,20,22,22,30,37,39,46,46,46],"current_hp_per_floor":[90,89,89,84,84,84,84,94,94,86,85,85,100,100,93,74,105,105,93,89,79,76,65,65,65,65,63,64,102,119,111,116,113,119,119,54,65,65,82,88,88,88,88,110,129,129,129,126,119,116],"gold":212,"neow_bonus":"","is_daily":false,"chose_seed":false,"campfire_upgraded":4,"win_rate":0.0,"timestamp":1608116519,"path_taken":["R","M","M","M","R","?","T","M","R","E","?","?","?","?","M","BOSS","R","M","$","?","$","M","T","?","R","?","M","?","?","M","M","BOSS","R","?","$","R","$","M","T","?","?","R","?","$","?","?","M","BOSS"],"items_purchased_type":["Card","Card","Relic","Card","Relic","Card","Relic","Relic","Card","Card"],"build_version":"2020-12-13","purchased_purges":1,"victory":true,"max_hp_per_floor":[90,90,90,90,90,90,90,100,100,100,100,100,100,100,100,100,105,105,105,105,105,105,105,105,105,105,105,112,112,119,119,119,119,119,119,119,119,119,119,119,119,119,119,129,129,129,129,129,129,129],"card_choices":[{"not_picked":["champ:Circumvent","champ:StanceDance"],"picked":"champ:Backstep","floor":10.0},{"not_picked":["champ:CrownThrow","champ:SwordThrow"],"picked":"champ:HoldFirm","floor":16.0},{"not_picked":["champ:StanceDance","champ:CalledShot"],"picked":"champ:Backstep","floor":17.0},{"not_picked":["champ:FlashCut+1","champ:GladiatorsShout","champ:BringItOn"],"picked":"SKIP","floor":20.0},{"not_picked":[],"picked":"J.A.X.","floor":21.0},{"not_picked":["champ:CalledShot+1","champ:Lariat"],"picked":"champ:GladiatorStyle+1","floor":22.0},{"not_picked":["champ:FalseCounter","champ:StanceDance","champ:IgnorePain"],"picked":"SKIP","floor":30.0},{"not_picked":["champ:DefensiveShout","champ:BerserkersShout+1"],"picked":"champ:FlashCut+1","floor":37},{"not_picked":["champ:RageSigil","champ:BerserkersShout"],"picked":"champ:Circumvent+1","floor":39},{"not_picked":["champ:BladeFlurry","champ:RageSigil"],"picked":"champ:RapidStrikes+1","floor":45}],"player_experience":1627042,"relics_obtained":[{"floor":2.0,"key":"Shuriken"},{"floor":3.0,"key":"champ:DuelingGlove"},{"floor":4.0,"key":"Art of War"},{"floor":7.0,"key":"MawBank"},{"floor":8.0,"key":"Pear"},{"floor":10.0,"key":"Pantograph"},{"floor":11.0,"key":"sneckomod:BlankCard"},{"floor":15.0,"key":"Akabeko"},{"floor":19.0,"key":"Vajra"},{"floor":21.0,"key":"MutagenicStrength"},{"floor":23.0,"key":"Shovel"},{"floor":24.0,"key":"Anchor"},{"floor":27.0,"key":"Boot"},{"floor":28.0,"key":"Strawberry"},{"floor":31.0,"key":"Potion Belt"},{"floor":32.0,"key":"MealTicket"},{"floor":35,"key":"InkBottle"},{"floor":36,"key":"Thread and Needle"},{"floor":38,"key":"Blood Vial"},{"floor":40,"key":"Toy Ornithopter"},{"floor":44,"key":"Centennial Puzzle"},{"floor":45,"key":"Old Coin"},{"floor":48,"key":"War Paint"},{"floor":49,"key":"champ:FightingForDummies"}],"event_choices":[{"damage_healed":0.0,"max_hp_gain":0.0,"max_hp_loss":0.0,"gold_gain":0.0,"event_name":"Lab","player_choice":"Got Potions","floor":6.0,"gold_loss":0.0,"damage_taken":0.0},{"damage_healed":25.0,"max_hp_gain":0.0,"max_hp_loss":0.0,"gold_gain":0.0,"event_name":"Mushrooms","player_choice":"Healed and dodged fight","floor":13.0,"gold_loss":0.0,"damage_taken":0.0,"cards_obtained":["Parasite"]},{"damage_healed":0,"gold_gain":0,"player_choice":"Fight","damage_taken":0,"max_hp_gain":0,"max_hp_loss":0,"event_name":"Mysterious Sphere","floor":36,"gold_loss":0},{"cards_removed":["champ:Defend"],"damage_healed":0,"gold_gain":0,"player_choice":"Removed Skill","damage_taken":0,"max_hp_gain":0,"max_hp_loss":0,"event_name":"Falling","floor":43,"gold_loss":0}],"is_beta":false,"boss_relics":[{"not_picked":["Fusion Hammer","champ:PowerArmor"],"picked":"Tiny House"},{"not_picked":["Sozu","Runic Dome"],"picked":"expansioncontent:StudyCardRelic"}],"items_purged_floors":[46],"is_endless":false,"potions_floor_spawned":[2,8,10,15,23,27,28,31,33,40,45,48],"ascension_level":0}}