{"host":"xkcp1i6l4yppoyj3","time":1608113561,"event":{"mods":["2.2 Compatiblity","AchievementEnabler","BaseMod","Colored Map","Colored Powertips","DeckTracker","Highlight Path","KOR Keyword Fix","Keyboard Shortcuts","Minty Spire (QoL Compilation)","Quick Restart","Relic Stats","StSLib","SuperFastMode","The Hierophant"],"gold_per_floor":[112,62,62,76,1,26,26,26,26,26,26,26,37,55,55,55,55],"floor_reached":16,"playtime":180,"items_purged":["hierophant:Defend_Hierophant"],"score":141,"play_id":"8ea357ba-b570-432e-bd45-7701dcd14439","local_time":"20201216191241","is_ascension_mode":true,"campfire_choices":[{"data":"hierophant:Punish","floor":8,"key":"SMITH"},{"data":"hierophant:ChurchCoffers","floor":10,"key":"SMITH"},{"data":"hierophant:Embezzle","floor":12,"key":"SMITH"},{"floor":15,"key":"REST"}],"circlet_count":0,"master_deck":["hierophant:Strike_Hierophant","hierophant:Strike_Hierophant","hierophant:Strike_Hierophant","hierophant:Punish+1","hierophant:Defend_Hierophant","hierophant:Defend_Hierophant","hierophant:Defend_Hierophant","hierophant:ChurchCoffers+1","hierophant:Embezzle+1"],"relics":["hierophant:PropheticMaskRelic","NeowsBlessing","Bag of Marbles","Art of War"],"acts_visited":["Exordium"],"potions_floor_usage":[],"damage_taken":[{"damage":0,"enemies":"Jaw Worm","floor":1,"turns":1},{"damage":0,"enemies":"Cultist","floor":4,"turns":1},{"damage":0,"enemies":"Gremlin Nob","floor":6,"turns":1},{"damage":4,"enemies":"Small Slimes","floor":13,"turns":2},{"damage":0,"enemies":"3 Louse","floor":14,"turns":2},{"damage":0,"enemies":"The Guardian","floor":16,"turns":1}],"seed_played":"282244785137707668","potions_obtained":[{"floor":1,"key":"Fire Potion"},{"floor":4,"key":"Strength Potion"},{"floor":6,"key":"FairyPotion"}],"is_trial":false,"path_per_floor":["M","?","$","M","$","E","?","R","T","R","$","R","M","M","R","B"],"character_chosen":"HIEROPHANT","items_purchased":[],"campfire_rested":1,"item_purchase_floors":[],"current_hp_per_floor":[75,75,75,75,75,75,80,80,80,80,80,80,76,76,80,80,80],"gold":55,"neow_bonus":"THREE_ENEMY_KILL","is_daily":false,"chose_seed":false,"campfire_upgraded":3,"win_rate":0.0,"timestamp":1608113561,"path_taken":["M","?","$","M","$","E","?","R","T","R","?","R","M","?","R","BOSS"],"items_purchased_type":[],"build_version":"2020-12-13","purchased_purges":1,"victory":false,"max_hp_per_floor":[75,75,75,75,75,75,80,80,80,80,80,80,80,80,80,80,80],"relic_stats":{"counters":[6,7],"Art of War":[0],"obtain_stats":[{"NeowsBlessing":0,"hierophant:PropheticMaskRelic":0,"Bag of Marbles":6,"Art of War":9},{"NeowsBlessing":0,"hierophant:PropheticMaskRelic":0,"Bag of Marbles":3,"Art of War":3},{"NeowsBlessing":0,"hierophant:PropheticMaskRelic":0,"Bag of Marbles":3,"Art of War":3}]},"card_choices":[{"not_picked":["hierophant:Doomsaying","hierophant:Encroach"],"picked":"hierophant:Embezzle","floor":1},{"not_picked":["hierophant:DisplayOfPower","hierophant:MirrorShield","hierophant:Sermon"],"picked":"SKIP","floor":4},{"not_picked":["hierophant:SecretStash","hierophant:RecallFunds","hierophant:Empathy"],"picked":"SKIP","floor":6},{"not_picked":["hierophant:Shelter","hierophant:Sermon","hierophant:Zeal"],"picked":"SKIP","floor":13},{"not_picked":["hierophant:EyeForCoin","hierophant:AuricBeam","hierophant:HolyVerse"],"picked":"SKIP","floor":14}],"player_experience":486415,"relics_obtained":[{"floor":6,"key":"Bag of Marbles"},{"floor":9,"key":"Art of War"}],"event_choices":[{"cards_removed":["hierophant:Strike_Hierophant"],"damage_healed":0,"gold_gain":0,"player_choice":"Card Removal","damage_taken":0,"max_hp_gain":0,"max_hp_loss":0,"event_name":"The Cleric","floor":2,"gold_loss":50},{"damage_healed":0,"gold_gain":0,"player_choice":"Donut","damage_taken":0,"max_hp_gain":5,"max_hp_loss":0,"event_name":"Big Fish","floor":7,"gold_loss":0}],"is_beta":false,"boss_relics":[],"items_purged_floors":[5],"is_endless":false,"potions_floor_spawned":[1,4,6],"killed_by":"The Guardian","ascension_level":3}}