{"host":"ugz4vp1q9h8kwbfq","time":1608079991,"event":{"mods":["2.2 Compatiblity","Act Like it!","Aspiration","BaseMod","Better Altar","Better Match","Better Note","Better Sensory Stone","Better Skull","Better Synergies","Better Third Choice","Better Vampires","Block Reminder","Colored Map","Colored Powertips","Colorless Booster Pack","Downfall","Energized Spire","GifTheSpireLib","Googly Eyes","Hubris","Infinite Spire","Jedi Mod","Minty Spire (QoL Compilation)","Potion Indicator Mod","Replay The Spire","SacredBarkPlus","Shop Mod","Spikes Relics","StSLib","Stuff the Spire","The Awakened One except there are too many feathers","The IronCluck","Trackpad","everything is the same but u backflip on backflip","slay the spire mod where everything is the same but ironclad has a cowboy hat","vexMod"],"gold_per_floor":[0,0,12,23,23,69,93,125,50,82,67,52,70,37,55,150,150,0,15,33,44,44,77,127,127,145,173,193,193,193,193],"floor_reached":30,"playtime":8391,"items_purged":[],"score":343,"play_id":"2a67df29-6d00-433e-bb3e-51163d48ee55","local_time":"20201215185311","is_ascension_mode":true,"campfire_choices":[{"floor":1,"key":"DIG"},{"floor":5,"key":"RECALL"},{"data":"champ:EnragedBash","floor":9,"key":"SMITH"},{"data":"champ:CalledShot","floor":22,"key":"SMITH"},{"floor":25,"key":"REST"}],"circlet_count":0,"master_deck":["champ:Strike","champ:Strike+1","champ:Defend","champ:Defend","champ:Execute","champ:Taunt","champ:GutPunch","champ:HeartStrike","champ:AdrenalArmor","champ:Encircle+1","champ:EnragedBash+1","champ:PerfectForm","champ:FanOfKnives","champ:Shatter","champ:RisingSlash","champ:CheapShot","champ:GladiatorsShout","champ:BerserkerStyle","champ:StanceDance","champ:CalledShot+1","champ:IgnorePain","champ:FocusedBerserking+1","champ:ViciousMockery","champ:BerserkerStyle"],"relics":["champ:ChampionCrown","aspiration:HiddenCompartment","aspiration:Lifesprig","downfall:HeartBlessingRed","Onion Ring","Replay:Baseball","Whetstone","Honey Jar","downfall:HeartBlessingGreen","downfall:HeartBlessingBlue","Centennial Puzzle","SpikesRelics:DaevaFist","MealTicket"],"acts_visited":["Exordium","TheCity"],"potions_floor_usage":[10,10,10,11,11,11,16,21,23],"damage_taken":[{"damage":5,"enemies":"Small Slimes","floor":3,"turns":2},{"damage":30,"enemies":"Cultist","floor":4,"turns":6},{"damage":21,"enemies":"Lagavulin","floor":8,"turns":6},{"damage":7,"enemies":"Gremlin Nob","floor":10,"turns":2},{"damage":25,"enemies":"downfall:FleeingMerchant","floor":11,"turns":4},{"damage":43,"enemies":"downfall:FleeingMerchant","floor":12,"turns":4},{"damage":8,"enemies":"Jaw Worm","floor":13,"turns":2},{"damage":21,"enemies":"downfall:FleeingMerchant","floor":14,"turns":4},{"damage":13,"enemies":"Large Slime","floor":15,"turns":3},{"damage":41,"enemies":"downfall:Ironclad","floor":16,"turns":6},{"damage":33,"enemies":"Shell Parasite","floor":19,"turns":4},{"damage":47,"enemies":"3 Byrds","floor":20,"turns":4},{"damage":39,"enemies":"3 Cultists","floor":21,"turns":4},{"damage":60,"enemies":"Slavers","floor":23,"turns":3},{"damage":39,"enemies":"Snake Plant","floor":26,"turns":3},{"damage":47,"enemies":"Gremlin Leader","floor":27,"turns":6},{"damage":36,"enemies":"Snecko","floor":28,"turns":3},{"damage":37,"enemies":"Shelled Parasite and Fungi","floor":30,"turns":2}],"seed_played":"3734485419949168668","potions_obtained":[{"floor":3,"key":"Explosive Potion"},{"floor":6,"key":"AttackPotion"},{"floor":6,"key":"EntropicBrew"},{"floor":15,"key":"Block Potion"},{"floor":19,"key":"Strength Potion"},{"floor":21,"key":"Reflective Coating"},{"floor":28,"key":"SpeedPotion"}],"is_trial":false,"path_per_floor":["R_BF","?","M","M","R","?","T","E","R","E","$","$","M","$","M","B",null,"R_BF","M","M","M","R","E","T","R","M","E","M","?","M"],"character_chosen":"THE_CHAMP","items_purchased":["champ:Shatter","Replay:Baseball","Whetstone"],"campfire_rested":1,"item_purchase_floors":[14,14,14],"current_hp_per_floor":[90,90,90,71,71,71,71,72,72,72,72,57,57,54,54,38,90,100,87,76,67,67,34,34,65,49,70,63,32,0,0],"gold":193,"neow_bonus":"REMOVE_TWO","is_daily":false,"chose_seed":false,"campfire_upgraded":2,"win_rate":0.0,"timestamp":1608079991,"path_taken":["R_BF","?","M","?","R","?","T","E","R","E","$","$","M","?","M","BOSS","R_BF","M","M","M","R","E","T","R","M","E","M","?","M"],"items_purchased_type":["Card","Relic","Relic"],"build_version":"2020-12-13","purchased_purges":0,"victory":false,"max_hp_per_floor":[90,90,90,90,90,90,90,90,90,90,90,90,90,90,90,90,90,100,100,105,105,105,105,105,105,105,105,105,105,105,105],"card_choices":[{"not_picked":["champ:Lariat","champ:BladeFlurry"],"picked":"champ:HeartStrike","floor":3},{"not_picked":["champ:Backstep","champ:DefensiveShout"],"picked":"champ:AdrenalArmor","floor":4},{"not_picked":["champ:ArenaPreparation","champ:SkillfulDodge"],"picked":"champ:Encircle","floor":6},{"not_picked":["champ:FlashCut","champ:DefensiveStyle"],"picked":"champ:EnragedBash","floor":8},{"not_picked":["champ:FlashCut","champ:StanceDance"],"picked":"champ:FightOn","floor":10},{"not_picked":["champ:Encircle","champ:DefensiveShout","champ:BladeFlurry"],"picked":"SKIP","floor":11},{"not_picked":["champ:GladiatorsShout","champ:ShieldWall"],"picked":"champ:PerfectForm","floor":12},{"not_picked":["champ:PerfectedStrike","champ:PreciseThrust","champ:BringItOn"],"picked":"SKIP","floor":13},{"not_picked":["champ:StanceDance","champ:GladiatorsShout"],"picked":"champ:FanOfKnives","floor":14},{"not_picked":["champ:BerserkersShout","champ:Encircle"],"picked":"champ:RisingSlash","floor":15},{"not_picked":["champ:HoldFirm","champ:DancingMaster"],"picked":"champ:CheapShot","floor":16},{"not_picked":["champ:FlashCut","champ:FocusedDefense+1","champ:FalseCounter"],"picked":"champ:BerserkerStyle","floor":19},{"not_picked":["champ:AdrenalArmor","champ:BerserkersShout","champ:GladiatorsShout"],"picked":"champ:StanceDance","floor":20},{"not_picked":["champ:Backstep","champ:BerserkerStyle","champ:StanceDance"],"picked":"champ:CalledShot","floor":21},{"not_picked":["champ:TornadoPunch+1","champ:FanOfKnives","champ:StanceDance"],"picked":"champ:IgnorePain","floor":23},{"not_picked":["champ:TornadoPunch","champ:RapidStrikes","champ:PerfectedStrike"],"picked":"champ:FocusedBerserking+1","floor":26},{"not_picked":["champ:BladeFlurry","champ:TornadoPunch+1","champ:BringItOn"],"picked":"champ:ViciousMockery","floor":27},{"not_picked":["champ:HeartStrike","champ:ArenaPreparation","champ:DefensiveShout"],"picked":"champ:BerserkerStyle","floor":28}],"player_experience":434245,"relics_obtained":[{"floor":1,"key":"aspiration:HiddenCompartment"},{"floor":8,"key":"aspiration:Lifesprig"},{"floor":10,"key":"Onion Ring"},{"floor":23,"key":"Centennial Puzzle"},{"floor":24,"key":"SpikesRelics:DaevaFist"},{"floor":27,"key":"MealTicket"}],"event_choices":[{"damage_healed":0,"gold_gain":0,"cards_transformed":["champ:Strike"],"player_choice":"Transformed","damage_taken":0,"max_hp_gain":0,"max_hp_loss":0,"event_name":"Transmorgrifier","floor":2,"gold_loss":0,"cards_obtained":["champ:GutPunch"]}],"is_beta":false,"boss_relics":[{"not_picked":["energizedSpire:RedRose","Painkiller Herb"],"picked":"Honey Jar"}],"items_purged_floors":[],"is_endless":false,"potions_floor_spawned":[3,8,15,19,21,28],"killed_by":"Shelled Parasite and Fungi","ascension_level":1}}