{"host":"1bmpebsu0h6jmm2g","time":1608095601,"event":{"mods":["BaseMod","Colored Map","DeckTracker","Highlight Path","Keyboard Shortcuts","Minty Spire (QoL Compilation)","Permanent Neow","Quick Restart","Random Character Button","Relic Stats","Slay the Relics Exporter","StSLib","SuperFastMode"],"gold_per_floor":[10,28,28,103,28,28,66,66,66,89,89,163,184,202,202,328,328,353,377,377,292,292,333,333,368,418,431,176,194,194,205,205,303,303,317,334,350,363,238,269,269,304,328,77,107,107,119,119,119,119],"floor_reached":51,"playtime":1137,"items_purged":["Strike_B","Strike_B","Defend_B","Decay"],"score":1380,"play_id":"7ae4c8ed-0135-4756-b835-1cef407ae170","local_time":"20201216141321","is_ascension_mode":true,"campfire_choices":[{"data":"Streamline","floor":6.0,"key":"SMITH"},{"data":"Zap","floor":11.0,"key":"SMITH"},{"floor":15.0,"key":"REST"},{"data":"Coolheaded","floor":24.0,"key":"SMITH"},{"floor":32.0,"key":"REST"},{"data":"Force Field","floor":46,"key":"SMITH"},{"data":"Coolheaded","floor":49,"key":"SMITH"}],"circlet_count":0,"master_deck":["AscendersBane","Defend_B","Zap+1","Dualcast","Streamline+1","Core Surge","Coolheaded+1","Biased Cognition+1","Electrodynamics+1","Barrage+1","Undo","Capacitor+1","Loop+1","Creative AI+1","Compile Driver+1","Force Field+1","Coolheaded+1"],"relics":["Cracked Core","Bloody Idol","Frozen Egg 2","Darkstone Periapt","Question Card","Nuclear Battery","Pear","Singing Bowl","Orichalcum","Mummified Hand","Centennial Puzzle","Dream Catcher","Blood Vial","Empty Cage","Incense Burner","Potion Belt","DataDisk","Pen Nib"],"acts_visited":["Exordium","TheCity","TheBeyond"],"potions_floor_usage":[45,50,50,50],"damage_taken":[{"damage":4.0,"enemies":"Jaw Worm","floor":1.0,"turns":4.0},{"damage":0.0,"enemies":"2 Louse","floor":2.0,"turns":1.0},{"damage":18.0,"enemies":"Gremlin Nob","floor":7.0,"turns":3.0},{"damage":5.0,"enemies":"Small Slimes","floor":10.0,"turns":2.0},{"damage":16.0,"enemies":"Gremlin Nob","floor":12.0,"turns":3.0},{"damage":14.0,"enemies":"Exordium Wildlife","floor":13.0,"turns":3.0},{"damage":6.0,"enemies":"Red Slaver","floor":14.0,"turns":3.0},{"damage":10.0,"enemies":"Hexaghost","floor":16.0,"turns":8.0},{"damage":14.0,"enemies":"Shell Parasite","floor":18.0,"turns":4.0},{"damage":2.0,"enemies":"Chosen","floor":19.0,"turns":3.0},{"damage":10.0,"enemies":"Slavers","floor":23.0,"turns":2.0},{"damage":29.0,"enemies":"Book of Stabbing","floor":25.0,"turns":4.0},{"damage":1.0,"enemies":"Centurion and Healer","floor":27.0,"turns":3.0},{"damage":0.0,"enemies":"Snecko","floor":29.0,"turns":3.0},{"damage":6.0,"enemies":"Chosen and Byrds","floor":31.0,"turns":3.0},{"damage":20.0,"enemies":"Automaton","floor":33.0,"turns":6.0},{"damage":0.0,"enemies":"3 Darklings","floor":35.0,"turns":2.0},{"damage":8.0,"enemies":"3 Shapes","floor":36.0,"turns":2.0},{"damage":0.0,"enemies":"3 Darklings","floor":37.0,"turns":4.0},{"damage":8.0,"enemies":"Spire Growth","floor":38.0,"turns":3.0},{"damage":16.0,"enemies":"Giant Head","floor":40.0,"turns":6.0},{"damage":39,"enemies":"Nemesis","floor":42,"turns":5},{"damage":0,"enemies":"Giant Head","floor":45,"turns":5},{"damage":1,"enemies":"Maw","floor":47,"turns":6},{"damage":0,"enemies":"Time Eater","floor":50,"turns":7}],"seed_played":"-3282132574181673200","potions_obtained":[{"floor":7.0,"key":"FocusPotion"},{"floor":12.0,"key":"PotionOfCapacity"},{"floor":14.0,"key":"FearPotion"},{"floor":25.0,"key":"SteroidPotion"},{"floor":27.0,"key":"Energy Potion"},{"floor":29.0,"key":"Energy Potion"},{"floor":38.0,"key":"Fruit Juice"},{"floor":47,"key":"SkillPotion"},{"floor":48,"key":"EssenceOfDarkness"}],"is_trial":false,"path_per_floor":["M","M","?","?","$","R","E","?","T","M","R","?","M","M","R","B",null,"M","M","T","?","?","E","R","E","T","M","$","M","?","M","R","B",null,"M","M","M","M","$","E","?","E","T","$","E","R","M","?","R","B",null],"character_chosen":"DEFECT","items_purchased":["Blood Vial","PowerPotion","SkillPotion"],"campfire_rested":2,"item_purchase_floors":[28,44,44],"current_hp_per_floor":[64,64,46,35,35,35,17,42,42,37,37,21,7,1,23,13,60,46,44,54,54,54,46,46,17,17,16,16,20,20,21,49,36,77,86,87,94,97,97,90,96,66,71,71,80,80,86,86,86,88],"gold":119,"neow_bonus":"REMOVE_TWO","is_daily":false,"chose_seed":false,"campfire_upgraded":5,"win_rate":0.0,"timestamp":1608095601,"path_taken":["M","M","?","?","$","R","E","?","T","M","R","?","?","M","R","BOSS","M","M","?","?","?","E","R","E","T","M","?","M","?","M","R","BOSS","M","M","M","M","$","E","?","E","T","$","E","R","?","?","R","BOSS"],"items_purchased_type":["Relic","Potion","Potion"],"build_version":"2020-12-13","purchased_purges":4,"victory":true,"max_hp_per_floor":[75,75,75,75,75,75,75,75,75,75,75,75,75,75,75,75,75,75,75,85,85,85,87,87,87,87,87,87,89,89,89,91,91,91,93,95,95,100,100,102,108,110,110,110,112,112,112,112,112,112],"relic_stats":{"Darkstone Periapt":6,"Blood Vial":23,"Centennial Puzzle":[24],"Dream Catcher":1,"Singing Bowl":16,"counters":[25,94],"Mummified Hand":[105],"Bloody Idol":55,"Pen Nib":[1],"Orichalcum":[72],"Question Card":21,"obtain_stats":[{"Darkstone Periapt":9,"Potion Belt":42,"Pear":20,"Singing Bowl":21,"Golden Idol":3,"Pen Nib":45,"Incense Burner":40,"Frozen Egg 2":7,"Orichalcum":22,"Question Card":12,"Empty Cage":34,"Nuclear Battery":17,"Blood Vial":28,"Centennial Puzzle":25,"Dream Catcher":26,"DataDisk":43,"Mummified Hand":23,"Bloody Idol":30,"Cracked Core":0},{"Darkstone Periapt":3,"Potion Belt":22,"Pear":10,"Singing Bowl":10,"Golden Idol":2,"Pen Nib":23,"Incense Burner":21,"Frozen Egg 2":3,"Orichalcum":10,"Question Card":4,"Empty Cage":16,"Nuclear Battery":8,"Blood Vial":13,"Centennial Puzzle":12,"Dream Catcher":12,"DataDisk":22,"Mummified Hand":11,"Bloody Idol":14,"Cracked Core":0},{"Darkstone Periapt":8,"Potion Belt":76,"Pear":34,"Singing Bowl":34,"Golden Idol":5,"Pen Nib":81,"Incense Burner":71,"Frozen Egg 2":8,"Orichalcum":34,"Question Card":10,"Empty Cage":55,"Nuclear Battery":27,"Blood Vial":43,"Centennial Puzzle":40,"Dream Catcher":40,"DataDisk":76,"Mummified Hand":36,"Bloody Idol":46,"Cracked Core":0}]},"card_choices":[{"not_picked":["Rebound","Sweeping Beam"],"picked":"Streamline","floor":1.0},{"not_picked":["Cold Snap","Rebound"],"picked":"Core Surge","floor":2.0},{"not_picked":["Doom and Gloom","Rip and Tear","Turbo"],"picked":"SKIP","floor":7.0},{"not_picked":["Streamline","Genetic Algorithm","Melter"],"picked":"SKIP","floor":10.0},{"not_picked":["Tempest","Ball Lightning","Streamline"],"picked":"Coolheaded","floor":13.0},{"not_picked":["Leap","Cold Snap","Ball Lightning"],"picked":"Biased Cognition+1","floor":14.0},{"not_picked":["Multi-Cast","Seek","Machine Learning+1"],"picked":"Electrodynamics+1","floor":16.0},{"not_picked":["Turbo+1","Melter","Compile Driver"],"picked":"Barrage+1","floor":18.0},{"not_picked":["Turbo","Conserve Battery","Sunder","Rebound"],"picked":"SKIP","floor":19.0},{"not_picked":["Cold Snap","Reinforced Body","Hologram","Barrage"],"picked":"Singing Bowl","floor":23.0},{"not_picked":["Stack","Compile Driver","Rebound"],"picked":"Undo","floor":25.0},{"not_picked":["Darkness","Leap","Turbo"],"picked":"Capacitor+1","floor":27.0},{"not_picked":["BootSequence","Melter","Streamline","Hologram"],"picked":"Singing Bowl","floor":29.0},{"not_picked":["Steam","Electrodynamics+1","Stack"],"picked":"Loop+1","floor":31.0},{"not_picked":["Barrage","Turbo","Hologram+1","Beam Cell"],"picked":"Singing Bowl","floor":32.0},{"not_picked":["Amplify","Multi-Cast","Core Surge"],"picked":"Creative AI+1","floor":33.0},{"not_picked":["Sweeping Beam","Auto Shields+1","Steam","Barrage"],"picked":"Singing Bowl","floor":35.0},{"not_picked":["Redo","Hologram","Cold Snap","Melter"],"picked":"Singing Bowl","floor":36.0},{"not_picked":["Lockon+1","Stack","Doom and Gloom"],"picked":"Compile Driver+1","floor":37.0},{"not_picked":["Turbo","Compile Driver+1","Static Discharge+1"],"picked":"Force Field","floor":38.0},{"not_picked":["Gash+1","Hologram","Streamline+1","Steam"],"picked":"Singing Bowl","floor":40.0},{"not_picked":["Cold Snap","Electrodynamics+1","Gash","Beam Cell"],"picked":"Singing Bowl","floor":42},{"not_picked":["Compile Driver","Tempest","Gash","Capacitor+1"],"picked":"Singing Bowl","floor":45},{"not_picked":["Aggregate+1","Stack","Loop+1"],"picked":"Coolheaded","floor":47}],"player_experience":474267,"relics_obtained":[{"floor":7.0,"key":"Frozen Egg 2"},{"floor":9.0,"key":"Darkstone Periapt"},{"floor":20.0,"key":"Pear"},{"floor":23.0,"key":"Mummified Hand"},{"floor":25.0,"key":"Centennial Puzzle"},{"floor":26.0,"key":"Dream Catcher"},{"floor":40.0,"key":"Incense Burner"},{"floor":42,"key":"Potion Belt"},{"floor":43,"key":"DataDisk"},{"floor":45,"key":"Pen Nib"}],"event_choices":[{"damage_healed":0.0,"max_hp_gain":0.0,"max_hp_loss":0.0,"gold_gain":0.0,"event_name":"Golden Idol","player_choice":"Take Damage","floor":3.0,"gold_loss":0.0,"damage_taken":18.0,"relics_obtained":["Golden Idol"]},{"damage_healed":0.0,"max_hp_gain":0.0,"max_hp_loss":0.0,"gold_gain":75.0,"event_name":"World of Goop","player_choice":"Gather Gold","floor":4.0,"gold_loss":0.0,"damage_taken":11.0},{"damage_healed":25.0,"max_hp_gain":0.0,"max_hp_loss":0.0,"gold_gain":0.0,"event_name":"Big Fish","player_choice":"Banana","floor":8.0,"gold_loss":0.0,"damage_taken":0.0},{"damage_healed":0.0,"max_hp_gain":0.0,"max_hp_loss":0.0,"gold_gain":0.0,"event_name":"Dead Adventurer","player_choice":"Searched \u00272\u0027 times","floor":12.0,"gold_loss":0.0,"damage_taken":0.0,"relics_obtained":["Question Card"]},{"damage_healed":0.0,"max_hp_gain":0.0,"max_hp_loss":0.0,"gold_gain":0.0,"event_name":"Addict","player_choice":"Obtained Relic","floor":21.0,"gold_loss":85.0,"damage_taken":0.0,"relics_obtained":["Singing Bowl"]},{"damage_healed":0.0,"max_hp_gain":0.0,"max_hp_loss":0.0,"gold_gain":0.0,"event_name":"The Mausoleum","player_choice":"Opened","floor":22.0,"gold_loss":0.0,"damage_taken":0.0,"relics_obtained":["Orichalcum"]},{"damage_healed":0.0,"max_hp_gain":0.0,"max_hp_loss":0.0,"gold_gain":0.0,"event_name":"Forgotten Altar","player_choice":"Gave Idol","floor":30.0,"relics_lost":["Golden Idol"],"gold_loss":0.0,"damage_taken":0.0,"relics_obtained":["Bloody Idol"]},{"damage_healed":0.0,"max_hp_gain":0.0,"max_hp_loss":0.0,"gold_gain":0.0,"event_name":"Wheel of Change","player_choice":"Cursed","floor":41.0,"gold_loss":0.0,"damage_taken":0.0,"cards_obtained":["Decay"]},{"damage_healed":0,"gold_gain":0,"player_choice":"Got Potions","damage_taken":0,"max_hp_gain":0,"max_hp_loss":0,"event_name":"Lab","floor":48,"gold_loss":0}],"is_beta":false,"boss_relics":[{"not_picked":["Pandora\u0027s Box","Fusion Hammer"],"picked":"Nuclear Battery"},{"not_picked":["Velvet Choker","Cursed Key"],"picked":"Empty Cage"}],"items_purged_floors":[5,28,39,44],"is_endless":false,"potions_floor_spawned":[7,12,14,16,18,25,27,29,37,38,47],"ascension_level":12}}