{"host":"hfvpa4llnnjpeawn","time":1608143685,"event":{"mods":["2.2 Compatiblity","AchievementEnabler","Act Like it!","Aspiration","Bard","BaseMod","Beaked The Cultist","Better Skull","Better Third Choice","BetterRewards","CapriCore","Conspire","Downfall","Elementarium","Energized Spire","Hermit","Hubris","Jorbs\u0027s Wanderer Trilogy","Koishi","Lobotomy","Minty Spire (QoL Compilation)","Replay The Spire","Shade Mod","Spicy Shops","StSLib","The Bladedancer","The Factory","The Gatherer","The Jungle","Waifu the Spire","Wandering Minibosses"],"gold_per_floor":[111,125,47,61,20,20,20,40,64,64,2,28,63,80,80,181,181,196,196,196,215,228,43,43,43,43,43,76,184,184,208,208,313,313,324,337,166,166,185,185,214,239,239,239,258,258,258],"floor_reached":46,"playtime":2320,"items_purged":["beaked:Strike_Y"],"score":564,"play_id":"742b39b4-2b8b-410b-bccf-ede0a9e44bc8","local_time":"20201216133445","is_ascension_mode":false,"campfire_choices":[{"floor":6,"key":"RECALL"},{"floor":15,"key":"REST"},{"data":"beaked:Overpower","floor":27,"key":"SMITH"},{"data":"beaked:WarriorSpirit","floor":30,"key":"SMITH"},{"floor":32,"key":"DIG"},{"floor":40,"key":"REST"}],"circlet_count":0,"master_deck":["beaked:Strike_Y+1","beaked:Strike_Y","beaked:Strike_Y","beaked:Strike_Y","beaked:Defend_Y","beaked:Defend_Y","beaked:Defend_Y","beaked:Defend_Y","beaked:Ceremony","beaked:Ceremony","beaked:Ceremony","Decay","Normality","beaked:DigDeep","beaked:Overpower","beaked:Overpower+1","beaked:SurvivalInstinct","beaked:BraceForImpact","beaked:Tweet+1","beaked:Flinch","beaked:MachineEssence","beaked:Overpower","beaked:RuinSticks+1","beaked:Evade","beaked:Overpower","beaked:BloodForTheGods","beaked:WarriorSpirit+1","beaked:StunningBlow","beaked:KnowThyFoe","beaked:WarriorEssence","Writhe","beaked:BarbedWire+1","beaked:Overpower+1","beaked:Brace"],"relics":["beaked:MendingPlumage","Replay:Fungal Core","betterThird:SlimedRelic","Vajra","Tiny Chest","Gremlin Food","hubris:TinFlute","hubris:Backtick","aspiration:KaomsHeart"],"acts_visited":["Exordium","Exordium","TheBeyond"],"potions_floor_usage":[18,35,41,45,45,46],"damage_taken":[{"damage":27,"enemies":"Cultist","floor":1,"turns":5},{"damage":6,"enemies":"2 Louse","floor":2,"turns":2},{"damage":3,"enemies":"conspire:RoseBush","floor":4,"turns":2},{"damage":17,"enemies":"Exordium Wildlife","floor":8,"turns":4},{"damage":39,"enemies":"3 Sentries","floor":13,"turns":9},{"damage":25,"enemies":"Blue Slaver","floor":14,"turns":5},{"damage":36,"enemies":"Hexaghost","floor":16,"turns":10},{"damage":3,"enemies":"Elementarium:MUD_AND_TAR_GOLEMS","floor":18,"turns":3},{"damage":0,"enemies":"Elementarium:2_ELEMENTALS","floor":21,"turns":1},{"damage":11,"enemies":"Elementarium:VoidBeast","floor":22,"turns":4},{"damage":38,"enemies":"Elementarium:FIRE_NOBILITY","floor":28,"turns":7},{"damage":136,"enemies":"Elementarium:GolemEmperor","floor":33,"turns":11},{"damage":42,"enemies":"3 Shapes","floor":35,"turns":3},{"damage":16,"enemies":"Orb Walker","floor":36,"turns":4},{"damage":67,"enemies":"Jaw Worm Horde","floor":39,"turns":6},{"damage":99,"enemies":"Reptomancer","floor":41,"turns":6},{"damage":41,"enemies":"Spire Growth","floor":45,"turns":5},{"damage":214,"enemies":"beaked:SuperParasite","floor":46,"turns":13}],"seed_played":"-1361082904115123914","potions_obtained":[{"floor":2,"key":"Elixir"},{"floor":4,"key":"Adrenaline Potion"},{"floor":14,"key":"BlessingOfTheForge"},{"floor":28,"key":"SpeedPotion"},{"floor":36,"key":"PowerPotion"},{"floor":41,"key":"Adrenaline Potion"},{"floor":45,"key":"FairyPotion"}],"is_trial":false,"path_per_floor":["M","M","$","M","?","R","?","M","T","?","$","T","E","M","R","B",null,"M","?","T","M","M","$","?","$","T","R","E","?","R","T","R","B",null,"M","M","$","?","M","R","E","T","T","?","M","E"],"character_chosen":"BEAKED_THE_CULTIST","items_purchased":["beaked:Overpower","beaked:Tweet","beaked:Overpower","beaked:BloodForTheGods","beaked:WarriorSpirit","BlessingOfTheForge","SteroidPotion"],"campfire_rested":2,"item_purchase_floors":[3,11,23,23,23,37,37],"current_hp_per_floor":[33,33,33,36,25,25,25,25,25,18,18,18,18,18,33,34,150,149,149,149,150,149,149,149,149,149,149,142,127,127,127,127,81,150,113,110,110,148,110,150,84,84,84,84,80,40,40],"gold":258,"neow_bonus":"CURSED_BOSS_RELIC","is_daily":false,"chose_seed":false,"campfire_upgraded":2,"win_rate":0.0,"timestamp":1608143685,"path_taken":["M","M","$","M","?","R","?","?","T","?","$","?","E","M","R","BOSS","M","?","?","?","M","$","?","$","T","R","E","?","R","?","R","BOSS","M","?","?","?","M","R","E","?","T","?","M","E"],"items_purchased_type":["Card","Card","Card","Card","Card","Potion","Potion"],"build_version":"2020-12-13","purchased_purges":1,"victory":false,"max_hp_per_floor":[50,50,50,50,50,50,50,50,50,50,50,50,50,50,50,50,150,150,150,150,150,150,150,150,150,150,150,150,150,150,150,150,150,150,150,150,150,150,150,150,150,150,150,150,150,150,150],"card_choices":[{"not_picked":["beaked:Cower","beaked:Devastation","beaked:TuckingFeathers"],"picked":"SKIP","floor":1},{"not_picked":["beaked:CursingBlood","beaked:FeelMyPain"],"picked":"beaked:DigDeep","floor":2},{"not_picked":["beaked:BounceBack","beaked:WarriorSpirit"],"picked":"beaked:SurvivalInstinct","floor":4},{"not_picked":["beaked:Daydream","beaked:Cower"],"picked":"beaked:BraceForImpact","floor":8},{"not_picked":["beaked:Overpower","beaked:CursingBlood"],"picked":"beaked:Flinch","floor":13},{"not_picked":["beaked:Windmill","beaked:SurvivalInstinct","beaked:FeelMyPain"],"picked":"SKIP","floor":14},{"not_picked":["beaked:Caw","beaked:ShadowFade"],"picked":"beaked:MachineEssence","floor":16},{"not_picked":["beaked:Windmill","beaked:TuckingFeathers+1"],"picked":"beaked:Overpower","floor":18},{"not_picked":["ReplayTheSpireMod:RavenHex","beaked:Negation"],"picked":"beaked:RuinSticks+1","floor":21},{"not_picked":["beaked:FeelMyPain","beaked:Devastation"],"picked":"beaked:Evade","floor":22},{"not_picked":["beaked:Tweet","beaked:Pecker"],"picked":"beaked:StunningBlow","floor":28},{"not_picked":["beaked:Brainwash","beaked:Caw"],"picked":"beaked:KnowThyFoe","floor":33},{"not_picked":["beaked:Roost+1","beaked:Tradeoff+1"],"picked":"beaked:WarriorEssence","floor":35},{"not_picked":["beaked:Tweet+1","beaked:SurvivalInstinct+1","beaked:Redirect+1"],"picked":"SKIP","floor":36},{"not_picked":["beaked:Resilience+1","beaked:Redirect"],"picked":"beaked:BarbedWire+1","floor":39},{"not_picked":["beaked:Windmill","beaked:SacrificialAttack+1"],"picked":"beaked:Overpower+1","floor":41},{"not_picked":["beaked:BarbedWire","beaked:Foresight"],"picked":"beaked:Brace","floor":45}],"player_experience":231371,"relics_obtained":[{"floor":9,"key":"Tiny Chest"},{"floor":12,"key":"Gremlin Food"},{"floor":13,"key":"hubris:TinFlute"},{"floor":32,"key":"aspiration:KMNothing"},{"floor":42,"key":"aspiration:KMNothing"}],"event_choices":[{"damage_healed":0,"gold_gain":0,"player_choice":"Slimed","damage_taken":11,"max_hp_gain":0,"max_hp_loss":0,"event_name":"betterThird:BetterGoop","floor":5,"gold_loss":41},{"damage_healed":0,"gold_gain":0,"player_choice":"Gave Potion","damage_taken":0,"relics_obtained":["Vajra"],"max_hp_gain":0,"max_hp_loss":0,"event_name":"WeMeetAgain","floor":7,"gold_loss":0},{"cards_removed":["beaked:Strike_Y"],"damage_healed":0,"gold_gain":0,"player_choice":"Card Removal","damage_taken":7,"max_hp_gain":0,"max_hp_loss":0,"event_name":"Golden Wing","floor":10,"gold_loss":0},{"damage_healed":0,"gold_gain":0,"player_choice":"Take","damage_taken":0,"relics_obtained":["Elementarium:FlickeringLantern"],"max_hp_gain":0,"max_hp_loss":0,"event_name":"Elementarium:HeartOfTheVoid","floor":24,"gold_loss":0},{"damage_healed":0,"gold_gain":108,"player_choice":"GO ","damage_taken":16,"relics_obtained":[],"max_hp_gain":0,"max_hp_loss":0,"event_name":"betterSkull:BetterSkull","floor":29,"gold_loss":0,"cards_upgraded":[]},{"damage_healed":38,"gold_gain":0,"player_choice":"Writhe","damage_taken":0,"max_hp_gain":0,"max_hp_loss":0,"event_name":"Winding Halls","floor":38,"gold_loss":0,"cards_obtained":["Writhe"]}],"is_beta":false,"boss_relics":[{"not_picked":["Pandora\u0027s Box","aspiration:SilentSkillbook"],"picked":"hubris:Backtick"},{"not_picked":["aspiration:KMNothing","aspiration:KMNothing"],"picked":"aspiration:KMNothing"}],"items_purged_floors":[37],"is_endless":false,"potions_floor_spawned":[2,4,14,28,36,41,45],"killed_by":"beaked:SuperParasite","ascension_level":0}}