{"host":"kmq7aw60w430zvtx","time":1608116824,"event":{"mods":["BaseMod","Downfall","GifTheSpireLib","Hermit","Hubris","Minty Spire (QoL Compilation)","Replay The Spire","StSLib","The Construct","The Cursed","The Hierophant","The Jungle","The Necromancer","The Runesmith"],"gold_per_floor":[113,129,79,27,226,251,279,279,279,305,323,323,343,362,362,465,465,484,484,465,156,169,196,196,196,196,49,76,91,91,6,6,108,108,119,129,77,77,95,124,124,124,202,234,234,253,253,27,27,27,27,27,27,54,54],"floor_reached":56,"playtime":5933,"items_purged":["Bite"],"score":1226,"play_id":"860d4d8d-b8a6-4f5f-9ef9-f9aecca86e4e","local_time":"20201216120704","is_ascension_mode":true,"campfire_choices":[{"floor":8.0,"key":"REST"},{"floor":12.0,"key":"REST"},{"floor":15.0,"key":"REST"},{"floor":24.0,"key":"RECALL"},{"data":"Noxious Fumes","floor":30.0,"key":"SMITH"},{"data":"Distraction","floor":32.0,"key":"SMITH"},{"data":"Fluid Movement","floor":41,"key":"SMITH"},{"floor":45,"key":"REST"},{"data":"Adrenaline","floor":47,"key":"SMITH"},{"data":"After Image","floor":49,"key":"SMITH"},{"data":"Catalyst","floor":52,"key":"SMITH"}],"circlet_count":0,"master_deck":["Defend_G","Defend_G","Defend_G","Defend_G","Survivor","Neutralize","Distraction+1","Escape Plan","Deadly Poison","Dash","Deadly Poison","Fluid Movement","Replay:Poison Smokescreen","Deflect","Deadly Poison","Bite","Bite","Bite","Bite","Fluid Movement+1","Finesse","Bouncing Flask+1","Noxious Fumes+1","Deadly Poison+1","Sucker Punch+1","Adrenaline+1","Deadly Poison+1","Fluid Movement+1","Leg Sweep+1","Backflip+1","Crippling Poison+1","Battle Trance","Inflame","After Image+1","Catalyst+1","Heel Hook+1"],"relics":["hubris:HollowSoul","Vajra","Letter Opener","Art of War","Honey Jar","Toolbox","Oddly Smooth Stone","Replay:WaspNest","Lee\u0027s Waffle","PreservedInsect","hubris:SlimyHat","Painkiller Herb","Bottled Flame","hubris:DisguiseKit","StrikeDummy","Toy Ornithopter"],"acts_visited":["Exordium","TheCity","TheBeyond","TheEnding"],"potions_floor_usage":[40,44,55,55],"damage_taken":[{"damage":0.0,"enemies":"Cultist","floor":1.0,"turns":4.0},{"damage":7.0,"enemies":"Jaw Worm","floor":2.0,"turns":7.0},{"damage":24.0,"enemies":"Gremlin Nob","floor":7.0,"turns":4.0},{"damage":28.0,"enemies":"Lagavulin","floor":10.0,"turns":7.0},{"damage":0.0,"enemies":"Small Slimes","floor":11.0,"turns":3.0},{"damage":0.0,"enemies":"3 Louse","floor":13.0,"turns":2.0},{"damage":0.0,"enemies":"Blue Slaver","floor":14.0,"turns":4.0},{"damage":9.0,"enemies":"The Guardian","floor":16.0,"turns":10.0},{"damage":1.0,"enemies":"Chosen","floor":18.0,"turns":5.0},{"damage":20.0,"enemies":"2 Thieves","floor":20.0,"turns":4.0},{"damage":0.0,"enemies":"Snecko","floor":22.0,"turns":5.0},{"damage":13.0,"enemies":"Replay:Snechameleon","floor":23.0,"turns":5.0},{"damage":10.0,"enemies":"Book of Stabbing","floor":28.0,"turns":5.0},{"damage":0.0,"enemies":"Sentry and Sphere","floor":29.0,"turns":4.0},{"damage":33,"enemies":"Champ","floor":33,"turns":10},{"damage":0,"enemies":"Orb Walker","floor":35,"turns":3},{"damage":10,"enemies":"3 Shapes","floor":36,"turns":4},{"damage":0,"enemies":"Maw","floor":39,"turns":7},{"damage":8,"enemies":"Giant Head","floor":40,"turns":7},{"damage":22,"enemies":"Reptomancer","floor":44,"turns":4},{"damage":9,"enemies":"Writhing Mass","floor":46,"turns":4},{"damage":23,"enemies":"Replay:Hell Engine","floor":50,"turns":10},{"damage":25,"enemies":"Shield and Spear","floor":54,"turns":6},{"damage":87,"enemies":"The Heart","floor":55,"turns":8}],"seed_played":"4323862325449977999","potions_obtained":[{"floor":1.0,"key":"champ:CounterPotion"},{"floor":10.0,"key":"Elixir"},{"floor":11.0,"key":"Doom Potion"},{"floor":14.0,"key":"Fire Potion"},{"floor":18.0,"key":"SpeedPotion"},{"floor":20.0,"key":"FearPotion"},{"floor":22.0,"key":"Ancient Potion"},{"floor":28.0,"key":"construct:ShiftPotion"},{"floor":33,"key":"Poison Potion"}],"is_trial":false,"path_per_floor":["M","M","?","$","?","T","E","R","T","E","M","R","M","M","R","B",null,"M","?","M","$","M","E","R","?","T","$","E","M","R","?","R","B",null,"?","?","T","?","?","E","T","?","T","E","T","?","T","T","T","B",null,"T","T","E","B",null],"character_chosen":"THE_SILENT","items_purchased":["Deadly Poison","Finesse","Toolbox","Lee\u0027s Waffle","Leg Sweep+1","After Image","Catalyst"],"campfire_rested":4,"item_purchase_floors":[4,21,21,27,37,48,48],"current_hp_per_floor":[70,63,63,63,35,35,11,32,32,4,4,25,25,25,46,37,70,69,49,35,35,43,32,32,32,32,56,46,54,54,54,54,27,56,56,52,52,52,56,48,48,48,48,26,42,41,41,41,41,28,56,56,56,37,2],"gold":54,"neow_bonus":"BOSS_RELIC","is_daily":false,"chose_seed":false,"campfire_upgraded":6,"win_rate":0.0,"timestamp":1608116824,"path_taken":["M","M","?","?","?","?","E","R","T","E","M","R","M","?","R","BOSS","M","?","M","$","M","E","R","?","T","$","E","M","R","?","R","BOSS","?","?","T","?","?","E","T","?","T","E","T","?","T","T","T","BOSS","T","T","E","BOSS"],"items_purchased_type":["Card","Card","Relic","Relic","Card","Card","Card"],"build_version":"2020-12-13","purchased_purges":1,"victory":true,"max_hp_per_floor":[70,70,70,70,70,70,70,70,70,70,70,70,70,70,70,70,70,70,49,49,49,49,49,49,49,49,56,56,56,56,56,56,56,56,56,56,56,56,56,56,56,56,56,56,56,56,56,56,56,56,56,56,56,56,56],"card_choices":[{"not_picked":["ReplayTheSpireMod:Exploit Weakness","Sucker Punch"],"picked":"Distraction","floor":1.0},{"not_picked":["Setup","Dodge and Roll"],"picked":"Escape Plan","floor":2.0},{"not_picked":["ReplayTheSpireMod:Speed Training","Backflip"],"picked":"Dash","floor":5.0},{"not_picked":["PiercingWail","Replay:Poison Smokescreen"],"picked":"Deadly Poison","floor":7.0},{"not_picked":["Quick Slash","Backflip"],"picked":"Fluid Movement","floor":10.0},{"not_picked":["Prepared","Quick Slash"],"picked":"Replay:Poison Smokescreen","floor":11.0},{"not_picked":["Catalyst","Acrobatics"],"picked":"Deflect","floor":13.0},{"not_picked":["Outmaneuver","Bane"],"picked":"Deadly Poison","floor":14.0},{"not_picked":["Sneak Up","Backflip","Acrobatics"],"picked":"Bane","floor":18.0},{"not_picked":["hubris:TrickCloak","Acrobatics+1","Tactician"],"picked":"Fluid Movement","floor":20.0},{"not_picked":["ReplayTheSpireMod:The Works","Poisoned Stab","Slice"],"picked":"Bouncing Flask+1","floor":22.0},{"not_picked":["Escape Plan","Flechettes+1","Poisoned Stab"],"picked":"Noxious Fumes","floor":23.0},{"not_picked":["Bouncing Flask","Quick Slash","Bane+1"],"picked":"Deadly Poison+1","floor":28.0},{"not_picked":["Outmaneuver","Slice","Dash"],"picked":"Sucker Punch+1","floor":29.0},{"not_picked":["Malaise","A Thousand Cuts","ReplayTheSpireMod:From All Sides"],"picked":"Adrenaline","floor":33},{"not_picked":["Dagger Spray+1","Slice","hubris:TrickCloak+1"],"picked":"Deadly Poison+1","floor":35},{"not_picked":["ReplayTheSpireMod:Shiv Toss","Prepared+1","Acrobatics"],"picked":"Fluid Movement+1","floor":36},{"not_picked":["ReplayTheSpireMod:Tripwire","Blade Dance+1","Quick Slash"],"picked":"Backflip+1","floor":39},{"not_picked":["Accuracy","All Out Attack+1","Cloak And Dagger+1"],"picked":"Crippling Poison+1","floor":40},{"not_picked":["Skewer","Sneak Up+1","Atom Bomb","Grand Finale"],"picked":"Battle Trance","floor":44},{"not_picked":["PiercingWail","Quick Slash+1","Dagger Throw+1","Escape Plan+1"],"picked":"Inflame","floor":46},{"not_picked":["Well Laid Plans+1","hubris:SlightOfHand","hubris:Sniper","Havoc"],"picked":"Heel Hook+1","floor":54}],"player_experience":228614,"relics_obtained":[{"floor":6.0,"key":"Vajra"},{"floor":7.0,"key":"Letter Opener"},{"floor":10.0,"key":"Art of War"},{"floor":23.0,"key":"Oddly Smooth Stone"},{"floor":26.0,"key":"Replay:WaspNest"},{"floor":28.0,"key":"PreservedInsect"},{"floor":40,"key":"Bottled Flame"},{"floor":43,"key":"hubris:DisguiseKit"},{"floor":44,"key":"StrikeDummy"},{"floor":54,"key":"Toy Ornithopter"}],"event_choices":[{"cards_removed":["Defend_G"],"damage_healed":0.0,"max_hp_gain":0.0,"max_hp_loss":0.0,"gold_gain":0.0,"event_name":"The Cleric","player_choice":"Card Removal","floor":3.0,"gold_loss":50.0,"damage_taken":0.0},{"damage_healed":0.0,"max_hp_gain":0.0,"max_hp_loss":21.0,"gold_gain":0.0,"event_name":"Vampires","player_choice":"Became a vampire","floor":19.0,"gold_loss":0.0,"damage_taken":0.0,"cards_obtained":["Bite","Bite","Bite","Bite","Bite"]},{"damage_healed":0.0,"max_hp_gain":0.0,"max_hp_loss":0.0,"gold_gain":0.0,"event_name":"Addict","player_choice":"Obtained Relic","floor":31.0,"gold_loss":85.0,"damage_taken":0.0,"relics_obtained":["hubris:SlimyHat"]},{"cards_removed":["Bane"],"damage_healed":0,"gold_gain":0,"player_choice":"Removed Attack","damage_taken":0,"max_hp_gain":0,"max_hp_loss":0,"event_name":"Falling","floor":38,"gold_loss":0}],"is_beta":false,"boss_relics":[{"not_picked":["Sozu","hubris:Backtick"],"picked":"Honey Jar"},{"not_picked":["Cursed Key","Tiny House"],"picked":"Painkiller Herb"}],"items_purged_floors":[21],"is_endless":false,"potions_floor_spawned":[1,10,11,14,18,20,22,28,33,39],"ascension_level":4}}