{"host":"kdxx03a4p3nl7qnm","time":1608083825,"event":{"mods":["AchievementEnabler","Act Like it!","BaseMod","Better Altar","Better Third Choice","Better Vampires","Conspire","Defuse TimeMaze Blight","Downfall","Elementarium","Hallownest","Infinite Spire","Luminous","Mimic Mod","Minty Spire (QoL Compilation)","Quick Restart","StSLib","The Alterego","The Jungle","The Kombatant","TheBandit","TheSwordswoman","TheVacant","Waifu the Spire"],"gold_per_floor":[99,31,61,61,76,76,108,33,33,66,90,102,99,128,154,166,166],"floor_reached":16,"playtime":847,"items_purged":[],"score":98,"play_id":"a9228e4e-47e3-448d-a374-2a1a054f6e4d","local_time":"20201215195705","is_ascension_mode":false,"campfire_choices":[{"data":"Slimebound:CorrosiveSpit","floor":1,"key":"SMITH"},{"floor":6,"key":"RECALL"},{"data":"Slimebound:SamplingLick","floor":8,"key":"SMITH"}],"circlet_count":0,"master_deck":["Slimebound:Strike_Slimebound","Slimebound:Strike_Slimebound","Slimebound:Strike_Slimebound","Slimebound:Tackle","Slimebound:Defend_Slimebound","Slimebound:Defend_Slimebound","Slimebound:Defend_Slimebound","Slimebound:Defend_Slimebound","Slimebound:Split+1","Slimebound:CorrosiveSpit+1","Slimebound:LeechEnergy","Slimebound:SplitLeeching","Slimebound:SplitBruiser","Slimebound:SamplingLick+1","Slimebound:SlimeSpikes","Slimebound:Schlurp","Slimebound:DuplicatedForm","Slimebound:SplitMire","Slimebound:Gluttony"],"relics":["Slimebound:AbsorbEndCombat","Potion Belt","downfall:HeartBlessingRed","MawBank"],"acts_visited":["Exordium"],"potions_floor_usage":[],"damage_taken":[{"damage":12,"enemies":"downfall:FleeingMerchant","floor":2,"turns":4},{"damage":9,"enemies":"Jaw Worm","floor":5,"turns":4},{"damage":14,"enemies":"Small Slimes","floor":7,"turns":7},{"damage":30,"enemies":"3 Sentries","floor":10,"turns":6},{"damage":22,"enemies":"Small Slimes","floor":11,"turns":2},{"damage":30,"enemies":"downfall:FleeingMerchant","floor":13,"turns":4},{"damage":8,"enemies":"Cultist","floor":14,"turns":2},{"damage":19,"enemies":"3 Louse","floor":15,"turns":3},{"damage":34,"enemies":"downfall:Watcher","floor":16,"turns":2}],"seed_played":"7611147723656493730","potions_obtained":[{"floor":10,"key":"LiquidMemories"},{"floor":14,"key":"Weak Potion"},{"floor":15,"key":"SpeedPotion"}],"is_trial":false,"path_per_floor":["R","$","?","?","M","R","MIM","R","?","E","M","?","$","M","M","B"],"character_chosen":"SLIMEBOUND","items_purchased":["Slimebound:SplitLeeching"],"campfire_rested":0,"item_purchase_floors":[2],"current_hp_per_floor":[60,57,57,57,60,60,60,60,60,45,41,41,31,35,32,0,0],"gold":166,"neow_bonus":"ONE_RANDOM_RARE_CARD","is_daily":false,"chose_seed":false,"campfire_upgraded":2,"win_rate":0.0,"timestamp":1608083825,"path_taken":["R","$","?","?","M","R","MIM","R","?","E","?","?","?","M","M","BOSS"],"items_purchased_type":["Card"],"build_version":"2020-12-13","purchased_purges":0,"victory":false,"max_hp_per_floor":[60,60,60,60,60,60,60,60,60,60,60,60,60,60,60,60,60],"card_choices":[{"not_picked":["Slimebound:Dissolve","Slimebound:SlimeSpikes"],"picked":"Slimebound:LeechEnergy","floor":2},{"not_picked":["Slimebound:LivingWall","Slimebound:ComboTackle"],"picked":"Slimebound:SplitBruiser","floor":5},{"not_picked":["Slimebound:PressTheAttack","Slimebound:SlimeSpikes"],"picked":"Slimebound:SamplingLick","floor":7},{"not_picked":["Slimebound:LeechLife","Slimebound:PrepareCrush"],"picked":"Slimebound:SlimeSpikes","floor":10},{"not_picked":["Slimebound:SlimeSpikes","Slimebound:ViciousTackle"],"picked":"Slimebound:Schlurp","floor":11},{"not_picked":["Slimebound:ComboTackle","Slimebound:SlimeBrawl"],"picked":"Slimebound:SplitMire","floor":13},{"not_picked":["Slimebound:ViciousTackle","Slimebound:ComboTackle","Slimebound:GoopSpray"],"picked":"SKIP","floor":14},{"not_picked":["Slimebound:ViciousTackle","Slimebound:Schlurp"],"picked":"Slimebound:Gluttony","floor":15}],"player_experience":70645,"relics_obtained":[{"floor":10,"key":"MawBank"}],"event_choices":[{"damage_healed":0,"gold_gain":0,"player_choice":"Upgraded","damage_taken":0,"max_hp_gain":0,"max_hp_loss":0,"event_name":"Upgrade Shrine","floor":9,"gold_loss":0,"cards_upgraded":["Slimebound:Split"]},{"damage_healed":0,"gold_gain":0,"cards_transformed":["Slimebound:LeechLife"],"player_choice":"Transformed","damage_taken":0,"max_hp_gain":0,"max_hp_loss":0,"event_name":"Transmorgrifier","floor":12,"gold_loss":0,"cards_obtained":["Slimebound:DuplicatedForm"]}],"is_beta":false,"boss_relics":[],"items_purged_floors":[],"is_endless":false,"potions_floor_spawned":[10,14,15],"killed_by":"downfall:Watcher","ascension_level":0}}