{"host":"3srbdas3e7jgqz5l","time":1608151019,"event":{"mods":["BaseMod","Downfall","Minty Spire (QoL Compilation)","StSLib","The Cursed"],"gold_per_floor":[99,118,118,43,53,84,84,117,131,56,2,14,314,339,355,355,355],"floor_reached":16,"playtime":1358,"items_purged":[],"score":116,"play_id":"77af273d-8b82-43b7-8af3-8f0020d8691a","local_time":"20201216203659","is_ascension_mode":true,"campfire_choices":[{"floor":1,"key":"RECALL"},{"data":"Guardian:ChargeCore","floor":4,"key":"SMITH"},{"data":"Guardian:CurlUp","floor":10,"key":"SMITH"}],"circlet_count":0,"master_deck":["Guardian:Strike_Guardian","Guardian:Strike_Guardian","Guardian:Defend_Guardian","Guardian:Defend_Guardian","Guardian:Defend_Guardian","Guardian:CurlUp+1","Guardian:TwinSlam","Guardian:TimeSifter+1","Guardian:Orbwalk+1","Guardian:ChargeCore+1","Guardian:Orbwalk","Guardian:PiercingHide","Guardian:Gem_Green","Guardian:EvasiveProtocol","Guardian:Gem_Lightblue","Slimebound:Icky","Slimebound:Icky","Guardian:DonusPower","Guardian:ChargeUp"],"relics":["Astrolabe","downfall:HeartBlessingRed","Pantograph","Nunchaku","downfall:HeartBlessingBlue","Odd Mushroom"],"acts_visited":["Exordium"],"potions_floor_usage":[14,16,16,16],"damage_taken":[{"damage":1,"enemies":"Cultist","floor":2,"turns":5},{"damage":0,"enemies":"2 Louse","floor":5,"turns":2},{"damage":14,"enemies":"3 Sentries","floor":6,"turns":8},{"damage":26,"enemies":"Gremlin Nob","floor":8,"turns":5},{"damage":3,"enemies":"Small Slimes","floor":9,"turns":3},{"damage":0,"enemies":"downfall:FleeingMerchant","floor":11,"turns":4},{"damage":7,"enemies":"Blue Slaver","floor":12,"turns":3},{"damage":20,"enemies":"The Mushroom Lair","floor":14,"turns":5},{"damage":2,"enemies":"3 Louse","floor":15,"turns":4},{"damage":51,"enemies":"downfall:Defect","floor":16,"turns":8}],"seed_played":"-4806324163325269332","potions_obtained":[{"floor":6,"key":"Ancient Potion"},{"floor":9,"key":"Swift Potion"},{"floor":12,"key":"ColorlessPotion"},{"floor":14,"key":"LiquidMemories"}],"is_trial":false,"path_per_floor":["R","M","?","R","M","E","T","E","M","R","$","M","?","?","M","B"],"character_chosen":"GUARDIAN","items_purchased":["Guardian:EvasiveProtocol"],"campfire_rested":0,"item_purchase_floors":[11],"current_hp_per_floor":[80,79,79,79,79,65,65,39,36,46,46,39,39,19,17,0,0],"gold":355,"neow_bonus":"BOSS_RELIC","is_daily":false,"chose_seed":false,"campfire_upgraded":2,"win_rate":0.0,"timestamp":1608151019,"path_taken":["R","M","?","R","M","E","T","E","M","R","?","M","?","?","M","BOSS"],"items_purchased_type":["Card"],"build_version":"2020-12-13","purchased_purges":0,"victory":false,"max_hp_per_floor":[80,80,80,80,80,80,80,80,80,90,90,90,90,90,90,90,90],"card_choices":[{"not_picked":["Guardian:VentSteam","Guardian:TemporalShield"],"picked":"Guardian:ChargeCore","floor":2},{"not_picked":["Guardian:Emergency","Guardian:WalkerClaw","Guardian:RollAttack"],"picked":"SKIP","floor":5},{"not_picked":["Guardian:RevengeProtocol","Guardian:SpikerProtocol"],"picked":"Guardian:Orbwalk","floor":6},{"not_picked":["Guardian:RollAttack","Guardian:SpikerProtocol"],"picked":"Guardian:PiercingHide","floor":8},{"not_picked":["Guardian:VentSteam","Guardian:WalkerClaw"],"picked":"Guardian:Gem_Green","floor":9},{"not_picked":["Guardian:TemporalShield","Guardian:PrismaticBeam","Guardian:FloatingOrbs"],"picked":"SKIP","floor":11},{"not_picked":["Guardian:Gem_Green","Guardian:PiercingHide"],"picked":"Guardian:Gem_Lightblue","floor":12},{"not_picked":["Guardian:TemporalStrike","Guardian:Suspension"],"picked":"Guardian:DonusPower","floor":14},{"not_picked":["Guardian:Incinerate","Guardian:TimeBomb"],"picked":"Guardian:ChargeUp","floor":15}],"player_experience":410957,"relics_obtained":[{"floor":6,"key":"Pantograph"},{"floor":8,"key":"Nunchaku"},{"floor":14,"key":"Odd Mushroom"}],"event_choices":[{"damage_healed":0,"gold_gain":0,"player_choice":"Fought Mushrooms","damage_taken":0,"max_hp_gain":0,"max_hp_loss":0,"event_name":"Mushrooms","floor":14,"gold_loss":0}],"is_beta":false,"boss_relics":[],"items_purged_floors":[],"is_endless":false,"potions_floor_spawned":[6,9,12,14],"killed_by":"downfall:Defect","ascension_level":1}}