{"host":"63yhhrjweyj22b0v","time":1608158729,"event":{"mods":["BaseMod","Minty Spire (QoL Compilation)","Quick Restart"],"gold_per_floor":[115,125,144,8,183,183,213,225,225,225,244,268,268,302,302,407,407,419,0,11,0,15,15,49,49,49,74,74,21,21,21,21,125,125,136,14,14,14,64,99,99,117,144,169,169,179,37,48,48,48,48],"floor_reached":50,"playtime":1991,"items_purged":["Doubt"],"score":647,"play_id":"6d26734f-5f8f-490f-b4a2-239efed858ef","local_time":"20201216164529","is_ascension_mode":true,"campfire_choices":[{"data":"Glass Knife","floor":6,"key":"SMITH"},{"data":"Skewer","floor":10,"key":"SMITH"},{"floor":13,"key":"REST"},{"data":"Survivor","floor":15,"key":"SMITH"},{"floor":23,"key":"REST"},{"floor":25,"key":"REST"},{"floor":30,"key":"REST"},{"floor":32,"key":"REST"},{"floor":41,"key":"REST"},{"floor":49,"key":"REST"}],"circlet_count":0,"master_deck":["Strike_G","Strike_G","Strike_G","Strike_G","Strike_G","Defend_G+1","Defend_G","Defend_G","Defend_G+1","Defend_G","Survivor+1","Neutralize","Dagger Throw","Outmaneuver","Skewer+1","Glass Knife+1","Poisoned Stab+1","Prepared","Blade Dance","Endless Agony+1","Glass Knife+1","Adrenaline","Distraction+1","Deadly Poison","Terror","Heel Hook+1","Bane+1","Poisoned Stab+1","Dagger Throw+1","Burst","PiercingWail","Glass Knife+1","Deflect","Decay","Masterful Stab+1","Adrenaline","Noxious Fumes","Finisher+1","Slice+1"],"relics":["Ring of the Snake","NeowsBlessing","Molten Egg 2","Mummified Hand","Odd Mushroom","Juzu Bracelet","WristBlade","Bronze Scales","Bag of Preparation","Ninja Scroll","Shuriken","MutagenicStrength","SacredBark","Mango","Singing Bowl","Snake Skull","War Paint"],"acts_visited":["Exordium","TheCity","TheBeyond"],"potions_floor_usage":[12,14,16,16,20,24,24,33,40,44,46,50],"damage_taken":[{"damage":0,"enemies":"Cultist","floor":1,"turns":1},{"damage":0,"enemies":"2 Louse","floor":2,"turns":1},{"damage":0,"enemies":"Small Slimes","floor":3,"turns":1},{"damage":19,"enemies":"3 Sentries","floor":7,"turns":8},{"damage":2,"enemies":"Exordium Thugs","floor":8,"turns":4},{"damage":0,"enemies":"2 Fungi Beasts","floor":11,"turns":2},{"damage":7,"enemies":"The Mushroom Lair","floor":12,"turns":4},{"damage":0,"enemies":"Gremlin Nob","floor":14,"turns":3},{"damage":34,"enemies":"Hexaghost","floor":16,"turns":10},{"damage":25,"enemies":"2 Thieves","floor":18,"turns":3},{"damage":25,"enemies":"Shell Parasite","floor":20,"turns":4},{"damage":16,"enemies":"3 Cultists","floor":22,"turns":4},{"damage":11,"enemies":"Gremlin Leader","floor":24,"turns":4},{"damage":24,"enemies":"Book of Stabbing","floor":27,"turns":4},{"damage":56,"enemies":"Champ","floor":33,"turns":8},{"damage":0,"enemies":"Orb Walker","floor":35,"turns":2},{"damage":6,"enemies":"Mind Bloom Boss Battle","floor":39,"turns":4},{"damage":53,"enemies":"Giant Head","floor":40,"turns":8},{"damage":26,"enemies":"3 Darklings","floor":42,"turns":3},{"damage":52,"enemies":"Reptomancer","floor":44,"turns":4},{"damage":1,"enemies":"Maw","floor":46,"turns":4},{"damage":5,"enemies":"Spire Growth","floor":48,"turns":3},{"damage":90,"enemies":"Time Eater","floor":50,"turns":7}],"seed_played":"8635715463387048771","potions_obtained":[{"floor":2,"key":"GhostInAJar"},{"floor":11,"key":"Block Potion"},{"floor":12,"key":"CunningPotion"},{"floor":14,"key":"Weak Potion"},{"floor":16,"key":"Dexterity Potion"},{"floor":18,"key":"FairyPotion"},{"floor":20,"key":"ColorlessPotion"},{"floor":27,"key":"Block Potion"},{"floor":33,"key":"Fire Potion"},{"floor":40,"key":"PowerPotion"},{"floor":44,"key":"Block Potion"},{"floor":46,"key":"EssenceOfSteel"}],"is_trial":false,"path_per_floor":["M","M","M","$","?","R","E","M","T","R","M","?","R","E","R","B",null,"M","$","M","?","M","R","E","R","T","E","?","$","R","?","R","B",null,"M","$","?","?","?","E","R","M","T","E","?","M","$","M","R","B"],"character_chosen":"THE_SILENT","items_purchased":["Glass Knife","Fruit Juice","Bronze Scales","Deadly Poison","Terror","Heel Hook+1","PiercingWail","Deflect","Noxious Fumes","Finisher+1"],"campfire_rested":7,"item_purchase_floors":[4,19,19,19,19,19,29,36,47,47],"current_hp_per_floor":[70,70,70,70,70,70,51,49,49,49,49,42,63,63,63,29,70,45,45,25,25,9,31,20,42,42,18,18,18,40,40,62,6,75,75,75,75,75,83,32,59,35,35,57,57,58,58,53,82,0,0],"gold":48,"neow_bonus":"THREE_ENEMY_KILL","is_daily":false,"chose_seed":false,"campfire_upgraded":3,"win_rate":0.0,"timestamp":1608158729,"path_taken":["M","M","?","$","?","R","E","M","T","R","M","?","R","E","R","BOSS","M","$","M","?","M","R","E","R","T","E","?","?","R","?","R","BOSS","M","$","?","?","?","E","R","M","T","E","?","M","$","M","R","BOSS"],"items_purchased_type":["Card","Potion","Relic","Card","Card","Card","Card","Card","Card","Card"],"build_version":"2020-12-13","purchased_purges":1,"victory":false,"max_hp_per_floor":[70,70,70,70,70,70,70,70,70,70,70,70,70,70,70,70,70,70,70,75,75,75,75,75,75,75,75,75,75,75,75,75,75,75,75,75,75,75,89,91,91,93,93,95,95,97,97,97,97,97,97],"card_choices":[{"not_picked":["Flying Knee","Prepared"],"picked":"Dagger Throw","floor":1},{"not_picked":["Reflex","Blade Dance"],"picked":"Outmaneuver","floor":2},{"not_picked":["Eviscerate","Blade Dance"],"picked":"Skewer","floor":3},{"not_picked":["Distraction","Slice+1"],"picked":"Poisoned Stab+1","floor":7},{"not_picked":["Well Laid Plans","Underhanded Strike+1"],"picked":"Prepared","floor":8},{"not_picked":["Dodge and Roll","Concentrate"],"picked":"Blade Dance","floor":11},{"not_picked":["Prepared","Deflect"],"picked":"Endless Agony+1","floor":12},{"not_picked":["Prepared","Backflip"],"picked":"Glass Knife+1","floor":14},{"not_picked":["Night Terror","Unload+1"],"picked":"Adrenaline","floor":16},{"not_picked":["PiercingWail","Footwork"],"picked":"Distraction+1","floor":18},{"not_picked":["Underhanded Strike+1","Deflect"],"picked":"Bane+1","floor":20},{"not_picked":["Acrobatics","Terror"],"picked":"Poisoned Stab+1","floor":22},{"not_picked":["Grand Finale+1","Predator+1"],"picked":"Dagger Throw+1","floor":24},{"not_picked":["Bane+1","Masterful Stab+1"],"picked":"Burst","floor":27},{"not_picked":["Burst","Grand Finale+1"],"picked":"Glass Knife+1","floor":33},{"not_picked":["Well Laid Plans","Predator+1","Calculated Gamble+1"],"picked":"SKIP","floor":35},{"not_picked":["Bane+1","Escape Plan+1"],"picked":"Masterful Stab+1","floor":39},{"not_picked":["Prepared+1","All Out Attack+1","Bane+1"],"picked":"Singing Bowl","floor":40},{"not_picked":["Skewer+1","Cloak And Dagger+1","Sucker Punch+1"],"picked":"Singing Bowl","floor":42},{"not_picked":["Concentrate+1","Leg Sweep+1","Outmaneuver"],"picked":"Singing Bowl","floor":44},{"not_picked":["PiercingWail","Sucker Punch+1","Distraction"],"picked":"Singing Bowl","floor":46},{"not_picked":["Outmaneuver","Prepared+1"],"picked":"Slice+1","floor":48}],"player_experience":610793,"relics_obtained":[{"floor":7,"key":"Molten Egg 2"},{"floor":9,"key":"Mummified Hand"},{"floor":12,"key":"Odd Mushroom"},{"floor":14,"key":"Juzu Bracelet"},{"floor":24,"key":"Bag of Preparation"},{"floor":26,"key":"Ninja Scroll"},{"floor":27,"key":"Shuriken"},{"floor":39,"key":"Mango"},{"floor":40,"key":"Singing Bowl"},{"floor":43,"key":"Snake Skull"},{"floor":44,"key":"War Paint"}],"event_choices":[{"damage_healed":0,"gold_gain":175,"player_choice":"AGREE","damage_taken":0,"max_hp_gain":0,"max_hp_loss":0,"event_name":"Liars Game","floor":5,"gold_loss":0,"cards_obtained":["Doubt"]},{"damage_healed":0,"gold_gain":0,"player_choice":"Fought Mushrooms","damage_taken":0,"max_hp_gain":0,"max_hp_loss":0,"event_name":"Mushrooms","floor":12,"gold_loss":0},{"damage_healed":0,"gold_gain":0,"player_choice":"Paid Fearfully","damage_taken":0,"max_hp_gain":0,"max_hp_loss":0,"event_name":"Masked Bandits","floor":21,"gold_loss":11},{"damage_healed":0,"gold_gain":0,"player_choice":"Ignored","damage_taken":0,"max_hp_gain":0,"max_hp_loss":0,"event_name":"Vampires","floor":28,"gold_loss":0},{"damage_healed":0,"gold_gain":0,"player_choice":"Inject Mutagens","damage_taken":0,"relics_obtained":["MutagenicStrength"],"max_hp_gain":0,"max_hp_loss":0,"event_name":"Drug Dealer","floor":31,"gold_loss":0},{"damage_healed":0,"gold_gain":0,"player_choice":"Ignored","damage_taken":0,"max_hp_gain":0,"max_hp_loss":0,"event_name":"SecretPortal","floor":37,"gold_loss":0},{"damage_healed":0,"gold_gain":0,"player_choice":"Cursed","damage_taken":0,"max_hp_gain":0,"max_hp_loss":0,"event_name":"Wheel of Change","floor":38,"gold_loss":0,"cards_obtained":["Decay"]},{"damage_healed":0,"gold_gain":0,"player_choice":"Fight","damage_taken":0,"max_hp_gain":0,"max_hp_loss":0,"event_name":"MindBloom","floor":39,"gold_loss":0},{"damage_healed":0,"gold_gain":0,"player_choice":"Copied","damage_taken":0,"max_hp_gain":0,"max_hp_loss":0,"event_name":"Duplicator","floor":45,"gold_loss":0,"cards_obtained":["Adrenaline"]}],"is_beta":false,"boss_relics":[{"not_picked":["Fusion Hammer","Sozu"],"picked":"WristBlade"},{"not_picked":["Velvet Choker","Empty Cage"],"picked":"SacredBark"}],"items_purged_floors":[36],"is_endless":false,"potions_floor_spawned":[2,11,12,14,16,18,20,27,33,40,44,46],"killed_by":"Time Eater","ascension_level":1}}