{"host":"31q8uht4v38sth7r","time":1608135913,"event":{"mods":["BaseMod","Colored Map","Downfall","Highlight Path","Minty Spire (QoL Compilation)","Permanent Neow","StSLib"],"gold_per_floor":[0,25,25,44,194,208,208,208,133,160,174,174,174,30,44,141,141,141,176,192,192,221,232,232,257,277,303,315,44,58,74,86,184,184,109,129,148,175,175,206,232,261,186,220,220,425,525,536,554,554,554,586,66,66,66],"floor_reached":56,"playtime":4175,"items_purged":["Regret","Slimebound:Icky","champ:Strike","champ:Defend"],"score":1911,"play_id":"5b0040a2-957c-4d8f-8de4-8dcacf837c63","local_time":"20201217002513","is_ascension_mode":true,"campfire_choices":[{"floor":1,"key":"RECALL"},{"data":"champ:FocusedGladiator","floor":3,"key":"SMITH"},{"data":"champ:Improvising","floor":9,"key":"SMITH"},{"data":"champ:PreciseThrust","floor":18,"key":"SMITH"},{"data":"champ:CrownThrow","floor":21,"key":"SMITH"},{"data":"champ:Taunt","floor":35,"key":"SMITH"},{"data":"champ:Lariat","floor":43,"key":"SMITH"},{"data":"champ:Haymaker","floor":54,"key":"SMITH"}],"circlet_count":0,"master_deck":["champ:Strike","champ:Strike+1","champ:Defend+1","champ:Defend+1","champ:Execute","champ:Taunt+1","champ:Improvising+1","champ:FocusedGladiator+1","champ:Lariat+1","champ:Haymaker+1","champ:PreciseThrust+1","champ:StanceDance+1","champ:Lariat+1","champ:CrownThrow+1","champ:GladiatorStyle+1","champ:GladiatorStyle","champ:IgnorePain+1","champ:Lariat+1","champ:ViciousMockery+1"],"relics":["champ:ChampionCrown","Pocketwatch","Du-Vu Doll","downfall:HeartBlessingRed","Singing Bowl","Toxic Egg 2","SlaversCollar","Art of War","Incense Burner","Shuriken","Question Card","ClockworkSouvenir","Coffee Dripper","downfall:HeartBlessingBlue","White Beast Statue","Bottled Flame","Molten Egg 2","Vajra","HornCleat","downfall:HeartBlessingGreen","Pantograph","StrikeDummy","Unceasing Top","OrangePellets","Anchor"],"acts_visited":["Exordium","TheCity","TheBeyond","TheEnding"],"potions_floor_usage":[],"damage_taken":[{"damage":42,"enemies":"3 Sentries","floor":2,"turns":9},{"damage":16,"enemies":"Jaw Worm","floor":4,"turns":3},{"damage":17,"enemies":"Cultist","floor":6,"turns":4},{"damage":13,"enemies":"Gremlin Nob","floor":10,"turns":4},{"damage":5,"enemies":"2 Louse","floor":11,"turns":2},{"damage":8,"enemies":"downfall:FleeingMerchant","floor":14,"turns":4},{"damage":13,"enemies":"Exordium Wildlife","floor":15,"turns":3},{"damage":20,"enemies":"downfall:Watcher","floor":16,"turns":6},{"damage":27,"enemies":"Book of Stabbing","floor":19,"turns":5},{"damage":0,"enemies":"Spheric Guardian","floor":20,"turns":4},{"damage":19,"enemies":"Slavers","floor":22,"turns":6},{"damage":0,"enemies":"Chosen","floor":23,"turns":3},{"damage":7,"enemies":"Gremlin Leader","floor":25,"turns":5},{"damage":0,"enemies":"Centurion and Healer","floor":26,"turns":6},{"damage":8,"enemies":"Slavers","floor":27,"turns":4},{"damage":10,"enemies":"Snake Plant","floor":28,"turns":3},{"damage":3,"enemies":"downfall:FleeingMerchant","floor":29,"turns":4},{"damage":0,"enemies":"Chosen and Byrds","floor":30,"turns":4},{"damage":0,"enemies":"Cultist and Chosen","floor":31,"turns":5},{"damage":0,"enemies":"3 Cultists","floor":32,"turns":4},{"damage":1,"enemies":"downfall:Ironclad","floor":33,"turns":5},{"damage":8,"enemies":"Orb Walker","floor":36,"turns":3},{"damage":1,"enemies":"3 Shapes","floor":37,"turns":4},{"damage":0,"enemies":"Giant Head","floor":38,"turns":7},{"damage":1,"enemies":"Reptomancer","floor":40,"turns":4},{"damage":0,"enemies":"Giant Head","floor":42,"turns":6},{"damage":0,"enemies":"Reptomancer","floor":44,"turns":4},{"damage":0,"enemies":"downfall:FleeingMerchant","floor":46,"turns":2},{"damage":0,"enemies":"Maw","floor":48,"turns":4},{"damage":0,"enemies":"3 Darklings","floor":49,"turns":4},{"damage":0,"enemies":"downfall:Defect","floor":50,"turns":5},{"damage":0,"enemies":"downfall:CharBossMerchant","floor":52,"turns":4},{"damage":0,"enemies":"downfall:NeowBoss","floor":55,"turns":9}],"seed_played":"-5953017505031035603","potions_obtained":[{"floor":6,"key":"Ancient Potion"},{"floor":11,"key":"champ:OpenerPotion"},{"floor":16,"key":"Energy Potion"},{"floor":31,"key":"champ:UltimateStancePotion"},{"floor":49,"key":"champ:TechniquePotion"}],"is_trial":false,"path_per_floor":["R","E","R","M","?","M","T","?","R","E","M","T","?","$","M","B",null,"R","E","M","R","E","M","T","E","M","E","M","$","M","M","M","B",null,"R","M","M","E","T","E","T","E","R","E","?","$","?","M","M","B",null,"E","$","R","B",null],"character_chosen":"THE_CHAMP","items_purchased":["champ:StanceDance+1","ClockworkSouvenir","OrangePellets","Anchor","LiquidMemories"],"campfire_rested":0,"item_purchase_floors":[14,29,53,53,53],"current_hp_per_floor":[90,63,63,52,52,52,52,100,100,89,89,89,89,88,80,70,104,104,79,81,81,64,66,66,61,61,55,47,44,46,48,50,49,124,134,128,129,129,129,130,130,130,130,132,132,134,134,136,138,148,148,150,150,150,150],"gold":66,"neow_bonus":"TRANSFORM_TWO_CARDS","is_daily":false,"chose_seed":false,"campfire_upgraded":7,"win_rate":0.0,"timestamp":1608135913,"path_taken":["R","E","R","M","?","M","T","?","R","E","?","?","?","?","M","BOSS","R","E","M","R","E","M","T","E","M","E","M","$","M","?","M","BOSS","R","M","?","E","?","E","T","E","R","E","?","$","?","?","M","BOSS","E","$","R","BOSS"],"items_purchased_type":["Card","Relic","Relic","Relic","Potion"],"build_version":"2020-12-13","purchased_purges":4,"victory":true,"max_hp_per_floor":[90,90,90,90,90,90,90,100,100,102,102,102,102,104,104,104,104,104,106,108,108,110,112,112,114,114,116,118,118,120,122,124,124,124,134,136,138,138,138,140,140,140,140,142,142,144,144,146,148,148,148,150,150,150,150],"card_choices":[{"not_picked":["champ:ShieldSigil","champ:PerfectedStrike"],"picked":"champ:FocusedGladiator","floor":2},{"not_picked":["champ:StanceDance","champ:BringItOn"],"picked":"champ:Lariat","floor":4},{"not_picked":["champ:Lariat","champ:FlashCut"],"picked":"champ:Haymaker","floor":6},{"not_picked":["champ:BerserkersShout","champ:Circumvent","champ:DancingMaster"],"picked":"Singing Bowl","floor":10},{"not_picked":["champ:Circumvent","champ:TornadoPunch"],"picked":"champ:PreciseThrust","floor":11},{"not_picked":["champ:TornadoPunch","champ:Riposte+1","champ:DefensiveStyle"],"picked":"Singing Bowl","floor":14},{"not_picked":["champ:EnGarde+1","champ:AdrenalArmor+1"],"picked":"champ:Lariat+1","floor":15},{"not_picked":["champ:CheapShot","champ:SwordThrow"],"picked":"champ:CrownThrow","floor":16},{"not_picked":["champ:Encircle","champ:Aggression+1","champ:FlashCut"],"picked":"Singing Bowl","floor":19},{"not_picked":["champ:Haymaker","champ:RageSigil+1","champ:Shatter"],"picked":"Singing Bowl","floor":20},{"not_picked":["champ:EnchantSword+1","champ:GutPunch+1","champ:StanceDance+1"],"picked":"Singing Bowl","floor":22},{"not_picked":["champ:BerserkersShout+1","champ:RageSigil+1","champ:StanceDance+1"],"picked":"Singing Bowl","floor":23},{"not_picked":["champ:Duel","champ:FocusedDefense+1","champ:GladiatorsShout+1"],"picked":"Singing Bowl","floor":25},{"not_picked":["champ:PerfectedStrike","champ:FanOfKnives+1"],"picked":"champ:GladiatorStyle+1","floor":26},{"not_picked":["champ:FightOn","champ:SteelEdge","champ:BringItOn+1"],"picked":"Singing Bowl","floor":27},{"not_picked":["champ:GladiatorsShout+1","champ:BerserkersShout+1","champ:TornadoPunch","champ:FaceSlap+1"],"picked":"Singing Bowl","floor":28},{"not_picked":["champ:ViciousMockery+1","champ:Encircle","champ:Haymaker"],"picked":"champ:GladiatorStyle","floor":29},{"not_picked":["champ:SkillfulDodge+1","champ:RecklessLeap","champ:BerserkersShout+1","champ:BladeFlurry"],"picked":"Singing Bowl","floor":30},{"not_picked":["champ:FlashCut","champ:TornadoPunch","champ:DefensiveShout+1","champ:Backstep+1"],"picked":"Singing Bowl","floor":31},{"not_picked":["champ:PerfectForm","champ:GladiatorsShout+1","champ:BerserkersShout+1","champ:Haymaker"],"picked":"Singing Bowl","floor":32},{"not_picked":["champ:Devastate","champ:PerfectForm","champ:EnchantSword+1"],"picked":"champ:IgnorePain+1","floor":33},{"not_picked":["champ:Circumvent+1","champ:DefensiveShout+1","champ:Lariat+1","champ:Encircle"],"picked":"Singing Bowl","floor":36},{"not_picked":["champ:AdrenalArmor+1","champ:EnragedBash+1","champ:FlashCut","champ:Balance+1"],"picked":"Singing Bowl","floor":37},{"not_picked":["champ:GladiatorsShout+1","champ:FanOfKnives","champ:SwordThrow"],"picked":"champ:Lariat+1","floor":38},{"not_picked":["champ:CrookedStrike+1","champ:ShieldSigil+1","champ:Encircle+1","champ:Control+1"],"picked":"Singing Bowl","floor":40},{"not_picked":["champ:BringItOn+1","champ:ShieldWall+1","champ:BerserkerStyle"],"picked":"champ:ViciousMockery+1","floor":42},{"not_picked":["champ:Lariat+1","champ:FanOfKnives+1","champ:CalledShot","champ:TornadoPunch+1"],"picked":"Singing Bowl","floor":44},{"not_picked":["champ:SwordSigil+1","champ:FightOn","champ:Haymaker+1","champ:HeavySlash+1"],"picked":"Singing Bowl","floor":46},{"not_picked":["champ:ShieldSigil+1","champ:BerserkerStyle+1","champ:RageSigil+1","champ:Duel+1"],"picked":"Singing Bowl","floor":48},{"not_picked":["champ:ArenaPreparation+1","champ:Circumvent+1","champ:RageSigil+1","champ:PerfectedStrike+1"],"picked":"Singing Bowl","floor":49},{"not_picked":["champ:DefensiveStyle+1","champ:Control+1","champ:GladiatorsShout+1","champ:VampiricStrike+1"],"picked":"Singing Bowl","floor":52}],"player_experience":1048638,"relics_obtained":[{"floor":2,"key":"Pocketwatch"},{"floor":7,"key":"Du-Vu Doll"},{"floor":10,"key":"Singing Bowl"},{"floor":12,"key":"Toxic Egg 2"},{"floor":19,"key":"Art of War"},{"floor":22,"key":"Incense Burner"},{"floor":25,"key":"Shuriken"},{"floor":27,"key":"Question Card"},{"floor":38,"key":"White Beast Statue"},{"floor":39,"key":"Bottled Flame"},{"floor":40,"key":"Molten Egg 2"},{"floor":41,"key":"Vajra"},{"floor":42,"key":"HornCleat"},{"floor":44,"key":"Pantograph"},{"floor":45,"key":"StrikeDummy"},{"floor":52,"key":"Unceasing Top"}],"event_choices":[{"cards_removed":["champ:SteelEdge"],"damage_healed":38,"gold_gain":0,"player_choice":"Offered Rare","damage_taken":0,"max_hp_gain":10,"max_hp_loss":0,"event_name":"Bonfire Elementals","floor":8,"gold_loss":0}],"is_beta":false,"boss_relics":[{"not_picked":["Runic Pyramid","SacredBark"],"picked":"SlaversCollar"},{"not_picked":["Black Star","Runic Dome"],"picked":"Coffee Dripper"}],"items_purged_floors":[14,29,46,53],"is_endless":false,"potions_floor_spawned":[6,11,16,20,27,30,31,32,36,40,42,44,46,48,49,52],"ascension_level":4}}