{"host":"2lo6hma6kymb0g9i","time":1608145492,"event":{"mods":["BaseMod","Colored Map","DeckTracker","Minty Spire (QoL Compilation)"],"gold_per_floor":[115,115,190,190,155,180,180,215,241,256,270,51,77,92,92,169,169,182,196,196,196,211,211,211,246,246,246,171,182,230,248,248,248,248],"floor_reached":33,"playtime":2586,"items_purged":["Strike_G"],"score":549,"play_id":"5e0762d9-729d-44a4-a8b3-838740be0f78","local_time":"20201217040452","is_ascension_mode":true,"campfire_choices":[{"data":"Neutralize","floor":7,"key":"SMITH"},{"data":"Underhanded Strike","floor":15,"key":"SMITH"},{"data":"Tools of the Trade","floor":23,"key":"SMITH"},{"data":"Adrenaline","floor":27,"key":"SMITH"},{"data":"Backflip","floor":32,"key":"SMITH"}],"circlet_count":0,"master_deck":["AscendersBane","Defend_G","Defend_G","Defend_G","Defend_G","Survivor","Neutralize+1","Prepared","Tools of the Trade+1","Dagger Throw+1","Noxious Fumes","Dagger Throw","Backflip+1","Predator","Underhanded Strike+1","Adrenaline+1","Flechettes","Backstab+1","RitualDagger+1","Tools of the Trade","Heel Hook","Footwork","Dash","Leg Sweep"],"relics":["Ring of the Serpent","NeowsBlessing","HornCleat","Dream Catcher","Regal Pillow","Lantern","Bottled Tornado","Whetstone","Potion Belt","Anchor"],"acts_visited":["Exordium","TheCity"],"potions_floor_usage":[16,25,33],"damage_taken":[{"damage":0,"enemies":"Jaw Worm","floor":1,"turns":1},{"damage":0,"enemies":"Gremlin Nob","floor":6,"turns":1},{"damage":0,"enemies":"3 Sentries","floor":8,"turns":1},{"damage":4,"enemies":"Small Slimes","floor":10,"turns":3},{"damage":0,"enemies":"2 Louse","floor":11,"turns":2},{"damage":13,"enemies":"Gremlin Nob","floor":13,"turns":4},{"damage":1,"enemies":"Red Slaver","floor":14,"turns":4},{"damage":20,"enemies":"Hexaghost","floor":16,"turns":10},{"damage":5,"enemies":"Shell Parasite","floor":18,"turns":5},{"damage":0,"enemies":"Chosen","floor":19,"turns":4},{"damage":0,"enemies":"Centurion and Healer","floor":22,"turns":4},{"damage":2,"enemies":"Slavers","floor":25,"turns":7},{"damage":3,"enemies":"Snake Plant","floor":29,"turns":4},{"damage":0,"enemies":"Shelled Parasite and Fungi","floor":31,"turns":3},{"damage":51,"enemies":"Automaton","floor":33,"turns":12}],"seed_played":"-2915825654054539266","potions_obtained":[{"floor":1,"key":"ColorlessPotion"},{"floor":11,"key":"EssenceOfSteel"},{"floor":14,"key":"AttackPotion"},{"floor":16,"key":"Block Potion"},{"floor":29,"key":"Explosive Potion"}],"is_trial":false,"path_per_floor":["M","?","?","?","$","E","R","E","T","M","M","$","E","M","R","B",null,"M","M","?","?","M","R","?","E","T","R","?","M","T","M","R","B"],"character_chosen":"THE_SILENT","items_purchased":["Noxious Fumes","Lantern"],"campfire_rested":0,"item_purchase_floors":[5,12],"current_hp_per_floor":[63,63,52,52,52,52,52,52,52,48,48,48,35,34,34,14,56,51,51,45,45,45,45,45,43,43,43,43,40,40,40,40,0,0],"gold":248,"neow_bonus":"THREE_ENEMY_KILL","is_daily":false,"chose_seed":false,"campfire_upgraded":5,"win_rate":0.0,"timestamp":1608145492,"path_taken":["M","?","?","?","$","E","R","E","T","M","?","$","E","M","R","BOSS","M","M","?","?","?","R","?","E","T","R","?","M","?","?","R","BOSS"],"items_purchased_type":["Card","Relic"],"build_version":"2020-12-13","purchased_purges":1,"victory":false,"max_hp_per_floor":[70,70,70,70,70,70,70,70,70,70,70,70,70,70,70,70,70,70,70,70,70,70,70,70,70,70,70,70,70,70,70,70,70,70],"card_choices":[{"not_picked":["Skewer","Masterful Stab"],"picked":"Prepared","floor":1},{"not_picked":["Slice","Poisoned Stab"],"picked":"Dagger Throw","floor":6},{"not_picked":["Accuracy","Masterful Stab"],"picked":"Backflip","floor":8},{"not_picked":["Acrobatics","Flying Knee"],"picked":"Predator","floor":10},{"not_picked":["Infinite Blades","Backflip","Slice"],"picked":"SKIP","floor":11},{"not_picked":["Tools of the Trade","Flying Knee","Catalyst"],"picked":"SKIP","floor":13},{"not_picked":["Dagger Throw","Prepared"],"picked":"Underhanded Strike","floor":14},{"not_picked":["Glass Knife","Die Die Die"],"picked":"Adrenaline","floor":16},{"not_picked":["Flying Knee","Sucker Punch"],"picked":"Flechettes","floor":18},{"not_picked":["Dodge and Roll+1","Underhanded Strike"],"picked":"Backstab+1","floor":19},{"not_picked":["Flying Knee+1","Bane","Acrobatics"],"picked":"SKIP","floor":22},{"not_picked":["Sucker Punch","Prepared","Acrobatics"],"picked":"SKIP","floor":25},{"not_picked":["Infinite Blades","Expertise"],"picked":"Dash","floor":29},{"not_picked":["Slice","Predator"],"picked":"Leg Sweep","floor":31}],"player_experience":807027,"relics_obtained":[{"floor":6,"key":"HornCleat"},{"floor":8,"key":"Dream Catcher"},{"floor":9,"key":"Regal Pillow"},{"floor":13,"key":"Bottled Tornado"},{"floor":25,"key":"Whetstone"},{"floor":26,"key":"Potion Belt"},{"floor":30,"key":"Anchor"}],"event_choices":[{"damage_healed":0,"gold_gain":0,"cards_transformed":["Strike_G"],"player_choice":"Change","damage_taken":0,"max_hp_gain":0,"max_hp_loss":0,"event_name":"Living Wall","floor":2,"gold_loss":0,"cards_obtained":["Tools of the Trade"]},{"damage_healed":0,"gold_gain":75,"player_choice":"Gather Gold","damage_taken":11,"max_hp_gain":0,"max_hp_loss":0,"event_name":"World of Goop","floor":3,"gold_loss":0},{"damage_healed":0,"gold_gain":0,"cards_transformed":["Strike_G"],"player_choice":"Transformed","damage_taken":0,"max_hp_gain":0,"max_hp_loss":0,"event_name":"Transmorgrifier","floor":4,"gold_loss":0,"cards_obtained":["Dagger Throw"]},{"damage_healed":0,"gold_gain":0,"player_choice":"Joined the Cult","damage_taken":6,"max_hp_gain":0,"max_hp_loss":0,"event_name":"Nest","floor":20,"gold_loss":0,"cards_obtained":["RitualDagger"]},{"damage_healed":0,"gold_gain":0,"cards_transformed":["Strike_G","Strike_G"],"player_choice":"Became Test Subject","damage_taken":0,"max_hp_gain":0,"max_hp_loss":0,"event_name":"Drug Dealer","floor":21,"gold_loss":0,"cards_obtained":["Tools of the Trade","Heel Hook"]},{"damage_healed":0,"gold_gain":0,"player_choice":"Read","damage_taken":0,"max_hp_gain":0,"max_hp_loss":0,"event_name":"The Library","floor":24,"gold_loss":0,"cards_obtained":["Footwork"]},{"cards_removed":["Defend_G"],"damage_healed":0,"gold_gain":0,"player_choice":"Gave Gold","damage_taken":0,"max_hp_gain":0,"max_hp_loss":0,"event_name":"Beggar","floor":28,"gold_loss":75}],"is_beta":false,"boss_relics":[{"not_picked":["Coffee Dripper","Ectoplasm"],"picked":"Ring of the Serpent"}],"items_purged_floors":[12],"is_endless":false,"potions_floor_spawned":[1,11,14,16,22,29],"killed_by":"Automaton","ascension_level":13}}