{"host":"3asmp5aovk69ekg9","time":1608099635,"event":{"mods":["BaseMod","BetterRewards","Colored Powertips","Hermit","Koishi","Magitek Elite","Minty Spire (QoL Compilation)","Permanent Neow","Remove Card Discount Mod","Shade Mod","StSLib","The Alterego","The Cursed","The Death Knight","The Fake Hero","The IronCluck","The Senshi","The Wild Card"],"gold_per_floor":[124,200,48,48,64,64,84,121,167,203,54,54,54,75,75,181,181,199,199,124,146,146,185,212,245,245,115,115,140,140,177,177,286,286,312,336,386,407,269,310,310,342,342,370,402,402,466,507,519,538,550,562,112,154,161],"floor_reached":56,"playtime":7766,"items_purged":["hermit:Strike_Hermit","hermit:Defend_Hermit","hermit:Strike_Hermit","hermit:Defend_Hermit","hermit:Defend_Hermit","hermit:Defend_Hermit","hermit:Feint","hermit:HoleUp","hermit:LowProfile","hermit:HoleUp","hermit:Strike_Hermit"],"score":1764,"play_id":"0ed8a3dc-7ea5-4a57-80eb-84ce74a84119","local_time":"20201215222035","is_ascension_mode":true,"campfire_choices":[{"data":"theWildCard:PaleRider","floor":6.0,"key":"SMITH"},{"data":"hermit:EternalForm","floor":12.0,"key":"SMITH"},{"data":"hermit:Determination","floor":15.0,"key":"SMITH"},{"data":"hermit:Brawl","floor":28,"key":"SMITH"},{"data":"hermit:PistolWhip","floor":30,"key":"SMITH"},{"floor":32,"key":"RECALL"},{"data":"hermit:HoleUp","floor":41,"key":"SMITH"},{"data":"hermit:Brawl","floor":46,"key":"SMITH"},{"data":"hermit:HoleUp","floor":49,"key":"SMITH"},{"floor":52,"key":"REST"}],"circlet_count":0,"master_deck":["hermit:Strike_Hermit+1","hermit:Snapshot+1","hermit:Covet+1","hermit:Desperado","hermit:Brawl+1","hermit:Gestalt","hermit:Scavenge+1","hermit:PistolWhip+1","hermit:Determination+1","hermit:HoleUp+1","hermit:HoleUp+1","theWildCard:PaleRider+1","hermit:Gestalt","hermit:EternalForm+1","Necronomicurse","hermit:LowProfile+1","hermit:HoleUp+1","hermit:ItchyTrigger","hermit:Horror+1","hermit:HoleUp+1","hermit:Brawl+1","hermit:Headshot+1","Sadistic Nature","hermit:Determination+1","hermit:Horror"],"relics":["hermit:Momento","Lee\u0027s Waffle","Darkstone Periapt","Orrery","Toy Ornithopter","ClockworkSouvenir","War Paint","Guard_Bracelet","Thread and Needle","Membership Card","Anchor","Necronomicon","DeathKnight:SindragosasSkull","Gremlin Horn","Bronze Scales","Bottled Tornado","Incense Burner","hermit:DentedPlate","Boot","CeramicFish","Eternal Feather","Dream Catcher","Potion Belt","Blue Candle","Gambling Chip","MawBank","theSenshi:SuperSailorFukuRelic","DollysMirror","Whetstone","Akabeko"],"acts_visited":["Exordium","TheCity","TheBeyond","TheEnding"],"potions_floor_usage":[25,47,47,48,54,55,55,55],"damage_taken":[{"damage":7.0,"enemies":"Jaw Worm","floor":1.0,"turns":5.0},{"damage":0.0,"enemies":"Small Slimes","floor":5.0,"turns":3.0},{"damage":0.0,"enemies":"2 Louse","floor":7.0,"turns":2.0},{"damage":3.0,"enemies":"3 Sentries","floor":8.0,"turns":8.0},{"damage":1.0,"enemies":"Gremlin Nob","floor":10.0,"turns":4.0},{"damage":1.0,"enemies":"Blue Slaver","floor":14.0,"turns":5.0},{"damage":0.0,"enemies":"The Guardian","floor":16.0,"turns":6.0},{"damage":1.0,"enemies":"3 Byrds","floor":18.0,"turns":6.0},{"damage":1.0,"enemies":"Spheric Guardian","floor":21.0,"turns":5.0},{"damage":2.0,"enemies":"Book of Stabbing","floor":23.0,"turns":6.0},{"damage":0,"enemies":"Snake Plant","floor":24,"turns":4},{"damage":2,"enemies":"Slavers","floor":25,"turns":7},{"damage":0,"enemies":"Shelled Parasite and Fungi","floor":29,"turns":4},{"damage":1,"enemies":"Book of Stabbing","floor":31,"turns":5},{"damage":1,"enemies":"Collector","floor":33,"turns":7},{"damage":1,"enemies":"Orb Walker","floor":35,"turns":4},{"damage":0,"enemies":"3 Shapes","floor":38,"turns":5},{"damage":3,"enemies":"Nemesis","floor":40,"turns":9},{"damage":2,"enemies":"Giant Head","floor":42,"turns":8},{"damage":2,"enemies":"3 Darklings","floor":44,"turns":4},{"damage":0,"enemies":"Sphere and 2 Shapes","floor":45,"turns":5},{"damage":1,"enemies":"2 Orb Walkers","floor":47,"turns":5},{"damage":7,"enemies":"Reptomancer","floor":48,"turns":6},{"damage":41,"enemies":"Awakened One","floor":50,"turns":10},{"damage":13,"enemies":"Shield and Spear","floor":54,"turns":6},{"damage":29,"enemies":"The Heart","floor":55,"turns":8}],"seed_played":"32011288572342407","potions_obtained":[{"floor":7.0,"key":"LiquidMemories"},{"floor":21.0,"key":"DistilledChaos"},{"floor":25,"key":"ColorlessPotion"},{"floor":31,"key":"hermit:Tonic"},{"floor":33,"key":"BlessingOfTheForge"},{"floor":40,"key":"AttackPotion"},{"floor":48,"key":"Dexterity Potion"}],"is_trial":false,"path_per_floor":["M","?","$","?","M","R","M","E","T","E","$","R","?","M","R","B",null,"M","?","?","M","$","E","M","E","T","$","R","M","R","E","R","B",null,"M","T","T","M","$","E","R","E","T","M","M","R","?","E","R","B",null,"R","$","E","B",null],"character_chosen":"HERMIT","items_purchased":["Lee\u0027s Waffle","hermit:HoleUp","hermit:Desperado","hermit:LowProfile","hermit:Brawl","Darkstone Periapt","hermit:Gestalt","hermit:HoleUp","Orrery","Toy Ornithopter","hermit:BlackBile","Block Potion","hermit:Determination","ClockworkSouvenir","Fire Potion","War Paint","Membership Card","Bottled Tornado","Eternal Feather","hermit:ItchyTrigger","Sadistic Nature","theSenshi:SuperSailorFukuRelic","DollysMirror","hermit:Horror","Whetstone","Dexterity Potion","Weak Potion","SteroidPotion"],"campfire_rested":1,"item_purchase_floors":[0,0,0,0,0,0,0,0,0,0,0,0,0,0,0,3,11,27,39,39,53,53,53,53,53,53,53,53],"current_hp_per_floor":[75,75,75,75,75,75,75,72,72,76,76,76,73,72,72,77,81,80,70,70,69,69,67,67,70,70,70,70,70,70,69,69,68,100,99,99,99,99,99,96,105,103,103,101,101,113,119,113,120,79,79,120,120,107,91],"gold":161,"neow_bonus":"","is_daily":false,"chose_seed":false,"campfire_upgraded":8,"win_rate":0.0,"timestamp":1608099635,"path_taken":["M","?","$","?","M","R","M","E","T","E","$","R","?","M","R","BOSS","M","?","?","M","$","E","M","E","T","?","R","?","R","E","R","BOSS","M","?","?","M","$","E","R","E","T","?","M","R","?","E","R","BOSS","R","$","E","BOSS"],"items_purchased_type":["Relic","Card","Card","Card","Card","Relic","Card","Card","Relic","Relic","Potion","Potion","Card","Relic","Potion","Relic","Relic","Relic","Relic","Card","Card","Relic","Relic","Card","Relic","Potion","Potion","Potion"],"build_version":"2020-12-13","purchased_purges":11,"victory":true,"max_hp_per_floor":[82,82,82,82,82,82,82,82,82,82,82,82,82,82,82,82,82,82,88,88,88,88,88,88,88,88,88,88,88,88,88,88,88,120,120,120,120,120,120,120,120,120,120,120,120,120,120,120,120,120,120,120,120,120,120],"card_choices":[{"not_picked":["hermit:TrackingShot","hermit:Glare"],"picked":"hermit:Scavenge","floor":0.0},{"not_picked":["hermit:TakeAim","hermit:Glare"],"picked":"hermit:Feint","floor":0.0},{"not_picked":["hermit:Coalescence","hermit:Headshot"],"picked":"hermit:PistolWhip","floor":0.0},{"not_picked":["hermit:Enervate","hermit:Misfire"],"picked":"hermit:TakeAim","floor":0.0},{"not_picked":["hermit:SprayPray","hermit:BlackWind"],"picked":"hermit:ShadowCloak","floor":0.0},{"not_picked":["hermit:Headshot","hermit:Coalescence"],"picked":"hermit:HoleUp","floor":1.0},{"not_picked":["hermit:Headshot","hermit:Showdown","hermit:LoneWolf"],"picked":"SKIP","floor":5.0},{"not_picked":["hermit:LoneWolf","hermit:WideOpen"],"picked":"hermit:Gestalt","floor":7.0},{"not_picked":["hermit:Headshot","hermit:Glare"],"picked":"hermit:EternalForm","floor":8.0},{"not_picked":["hermit:BigShot","hermit:Coalescence","hermit:EyeOfTheStorm"],"picked":"SKIP","floor":10.0},{"not_picked":["hermit:Glare","hermit:LuckOfTheDraw","hermit:Feint"],"picked":"SKIP","floor":14.0},{"not_picked":["hermit:CursedWeapon","hermit:NoHoldsBarred","hermit:SprayPray"],"picked":"SKIP","floor":18.0},{"not_picked":["hermit:TrackingShot","hermit:Snipe","hermit:Vantage"],"picked":"SKIP","floor":21.0},{"not_picked":["hermit:Misfire","hermit:Shortfuse"],"picked":"hermit:LowProfile+1","floor":23.0},{"not_picked":["hermit:TakeAim","hermit:HoleUp","hermit:TrackingShot"],"picked":"SKIP","floor":24},{"not_picked":["hermit:TrackingShot","hermit:BlackWind","hermit:SprayPray"],"picked":"SKIP","floor":25},{"not_picked":["hermit:Showdown+1","hermit:Snipe","hermit:Misfire+1"],"picked":"SKIP","floor":29},{"not_picked":["hermit:DeadOrAlive","hermit:CalledShot","hermit:GoldenBullet"],"picked":"SKIP","floor":31},{"not_picked":["hermit:Vantage","hermit:WideOpen+1"],"picked":"hermit:HoleUp+1","floor":35},{"not_picked":["hermit:BigShot+1","hermit:BodyArmor+1","hermit:TakeAim"],"picked":"SKIP","floor":38},{"not_picked":["hermit:Headshot+1","hermit:TrackingShot+1"],"picked":"hermit:Horror+1","floor":40},{"not_picked":["hermit:EyeOfTheStorm+1","hermit:DeadMansHand+1","hermit:Midnight"],"picked":"SKIP","floor":42},{"not_picked":["hermit:Coalescence","hermit:Vantage+1"],"picked":"hermit:HoleUp+1","floor":44},{"not_picked":["hermit:HoleUp","hermit:BodyArmor"],"picked":"hermit:Brawl","floor":45},{"not_picked":["hermit:Virtue+1","hermit:Manifest"],"picked":"hermit:Headshot+1","floor":47},{"not_picked":["hermit:Ricochet","hermit:Deadeye+1","hermit:DeadOrAlive"],"picked":"SKIP","floor":48},{"not_picked":["hermit:Manifest","hermit:ShadowCloak","hermit:Combo+1"],"picked":"SKIP","floor":54}],"player_experience":1052545,"relics_obtained":[{"floor":8.0,"key":"Guard_Bracelet"},{"floor":10.0,"key":"Thread and Needle"},{"floor":19.0,"key":"Necronomicon"},{"floor":23.0,"key":"DeathKnight:SindragosasSkull"},{"floor":25,"key":"Gremlin Horn"},{"floor":26,"key":"Bronze Scales"},{"floor":31,"key":"Incense Burner"},{"floor":36,"key":"Boot"},{"floor":37,"key":"CeramicFish"},{"floor":40,"key":"Dream Catcher"},{"floor":42,"key":"Potion Belt"},{"floor":43,"key":"Blue Candle"},{"floor":47,"key":"Gambling Chip"},{"floor":48,"key":"MawBank"},{"floor":54,"key":"Akabeko"}],"event_choices":[{"damage_healed":0.0,"max_hp_gain":0.0,"max_hp_loss":0.0,"gold_gain":76.0,"event_name":"Golden Wing","player_choice":"Gained Gold","floor":2.0,"gold_loss":0.0,"damage_taken":0.0},{"damage_healed":0.0,"max_hp_gain":0.0,"max_hp_loss":0.0,"gold_gain":0.0,"event_name":"Scrap Ooze","player_choice":"Success","floor":13.0,"gold_loss":0.0,"damage_taken":3.0,"relics_obtained":["Anchor"]},{"damage_healed":0.0,"max_hp_gain":0.0,"max_hp_loss":0.0,"gold_gain":0.0,"event_name":"Cursed Tome","player_choice":"Obtained Book","floor":19.0,"gold_loss":0.0,"damage_taken":16.0},{"cards_removed":["hermit:ShadowCloak"],"damage_healed":0.0,"max_hp_gain":0.0,"max_hp_loss":0.0,"gold_gain":0.0,"event_name":"Beggar","player_choice":"Gave Gold","floor":20.0,"gold_loss":75.0,"damage_taken":0.0},{"damage_healed":0,"gold_gain":0,"player_choice":"Fight","damage_taken":0,"max_hp_gain":0,"max_hp_loss":0,"event_name":"Mysterious Sphere","floor":47,"gold_loss":0}],"is_beta":false,"boss_relics":[{"not_picked":["Gem_Box","SlaversCollar","Busted Crown"]},{"not_picked":["theSenshi:MoonKaleidoScopeRelic","Sozu"],"picked":"hermit:DentedPlate"}],"items_purged_floors":[0,0,0,0,0,0,3,3,27,39,39],"is_endless":false,"potions_floor_spawned":[5,7,8,21,25,31,33,40,48],"ascension_level":6}}