{"host":"zr590xw2unlz0wv7","time":1608105163,"event":{"mods":["BaseMod","Minty Spire (QoL Compilation)","READ ME - Guardian Mod","StSLib"],"gold_per_floor":[10,28,28,103,126,126,126],"floor_reached":6,"playtime":223,"items_purged":[],"score":43,"play_id":"fb67f2c8-861f-4ded-aa4a-201d35d40fc1","local_time":"20201216155243","is_ascension_mode":true,"campfire_choices":[],"circlet_count":0,"master_deck":["Strike_P","Strike_P","Strike_P","Strike_P","Defend_P","Defend_P","Defend_P","Defend_P","Eruption","Vigilance","Worship","EmptyBody","Consecrate","Injury","ClearTheMind"],"relics":["PureWater","Prayer Wheel","Golden Idol"],"acts_visited":["Exordium"],"potions_floor_usage":[6],"damage_taken":[{"damage":2,"enemies":"Cultist","floor":1,"turns":3},{"damage":8,"enemies":"Jaw Worm","floor":2,"turns":5},{"damage":0,"enemies":"2 Louse","floor":5,"turns":3},{"damage":51,"enemies":"Gremlin Nob","floor":6,"turns":4}],"seed_played":"747115402609334223","potions_obtained":[{"floor":2,"key":"Block Potion"}],"is_trial":false,"path_per_floor":["M","M","?","?","M","E"],"character_chosen":"WATCHER","items_purchased":[],"campfire_rested":0,"item_purchase_floors":[],"current_hp_per_floor":[70,62,62,51,51,0,0],"gold":126,"neow_bonus":"ONE_RARE_RELIC","is_daily":false,"chose_seed":false,"campfire_upgraded":0,"win_rate":0.0,"timestamp":1608105163,"path_taken":["M","M","?","?","M","E"],"items_purchased_type":[],"build_version":"2020-12-13","purchased_purges":0,"victory":false,"max_hp_per_floor":[72,72,72,72,72,72,72],"card_choices":[{"not_picked":["SashWhip","Study"],"picked":"Worship","floor":1},{"not_picked":["CutThroughFate","BowlingBash"],"picked":"EmptyBody","floor":1},{"not_picked":["FollowUp","BowlingBash"],"picked":"Consecrate","floor":2},{"not_picked":["EmptyBody","Sanctity","Nirvana"],"picked":"SKIP","floor":2},{"not_picked":["JustLucky","FlurryOfBlows"],"picked":"ClearTheMind","floor":5},{"not_picked":["FlurryOfBlows","BowlingBash","Weave"],"picked":"SKIP","floor":5}],"player_experience":492722,"relics_obtained":[],"event_choices":[{"damage_healed":0,"gold_gain":0,"player_choice":"Take Wound","damage_taken":0,"relics_obtained":["Golden Idol"],"max_hp_gain":0,"max_hp_loss":0,"event_name":"Golden Idol","floor":3,"gold_loss":0,"cards_obtained":["Injury"]},{"damage_healed":0,"gold_gain":75,"player_choice":"Gather Gold","damage_taken":11,"max_hp_gain":0,"max_hp_loss":0,"event_name":"World of Goop","floor":4,"gold_loss":0}],"is_beta":false,"boss_relics":[],"items_purged_floors":[],"is_endless":false,"potions_floor_spawned":[2],"killed_by":"Gremlin Nob","ascension_level":4}}