{"host":"cf32014d19ld5mat","time":1608139551,"event":{"mods":["AchievementEnabler","BaseMod","Block Reminder","Minty Spire (QoL Compilation)","Random Character Button","Relic Stats","StSLib"],"gold_per_floor":[112,128,128,128,141,141,141,141],"floor_reached":7,"playtime":130,"items_purged":[],"score":82,"play_id":"4e45978e-826c-454e-a40f-255a275575be","local_time":"20201216172551","is_ascension_mode":true,"campfire_choices":[{"data":"Eruption","floor":6,"key":"SMITH"}],"circlet_count":0,"master_deck":["AscendersBane","Strike_P","Strike_P+1","Strike_P","Strike_P","Defend_P","Defend_P","Defend_P","Defend_P+1","Eruption+1","Vigilance","Meditate","Worship"],"relics":["Velvet Choker","Golden Idol"],"acts_visited":["Exordium"],"potions_floor_usage":[],"damage_taken":[{"damage":0.0,"enemies":"Cultist","floor":1.0,"turns":2.0},{"damage":8,"enemies":"Small Slimes","floor":2,"turns":2},{"damage":7,"enemies":"Jaw Worm","floor":5,"turns":2},{"damage":22,"enemies":"3 Sentries","floor":7,"turns":4}],"seed_played":"6483951002776451334","potions_obtained":[],"is_trial":false,"path_per_floor":["M","M","?","?","M","R","E"],"character_chosen":"WATCHER","items_purchased":[],"campfire_rested":0,"item_purchase_floors":[],"current_hp_per_floor":[61,53,53,34,27,27,5,5],"gold":141,"neow_bonus":"BOSS_RELIC","is_daily":false,"chose_seed":false,"campfire_upgraded":1,"win_rate":0.0,"timestamp":1608139551,"path_taken":["M","M","?","?","M","R","E"],"items_purchased_type":[],"build_version":"2020-12-13","purchased_purges":0,"victory":false,"max_hp_per_floor":[68,68,62,62,62,62,62,62],"relic_stats":{"counters":[4,10],"Golden Idol":3,"obtain_stats":[{"Golden Idol":3,"Velvet Choker":0,"PureWater":0},{"Golden Idol":2,"Velvet Choker":0,"PureWater":0},{"Golden Idol":4,"Velvet Choker":0,"PureWater":0}]},"card_choices":[{"not_picked":["SashWhip","EmptyFist"],"picked":"Meditate","floor":1.0},{"not_picked":["Evaluate","EmptyBody"],"picked":"Worship","floor":2},{"not_picked":["Swivel","DeceiveReality","PathToVictory"],"picked":"SKIP","floor":5}],"player_experience":950203,"relics_obtained":[],"event_choices":[{"damage_healed":0,"gold_gain":0,"player_choice":"Lose Max HP","damage_taken":0,"relics_obtained":["Golden Idol"],"max_hp_gain":0,"max_hp_loss":6,"event_name":"Golden Idol","floor":3,"gold_loss":0},{"damage_healed":0,"gold_gain":0,"player_choice":"Entered Light","damage_taken":19,"max_hp_gain":0,"max_hp_loss":0,"event_name":"Shining Light","floor":4,"gold_loss":0,"cards_upgraded":["Strike_P","Defend_P"]}],"is_beta":false,"boss_relics":[],"items_purged_floors":[],"is_endless":false,"potions_floor_spawned":[],"killed_by":"3 Sentries","ascension_level":20}}