{"host":"hfvpa4llnnjpeawn","time":1608131791,"event":{"mods":["2.2 Compatiblity","AchievementEnabler","Act Like it!","Aspiration","Bard","BaseMod","Beaked The Cultist","Better Skull","Better Third Choice","BetterRewards","CapriCore","Conspire","Downfall","Elementarium","Energized Spire","Hermit","Hubris","Jorbs\u0027s Wanderer Trilogy","Koishi","Lobotomy","Minty Spire (QoL Compilation)","Pale of the Ancients","Replay The Spire","Shade Mod","Spicy Shops","StSLib","The Bladedancer","The Factory","The Gatherer","The Jungle","Waifu the Spire","Wandering Minibosses"],"gold_per_floor":[363,127,143,163,178,209,209,219,219,234,248,281,293,307,307,416,416,436,652,668,687,70,70,82,100,100,105,105],"floor_reached":27,"playtime":4398,"items_purged":["Slimebound:Defend_Slimebound"],"score":273,"play_id":"c9b7c588-d3eb-4ae7-9120-0c9bd91d4745","local_time":"20201216101631","is_ascension_mode":false,"campfire_choices":[{"floor":15,"key":"REST"},{"floor":23,"key":"RECALL"}],"circlet_count":0,"master_deck":["stsjorbsmod:ForbiddenGrimoire+1","stsjorbsmod:Strike_Wanderer","stsjorbsmod:Strike_Wanderer","stsjorbsmod:Strike_Wanderer","stsjorbsmod:Strike_Wanderer","stsjorbsmod:Defend_Wanderer","stsjorbsmod:Defend_Wanderer","stsjorbsmod:Defend_Wanderer","stsjorbsmod:Defend_Wanderer","stsjorbsmod:FreshAdventure","stsjorbsmod:EyeOfTheStorm","Gatherer:Defend_Gatherer","stsjorbsmod:SmithingStrike","stsjorbsmod:BlackTentacles","stsjorbsmod:BookOfTongues","stsjorbsmod:ColorSpray","stsjorbsmod:OldPocket","stsjorbsmod:FlameWard","expansioncontent:Torchfire","stsjorbsmod:Hibernate","stsjorbsmod:FindFamiliar","stsjorbsmod:ChainLightning","stsjorbsmod:Banish","stsjorbsmod:ChatteringStrike","stsjorbsmod:Rediscovery","CurseOfTheBell","hubris:DuctTapeCard","Elementarium:StickyTar","stsjorbsmod:ScorchingRay","stsjorbsmod:RefuseToForget+1","stsjorbsmod:Patron","stsjorbsmod:Counterspell"],"relics":["stsjorbsmod:GrimoireRelic","Omamori","ReplayTheSpireMod:CursedCoin","Garlic","Question Card","Odd Mushroom","Calling Bell","Regal Pillow","hubris:DuctTape","aspiration:DSix","StoneCalendar","FossilizedHelix"],"acts_visited":["Exordium","Exordium"],"potions_floor_usage":[8,13,16,24,27],"damage_taken":[{"damage":2,"enemies":"Small Slimes","floor":1,"turns":5},{"damage":2,"enemies":"Cultist","floor":3,"turns":4},{"damage":0,"enemies":"2 Louse","floor":4,"turns":2},{"damage":5,"enemies":"Looter","floor":5,"turns":3},{"damage":24,"enemies":"Lagavulin","floor":6,"turns":5},{"damage":0,"enemies":"Red Slaver","floor":8,"turns":2},{"damage":5,"enemies":"conspire:2 RoseBushes","floor":10,"turns":6},{"damage":4,"enemies":"Gremlin Gang","floor":11,"turns":3},{"damage":7,"enemies":"The Mushroom Lair","floor":12,"turns":4},{"damage":0,"enemies":"Lots of Slimes","floor":13,"turns":3},{"damage":0,"enemies":"2 Fungi Beasts","floor":14,"turns":3},{"damage":16,"enemies":"Fading Forest","floor":16,"turns":11},{"damage":0,"enemies":"Elementarium:MUD_AND_TAR_GOLEMS","floor":18,"turns":3},{"damage":0,"enemies":"Elementarium:VoidCorruption","floor":20,"turns":3},{"damage":7,"enemies":"Elementarium:VoidBeast","floor":21,"turns":3},{"damage":6,"enemies":"Elementarium:CYCLONE_AND_LIVING_STORMCLOUD","floor":24,"turns":4},{"damage":0,"enemies":"Elementarium:3_ELEMENTALS","floor":25,"turns":5},{"damage":48,"enemies":"Elementarium:ElementalPortal","floor":27,"turns":5}],"seed_played":"-4823878185885758840","potions_obtained":[{"floor":5,"key":"SmokeBomb"},{"floor":6,"key":"sneckomod:MuddlingPotion"},{"floor":11,"key":"stsjorbsmod:LiquidClarity"},{"floor":12,"key":"LiquidMemories"},{"floor":18,"key":"LifebloodPotion"},{"floor":24,"key":"sneckomod:MuddlingPotion"},{"floor":25,"key":"sneckomod:MuddlingPotion"}],"is_trial":false,"path_per_floor":["M","$","M","M","M","E","?","M","T","M","M","?","M","M","R","B",null,"M","?","M","M","$","R","M","M","T","E"],"character_chosen":"WANDERER","items_purchased":["Omamori","ReplayTheSpireMod:CursedCoin","stsjorbsmod:BlackTentacles","stsjorbsmod:BookOfTongues","StoneCalendar","FossilizedHelix"],"campfire_rested":1,"item_purchase_floors":[2,2,2,2,22,22],"current_hp_per_floor":[68,68,67,67,63,42,42,43,43,38,35,29,31,31,52,48,70,70,52,53,47,47,47,41,42,42,0,0],"gold":105,"neow_bonus":"TWO_FIFTY_GOLD","is_daily":false,"chose_seed":false,"campfire_upgraded":0,"win_rate":0.0,"timestamp":1608131791,"path_taken":["M","$","M","M","M","E","?","?","T","M","M","?","M","M","R","BOSS","M","?","?","M","$","R","M","M","T","E"],"items_purchased_type":["Relic","Relic","Card","Card","Relic","Relic"],"build_version":"2020-12-13","purchased_purges":1,"victory":false,"max_hp_per_floor":[68,68,68,68,68,70,70,70,70,70,70,70,70,70,70,70,70,70,70,70,70,70,70,70,70,70,72,72],"card_choices":[{"not_picked":["stsjorbsmod:BlackTentacles","stsjorbsmod:ParryingBlow"],"picked":"stsjorbsmod:SmithingStrike","floor":1},{"not_picked":["stsjorbsmod:Message","stsjorbsmod:FracturedMind"],"picked":"stsjorbsmod:TrueStrike","floor":3},{"not_picked":["stsjorbsmod:ChainLightning","stsjorbsmod:ParryingBlow"],"picked":"stsjorbsmod:ColorSpray","floor":4},{"not_picked":["stsjorbsmod:BookOfTongues","stsjorbsmod:ParryingBlow"],"picked":"stsjorbsmod:OldPocket","floor":5},{"not_picked":["stsjorbsmod:FracturedMind","stsjorbsmod:UnseenServant"],"picked":"stsjorbsmod:FlameWard","floor":6},{"not_picked":["stsjorbsmod:ColorSpray","stsjorbsmod:Index"],"picked":"stsjorbsmod:Hibernate","floor":8},{"not_picked":["stsjorbsmod:SchoolsOfMagic","stsjorbsmod:Counterspell","stsjorbsmod:Prepare"],"picked":"stsjorbsmod:FindFamiliar","floor":10},{"not_picked":["stsjorbsmod:Hibernate","stsjorbsmod:Rest","stsjorbsmod:FracturedMind"],"picked":"stsjorbsmod:Patron","floor":11},{"not_picked":["stsjorbsmod:Index","stsjorbsmod:MistyStep","stsjorbsmod:RefuseToForget"],"picked":"stsjorbsmod:ChainLightning","floor":12},{"not_picked":["stsjorbsmod:Aid","stsjorbsmod:UnseenServant","stsjorbsmod:TinyHut"],"picked":"stsjorbsmod:Banish","floor":13},{"not_picked":["stsjorbsmod:Index","stsjorbsmod:Message","stsjorbsmod:TrueStrike"],"picked":"stsjorbsmod:ChatteringStrike","floor":14},{"not_picked":["stsjorbsmod:Fear","stsjorbsmod:HoldMonster","stsjorbsmod:Trauma"],"picked":"stsjorbsmod:Rediscovery","floor":16},{"not_picked":["stsjorbsmod:FranticSearch","stsjorbsmod:Materialize+1","stsjorbsmod:DisguiseSelf"],"picked":"stsjorbsmod:ScorchingRay","floor":18},{"not_picked":["stsjorbsmod:ChatteringStrike+1","stsjorbsmod:Hurt","stsjorbsmod:DisguiseSelf+1"],"picked":"stsjorbsmod:RefuseToForget+1","floor":20},{"not_picked":["stsjorbsmod:FindFamiliar","stsjorbsmod:ChainLightning","stsjorbsmod:WeightOfMemory"],"picked":"stsjorbsmod:Patron","floor":21},{"not_picked":["stsjorbsmod:Index","stsjorbsmod:Rediscovery","stsjorbsmod:Materialize"],"picked":"stsjorbsmod:Counterspell","floor":24},{"not_picked":["stsjorbsmod:FracturedMind+1","stsjorbsmod:TinyHut","stsjorbsmod:Materialize","stsjorbsmod:DisguiseSelf"],"picked":"SKIP","floor":25}],"player_experience":226973,"relics_obtained":[{"floor":6,"key":"Garlic"},{"floor":9,"key":"Question Card"},{"floor":12,"key":"Odd Mushroom"},{"floor":17,"key":"Regal Pillow"},{"floor":17,"key":"hubris:DuctTape"},{"floor":17,"key":"aspiration:DSix"}],"event_choices":[{"damage_healed":0,"gold_gain":0,"player_choice":"2 cards matched","damage_taken":0,"max_hp_gain":0,"max_hp_loss":0,"event_name":"Match and Keep!","floor":7,"gold_loss":0,"cards_obtained":["hubris:Lust","expansioncontent:Torchfire"]},{"damage_healed":0,"gold_gain":0,"player_choice":"Fought Mushrooms","damage_taken":0,"max_hp_gain":0,"max_hp_loss":0,"event_name":"Mushrooms","floor":12,"gold_loss":0},{"damage_healed":0,"gold_gain":216,"player_choice":"GO GO ","damage_taken":20,"relics_obtained":[],"max_hp_gain":0,"max_hp_loss":0,"event_name":"betterSkull:BetterSkull","floor":19,"gold_loss":0,"cards_upgraded":[]}],"is_beta":false,"boss_relics":[{"not_picked":["energizedSpire:MagnifyingGlass","ReplayTheSpireMod:DimensionalGlitch"],"picked":"Calling Bell"}],"items_purged_floors":[2],"is_endless":false,"potions_floor_spawned":[5,6,11,12,18,24,25],"killed_by":"Elementarium:ElementalPortal","ascension_level":0}}