{"host":"6scopiddv55v50ud","time":1608158110,"event":{"mods":["AchievementEnabler","Act Like it!","BaseMod","Better Altar","Better Match","Better Note","Better Sensory Stone","Better Skull","Better Third Choice","Defuse TimeMaze Blight","Downfall","Minty Spire (QoL Compilation)","StSLib"],"gold_per_floor":[99,130,130,163,176,191,243,228,228,257,273,273,273,448,465,569,569,419,446,471,483,408,33,83,101,116,116,116,26,50,72,86,197,197,197,197,197],"floor_reached":36,"playtime":3078,"items_purged":[],"score":500,"play_id":"d566602d-b8e8-423d-8444-56577fb5e29a","local_time":"20201216143510","is_ascension_mode":false,"campfire_choices":[{"floor":1,"key":"RECALL"},{"data":"hexamod:FastForward","floor":9,"key":"SMITH"},{"data":"hexamod:VolcanoVisage","floor":18,"key":"SMITH"},{"data":"hexamod:VolcanoVisage","floor":22,"key":"SMITH"},{"data":"hexamod:SoulSteal","floor":27,"key":"SMITH"},{"data":"Apotheosis","floor":35,"key":"SMITH"}],"circlet_count":0,"master_deck":["hexamod:Sear","hexamod:Float","hexamod:FastForward+1","hexamod:HeatShield+1","hexamod:InspiringFlames","hexamod:StepThrough","hexamod:FirstSeal","hexamod:WildfireWeapon+1","hexamod:ExtraCrispy","hexamod:RainOfEmbers","hexamod:VolcanoVisage+1","hexamod:RetreatToShadows","hexamod:RainOfEmbers","hexamod:VolcanoVisage+1","hexamod:ChargedBarrage","hexamod:FirstSeal","hexamod:NecessarySacrifice","hexamod:ExtraCrispy","hexamod:SkipABeat","hexamod:FourthSeal","hexamod:ThirdSeal","Apotheosis+1","hexamod:SoulSteal+1","hexamod:HeatMetal+1","hexamod:TurnItUp","hexamod:SecondSeal","hexamod:Again","hexamod:EtherealExpedition","hexamod:PhantomCloak+1","hexamod:SixthSeal","hexamod:TimeOfNeed"],"relics":["hexamod:SpiritBrand","downfall:HeartsMalice","Tiny Chest","Shuriken","Omamori","Orichalcum","Pandora\u0027s Box","downfall:HeartBlessingRed","downfall:HeartBlessingGreen","Dream Catcher","downfall:HeartBlessingBlue","Lee\u0027s Waffle","Centennial Puzzle","Runic Dome"],"acts_visited":["Exordium","TheCity","TheBeyond"],"potions_floor_usage":[19,26,26,30,30,30,31,33,33],"damage_taken":[{"damage":0,"enemies":"3 Sentries","floor":2,"turns":1},{"damage":0,"enemies":"2 Louse","floor":3,"turns":1},{"damage":0,"enemies":"Gremlin Nob","floor":4,"turns":1},{"damage":4,"enemies":"Jaw Worm","floor":5,"turns":4},{"damage":0,"enemies":"Cultist","floor":6,"turns":3},{"damage":0,"enemies":"downfall:FleeingMerchant","floor":8,"turns":4},{"damage":13,"enemies":"Lagavulin","floor":10,"turns":9},{"damage":11,"enemies":"Large Slime","floor":11,"turns":5},{"damage":8,"enemies":"2 Fungi Beasts","floor":15,"turns":6},{"damage":40,"enemies":"downfall:Watcher","floor":16,"turns":9},{"damage":13,"enemies":"Gremlin Leader","floor":19,"turns":6},{"damage":24,"enemies":"Spheric Guardian","floor":21,"turns":5},{"damage":6,"enemies":"downfall:FleeingMerchant","floor":23,"turns":4},{"damage":38,"enemies":"3 Byrds","floor":25,"turns":3},{"damage":17,"enemies":"Sentry and Sphere","floor":26,"turns":3},{"damage":0,"enemies":"downfall:FleeingMerchant","floor":29,"turns":4},{"damage":28,"enemies":"Centurion and Healer","floor":30,"turns":6},{"damage":12,"enemies":"Snake Plant","floor":31,"turns":4},{"damage":37,"enemies":"Cultist and Chosen","floor":32,"turns":6},{"damage":24,"enemies":"downfall:Defect","floor":33,"turns":9},{"damage":94,"enemies":"Reptomancer","floor":36,"turns":3}],"seed_played":"-2326819121860547728","potions_obtained":[{"floor":5,"key":"SkillPotion"},{"floor":6,"key":"ColorlessPotion"},{"floor":15,"key":"Strength Potion"},{"floor":19,"key":"champ:CounterPotion"},{"floor":21,"key":"EntropicBrew"},{"floor":26,"key":"Strength Potion"},{"floor":31,"key":"FairyPotion"},{"floor":32,"key":"champ:CounterPotion"}],"is_trial":false,"path_per_floor":["R","E","M","E","M","M","T","$","R","E","M","?","?","?","M","B",null,"R","E","T","M","R","$","T","M","M","R","?","$","M","M","M","B",null,"R","E"],"character_chosen":"THE_SPIRIT","items_purchased":["Apotheosis","hexamod:SoulSteal","Lee\u0027s Waffle","hexamod:EtherealExpedition"],"campfire_rested":0,"item_purchase_floors":[23,23,23,29],"current_hp_per_floor":[70,70,70,70,66,66,66,70,70,64,60,60,60,60,59,19,70,70,64,64,54,64,87,87,63,53,53,53,60,39,34,30,6,87,87,0,0],"gold":197,"neow_bonus":"THREE_ENEMY_KILL","is_daily":false,"chose_seed":false,"campfire_upgraded":5,"win_rate":0.0,"timestamp":1608158110,"path_taken":["R","E","M","E","M","M","T","$","R","E","M","?","?","?","M","BOSS","R","E","?","M","R","$","T","M","?","R","?","$","M","M","M","BOSS","R","E"],"items_purchased_type":["Card","Card","Relic","Card"],"build_version":"2020-12-13","purchased_purges":0,"victory":false,"max_hp_per_floor":[70,70,70,70,70,70,70,70,70,70,70,70,70,70,70,70,70,70,70,70,70,80,87,87,87,87,87,87,87,87,87,87,87,87,87,87,87],"card_choices":[{"not_picked":["hexamod:BacktrackSmack","hexamod:Hexaguard"],"picked":"hexamod:FastForward","floor":2},{"not_picked":["hexamod:ThermalTransfer","hexamod:Again"],"picked":"hexamod:HeatShield","floor":3},{"not_picked":["hexamod:Rewind","hexamod:AdvancingGuard"],"picked":"hexamod:InspiringFlames","floor":4},{"not_picked":["hexamod:NightmareGuise","hexamod:FastForward"],"picked":"hexamod:StepThrough","floor":5},{"not_picked":["hexamod:BurningTouch","hexamod:FastForward"],"picked":"hexamod:FirstSeal","floor":6},{"not_picked":["hexamod:GhostShield","hexamod:RainOfEmbers"],"picked":"hexamod:WildfireWeapon","floor":8},{"not_picked":["hexamod:HeatCrush","hexamod:EmpoweringStance"],"picked":"hexamod:ExtraCrispy","floor":10},{"not_picked":["hexamod:SpectralAdrenaline","hexamod:FastForward","hexamod:SwordOfDarkness"],"picked":"SKIP","floor":11},{"not_picked":["hexamod:GhostShield","hexamod:NightmareGuise"],"picked":"hexamod:RainOfEmbers","floor":15},{"not_picked":["hexamod:ParanormalForm","hexamod:SixthSeal"],"picked":"hexamod:VolcanoVisage","floor":16},{"not_picked":["hexamod:NightmareStrike+1","hexamod:HexaLevel"],"picked":"hexamod:FourthSeal","floor":19},{"not_picked":["hexamod:GhostOfSpirePresent","hexamod:DynamicBlow","hexamod:BurningTouch"],"picked":"SKIP","floor":21},{"not_picked":["hexamod:InspiringFlames+1","hexamod:HeatMetal+1"],"picked":"hexamod:ThirdSeal","floor":23},{"not_picked":["hexamod:GhostOfSpirePast","hexamod:BacktrackSmack","hexamod:NightmareGuise"],"picked":"SKIP","floor":25},{"not_picked":["hexamod:ThermalTransfer","hexamod:RetreatToShadows","hexamod:BurningTouch"],"picked":"SKIP","floor":25},{"not_picked":["hexamod:GhostOfSpirePast","hexamod:BacktrackSmack","hexamod:NightmareGuise"],"picked":"SKIP","floor":25},{"not_picked":["hexamod:ThermalTransfer","hexamod:RetreatToShadows","hexamod:BurningTouch"],"picked":"SKIP","floor":25},{"not_picked":["hexamod:GhostOfSpireFuture+1","hexamod:ThermalTransfer+1"],"picked":"hexamod:HeatMetal","floor":26},{"not_picked":["hexamod:ShieldOfDarkness+1","hexamod:NecessarySacrifice+1"],"picked":"hexamod:TurnItUp","floor":26},{"not_picked":["hexamod:Again+1","hexamod:FastForward"],"picked":"hexamod:SecondSeal","floor":29},{"not_picked":["hexamod:SwordOfDarkness","hexamod:StepThrough"],"picked":"hexamod:Again","floor":29},{"not_picked":["hexamod:ShieldOfDarkness+1","hexamod:BurningTouch","hexamod:Hexaguard+1"],"picked":"SKIP","floor":30},{"not_picked":["hexamod:SwordOfDarkness","hexamod:ThirdSeal","hexamod:HeatMetal"],"picked":"SKIP","floor":30},{"not_picked":["hexamod:GhostOfSpirePresent","hexamod:FastForward","hexamod:CrushingStance"],"picked":"SKIP","floor":31},{"not_picked":["hexamod:Firestarter+1","hexamod:SkipABeat"],"picked":"hexamod:PhantomCloak+1","floor":32},{"not_picked":["hexamod:RainOfEmbers","hexamod:HauntingEcho+1","hexamod:BurningTouch"],"picked":"SKIP","floor":32},{"not_picked":["hexamod:HexaLevel","hexamod:VolcanoVisage"],"picked":"hexamod:SixthSeal","floor":33},{"not_picked":["hexamod:GhostflameInferno","hexamod:WildfireWeapon"],"picked":"hexamod:TimeOfNeed","floor":33}],"player_experience":281213,"relics_obtained":[{"floor":2,"key":"Tiny Chest"},{"floor":4,"key":"Shuriken"},{"floor":7,"key":"Omamori"},{"floor":10,"key":"Orichalcum"},{"floor":19,"key":"Dream Catcher"},{"floor":24,"key":"Centennial Puzzle"}],"event_choices":[{"damage_healed":0,"gold_gain":0,"player_choice":"Grow","damage_taken":0,"max_hp_gain":0,"max_hp_loss":0,"event_name":"Living Wall","floor":12,"gold_loss":0,"cards_upgraded":["hexamod:HeatShield"]},{"damage_healed":0,"gold_gain":0,"player_choice":"Forge","damage_taken":0,"max_hp_gain":0,"max_hp_loss":0,"event_name":"Accursed Blacksmith","floor":28,"gold_loss":0,"cards_upgraded":["hexamod:HeatMetal"]}],"is_beta":false,"boss_relics":[{"not_picked":["Snecko Eye","SlaversCollar"],"picked":"Pandora\u0027s Box"},{"not_picked":["Astrolabe","Coffee Dripper"],"picked":"Runic Dome"}],"items_purged_floors":[],"is_endless":false,"potions_floor_spawned":[5,6,15,16,19,21,26,32,33],"killed_by":"Reptomancer","ascension_level":0}}