{"host":"3jpwrwmmgyabjceh","time":1608137103,"event":{"mods":["BaseMod","Minty Spire (QoL Compilation)","StSLib"],"gold_per_floor":[218,228,228,43,43,70,70,70,70,86,96,110,127,302,302,399,399,415,425,22,22,32,59,59,113,113,45,57,84,101,117,117,218,218,230,249,263,279,297,297,102,133,133,133,480,176,188,205,205,205,205],"floor_reached":50,"playtime":2794,"items_purged":["Strike_G","Strike_G","Strike_G"],"score":646,"play_id":"b81b2b74-ea69-4719-86e6-d6a360b84e16","local_time":"20201216194503","is_ascension_mode":true,"campfire_choices":[{"data":"Crippling Poison","floor":7,"key":"SMITH"},{"floor":15,"key":"REST"},{"floor":24,"key":"REST"},{"floor":32,"key":"REST"},{"floor":40,"key":"REST"},{"floor":49,"key":"REST"}],"circlet_count":0,"master_deck":["Defend_G","Defend_G","Defend_G","Defend_G","Defend_G","Survivor","Neutralize","Poisoned Stab","Crippling Poison+1","Noxious Fumes","Backstab","Regret","Noxious Fumes","Dash","Dagger Spray","Doubt","A Thousand Cuts","Dodge and Roll+1","Outmaneuver","Shame","Backstab","Leg Sweep","Backstab","Deflect+1","Noxious Fumes+1","Acrobatics+1","After Image+1","Footwork+1","Dagger Spray+1","Caltrops+1","Poisoned Stab","Leg Sweep"],"relics":["Ring of the Snake","Unceasing Top","Incense Burner","Velvet Choker","TwistedFunnel","Oddly Smooth Stone","TungstenRod","Frozen Egg 2","Anchor","Pear","Bottled Flame","Philosopher\u0027s Stone","Snake Skull","Gremlin Horn","Old Coin","Membership Card"],"acts_visited":["Exordium","TheCity","TheBeyond"],"potions_floor_usage":[6,11,16,18,29,33,42,42,45,46,47,47,48,50],"damage_taken":[{"damage":0,"enemies":"Jaw Worm","floor":1,"turns":7},{"damage":5,"enemies":"Small Slimes","floor":2,"turns":4},{"damage":12,"enemies":"Gremlin Nob","floor":6,"turns":5},{"damage":0,"enemies":"2 Louse","floor":10,"turns":2},{"damage":5,"enemies":"Exordium Thugs","floor":11,"turns":5},{"damage":2,"enemies":"Exordium Wildlife","floor":12,"turns":4},{"damage":1,"enemies":"3 Louse","floor":13,"turns":2},{"damage":24,"enemies":"Slime Boss","floor":16,"turns":10},{"damage":12,"enemies":"Spheric Guardian","floor":18,"turns":6},{"damage":10,"enemies":"2 Thieves","floor":19,"turns":4},{"damage":5,"enemies":"Snake Plant","floor":22,"turns":4},{"damage":23,"enemies":"Gremlin Leader","floor":23,"turns":8},{"damage":10,"enemies":"Centurion and Healer","floor":28,"turns":5},{"damage":25,"enemies":"Book of Stabbing","floor":29,"turns":8},{"damage":0,"enemies":"Shelled Parasite and Fungi","floor":30,"turns":5},{"damage":0,"enemies":"Snake Plant","floor":31,"turns":4},{"damage":26,"enemies":"Champ","floor":33,"turns":15},{"damage":16,"enemies":"3 Darklings","floor":35,"turns":4},{"damage":0,"enemies":"Orb Walker","floor":36,"turns":4},{"damage":0,"enemies":"4 Shapes","floor":37,"turns":4},{"damage":7,"enemies":"Transient","floor":38,"turns":5},{"damage":10,"enemies":"Maw","floor":39,"turns":10},{"damage":25,"enemies":"Reptomancer","floor":42,"turns":7},{"damage":36,"enemies":"2 Orb Walkers","floor":45,"turns":6},{"damage":3,"enemies":"4 Shapes","floor":47,"turns":5},{"damage":4,"enemies":"Transient","floor":48,"turns":5},{"damage":40,"enemies":"Time Eater","floor":50,"turns":9}],"seed_played":"-5262586919149300756","potions_obtained":[{"floor":2,"key":"Block Potion"},{"floor":6,"key":"Weak Potion"},{"floor":13,"key":"Swift Potion"},{"floor":16,"key":"GhostInAJar"},{"floor":18,"key":"GamblersBrew"},{"floor":31,"key":"SkillPotion"},{"floor":33,"key":"Explosive Potion"},{"floor":35,"key":"Fire Potion"},{"floor":39,"key":"Swift Potion"},{"floor":42,"key":"Block Potion"},{"floor":47,"key":"Fruit Juice"}],"is_trial":false,"path_per_floor":["M","M","?","$","?","E","R","?","T","M","M","M","M","?","R","B",null,"M","M","$","?","M","E","R","T","T","$","M","E","M","M","R","B",null,"M","M","M","M","M","R","$","E","T","?","?","$","M","M","R","B"],"character_chosen":"THE_SILENT","items_purchased":["Noxious Fumes","Backstab","TwistedFunnel","Oddly Smooth Stone","Backstab","Caltrops+1","Membership Card","Leg Sweep","Fruit Juice","ColorlessPotion","Ancient Potion"],"campfire_rested":5,"item_purchase_floors":[4,4,20,20,27,41,46,46,46,46,46],"current_hp_per_floor":[70,65,58,58,58,46,46,46,46,46,41,39,38,38,59,35,70,58,48,48,48,43,20,41,41,51,51,41,16,16,16,40,14,80,64,64,64,57,47,71,71,46,46,46,10,15,17,13,40,0,0],"gold":205,"neow_bonus":"HUNDRED_GOLD","is_daily":false,"chose_seed":false,"campfire_upgraded":1,"win_rate":0.0,"timestamp":1608137103,"path_taken":["M","M","?","$","?","E","R","?","T","M","M","M","M","?","R","BOSS","M","M","$","?","M","E","R","?","T","$","M","E","M","M","R","BOSS","M","M","M","M","M","R","$","E","T","?","?","$","M","M","R","BOSS"],"items_purchased_type":["Card","Card","Relic","Relic","Card","Card","Relic","Card","Potion","Potion","Potion"],"build_version":"2020-12-13","purchased_purges":3,"victory":false,"max_hp_per_floor":[70,70,70,70,70,70,70,70,70,70,70,70,70,70,70,70,70,70,70,70,70,70,70,70,70,80,80,80,80,80,80,80,80,80,80,80,80,80,80,80,80,80,80,80,80,85,90,90,90,90,90],"card_choices":[{"not_picked":["Dagger Throw","Dodge and Roll"],"picked":"Poisoned Stab","floor":1},{"not_picked":["Dash","Flechettes"],"picked":"Crippling Poison","floor":2},{"not_picked":["Riddle With Holes","Dagger Spray"],"picked":"Noxious Fumes","floor":6},{"not_picked":["Slice","Underhanded Strike"],"picked":"Dash","floor":10},{"not_picked":["Outmaneuver","Choke"],"picked":"Dagger Spray","floor":11},{"not_picked":["Prepared","Malaise"],"picked":"Cloak And Dagger","floor":12},{"not_picked":["Escape Plan","Eviscerate","Blade Dance"],"picked":"SKIP","floor":13},{"not_picked":["Storm of Steel","Grand Finale"],"picked":"A Thousand Cuts","floor":16},{"not_picked":["Quick Slash","Cloak And Dagger"],"picked":"Dodge and Roll+1","floor":18},{"not_picked":["Dash","Concentrate"],"picked":"Outmaneuver","floor":19},{"not_picked":["Quick Slash+1","Dodge and Roll"],"picked":"Backstab","floor":22},{"not_picked":["Prepared","Storm of Steel"],"picked":"Leg Sweep","floor":23},{"not_picked":["Dagger Throw+1","Terror+1"],"picked":"Deflect+1","floor":28},{"not_picked":["Bullet Time","Blade Dance","Storm of Steel"],"picked":"SKIP","floor":29},{"not_picked":["Distraction","All Out Attack+1"],"picked":"Noxious Fumes+1","floor":30},{"not_picked":["Deflect+1","Slice"],"picked":"Acrobatics+1","floor":31},{"not_picked":["Unload","Burst"],"picked":"After Image+1","floor":33},{"not_picked":["Flying Knee","Dagger Spray","Slice"],"picked":"SKIP","floor":35},{"not_picked":["Concentrate","Cloak And Dagger","Deflect+1"],"picked":"SKIP","floor":36},{"not_picked":["Prepared+1","Well Laid Plans+1"],"picked":"Footwork+1","floor":37},{"not_picked":["Acrobatics+1","Venomology"],"picked":"Dagger Spray+1","floor":38},{"not_picked":["Bane","Escape Plan","Blade Dance+1"],"picked":"SKIP","floor":39},{"not_picked":["Flying Knee+1","Finisher+1"],"picked":"Poisoned Stab","floor":42},{"not_picked":["Quick Slash","Flying Knee+1","Backstab+1"],"picked":"SKIP","floor":47},{"not_picked":["Choke","Quick Slash+1","Underhanded Strike+1"],"picked":"SKIP","floor":48}],"player_experience":204002,"relics_obtained":[{"floor":6,"key":"Incense Burner"},{"floor":23,"key":"Frozen Egg 2"},{"floor":25,"key":"Anchor"},{"floor":26,"key":"Pear"},{"floor":29,"key":"Bottled Flame"},{"floor":42,"key":"Snake Skull"},{"floor":43,"key":"Gremlin Horn"},{"floor":45,"key":"Old Coin"}],"event_choices":[{"cards_removed":["Strike_G"],"damage_healed":0,"gold_gain":0,"player_choice":"Card Removal","damage_taken":7,"max_hp_gain":0,"max_hp_loss":0,"event_name":"Golden Wing","floor":3,"gold_loss":0},{"damage_healed":0,"gold_gain":0,"player_choice":"Box","damage_taken":0,"relics_obtained":["Unceasing Top"],"max_hp_gain":0,"max_hp_loss":0,"event_name":"Big Fish","floor":5,"gold_loss":0,"cards_obtained":["Regret"]},{"cards_removed":["Strike_G"],"damage_healed":0,"gold_gain":0,"player_choice":"Forget","damage_taken":0,"max_hp_gain":0,"max_hp_loss":0,"event_name":"Living Wall","floor":8,"gold_loss":0},{"damage_healed":0,"gold_gain":175,"player_choice":"AGREE","damage_taken":0,"max_hp_gain":0,"max_hp_loss":0,"event_name":"Liars Game","floor":14,"gold_loss":0,"cards_obtained":["Doubt"]},{"damage_healed":0,"gold_gain":0,"player_choice":"Stole Relic","damage_taken":0,"relics_obtained":["TungstenRod"],"max_hp_gain":0,"max_hp_loss":0,"event_name":"Addict","floor":21,"gold_loss":0,"cards_obtained":["Shame"]},{"cards_removed":["Cloak And Dagger"],"damage_healed":0,"gold_gain":0,"player_choice":"Removed Skill","damage_taken":0,"max_hp_gain":0,"max_hp_loss":0,"event_name":"Falling","floor":44,"gold_loss":0},{"damage_healed":0,"gold_gain":0,"player_choice":"Fight","damage_taken":0,"max_hp_gain":0,"max_hp_loss":0,"event_name":"Mysterious Sphere","floor":45,"gold_loss":0}],"is_beta":false,"boss_relics":[{"not_picked":["Runic Dome","WristBlade"],"picked":"Velvet Choker"},{"not_picked":["Busted Crown","SacredBark"],"picked":"Philosopher\u0027s Stone"}],"items_purged_floors":[4,20,41],"is_endless":false,"potions_floor_spawned":[2,6,13,16,18,31,33,35,39,42,47],"killed_by":"Time Eater","ascension_level":3}}