{"host":"43ljbksi7ebmxfn8","time":1608096589,"event":{"mods":["Act Like it!","BaseMod","Gensokyo","Minty Spire (QoL Compilation)","MostiFishMod","Pale of the Ancients","Quick Restart","Shop Mod","Spicy Shops","StSLib","TestMod","篝火指南"],"gold_per_floor":[110,10,21,21,21,50,50,78,78,96,115,140,220,236,9,81,81,94,1093,1107,1107,717,743,754,781,808,836,560,592,297,310,329,543,543,559,576,576,592,612,644,669,707,733,504,520,534,568,122,122,122,132,132,132],"floor_reached":52,"playtime":3374,"items_purged":["Strike_B","Defend_B","Strike_B+1","Defend_B+1","Strike_B+1","Defend_B+1","Strike_B+1","Barricade+1"],"score":1919,"play_id":"9c41c4ef-3104-44b3-a7ff-075b646ea283","local_time":"20201216132949","is_ascension_mode":true,"campfire_choices":[{"floor":7.0,"key":"RECALL"},{"data":"Expertise+1","floor":49.0,"key":"PURGE"}],"circlet_count":0,"master_deck":["AscendersBane","Defend_B+1","Zap+1","White Noise+1","Recycle+1","MostiFishMod:MusicBox+1","MostiFishMod:WingOfPhoenix+1","CurseOfTheBell","MostiFishMod:ReadyAimFire+1","Double Energy+1","Body Slam+1","testmod-Dream+1","Double Energy+1","Coolheaded+1","TalkToTheHand+1","Amplify+1"],"relics":["Cracked Core","DaveBox","testmod-TestBox","DSteel32","testmod-BalancedPeriapt","DianPoetry","Question Card","PrismaticShard","Eternal Feather","ImportantClient","Oddly Smooth Stone","Blue Candle","testmod-Nyarlathotep","Membership Card","MerchantsRug","Chemical X","ImprovedEquipment","DaCapo","Molten Egg 2","testmod-Antiphasic","Smiling Mask","testmod-TheFather","Omamori","BrkXgEgg","Sundial","testmod-IndustrialRevolution","OrangePellets","Matryoshka","testmod-CrystalShield","BirthdayGift-Tetrahedron","testmod-ArcanaOfDestiny","Peace Pipe","Blood Vial","Akabeko","Ancient Tea Set","Potion Belt","Runic Capacitor","testmod-Charity","testmod-LifeArmor","Gambling Chip","ClockworkSouvenir","Bottled Tornado","Juzu Bracelet","paleoftheancients:Timepiece","paleoftheancients:KeyRelic","Orichalcum","Ice Cream","Letter Opener","paleoftheancients:SoulOfTheSilent"],"acts_visited":["Exordium","Gensokyo:Gensokyo","TheBeyond","TheBeyond"],"potions_floor_usage":[],"damage_taken":[{"damage":0.0,"enemies":"Gensokyo:Python","floor":1.0,"turns":2.0},{"damage":0.0,"enemies":"Gensokyo:3_Fairies","floor":3.0,"turns":3.0},{"damage":7.0,"enemies":"Gensokyo:Mamizou","floor":6.0,"turns":6.0},{"damage":9.0,"enemies":"Gensokyo:Aya","floor":8.0,"turns":4.0},{"damage":0.0,"enemies":"Gensokyo:2_Kodama","floor":10.0,"turns":2.0},{"damage":1.0,"enemies":"Gensokyo:VengefulSpirit","floor":11.0,"turns":3.0},{"damage":2.0,"enemies":"Gensokyo:Mamizou","floor":12.0,"turns":6.0},{"damage":0.0,"enemies":"Gensokyo:LivingMonolith","floor":14.0,"turns":2.0},{"damage":38.0,"enemies":"Gensokyo:Yukari","floor":16.0,"turns":6.0},{"damage":17.0,"enemies":"Gensokyo:Chomper","floor":18.0,"turns":4.0},{"damage":15.0,"enemies":"Gensokyo:2_Gloops","floor":20.0,"turns":4.0},{"damage":0.0,"enemies":"Gensokyo:Tenshi","floor":23.0,"turns":2.0},{"damage":0.0,"enemies":"Gensokyo:Wraith","floor":24.0,"turns":2.0},{"damage":1.0,"enemies":"Gensokyo:Koishi","floor":25.0,"turns":2.0},{"damage":0.0,"enemies":"Gensokyo:Reisen","floor":27.0,"turns":1.0},{"damage":11.0,"enemies":"Gensokyo:Tenshi","floor":29.0,"turns":2.0},{"damage":0.0,"enemies":"Gensokyo:Mirror_and_Dog","floor":31.0,"turns":1.0},{"damage":0.0,"enemies":"Gensokyo:Eiki","floor":33.0,"turns":5.0},{"damage":0.0,"enemies":"Orb Walker","floor":35.0,"turns":1.0},{"damage":0.0,"enemies":"3 Darklings","floor":36.0,"turns":1.0},{"damage":0.0,"enemies":"Sphere and 2 Shapes","floor":38.0,"turns":1.0},{"damage":0.0,"enemies":"Transient","floor":39.0,"turns":2.0},{"damage":0.0,"enemies":"Reptomancer","floor":40.0,"turns":1.0},{"damage":0.0,"enemies":"Mind Bloom Boss Battle","floor":41.0,"turns":1.0},{"damage":0.0,"enemies":"Giant Head","floor":42.0,"turns":1.0},{"damage":0.0,"enemies":"Maw","floor":45.0,"turns":2.0},{"damage":0.0,"enemies":"Writhing Mass","floor":46.0,"turns":1.0},{"damage":0.0,"enemies":"Nemesis","floor":47.0,"turns":2.0},{"damage":0.0,"enemies":"Donu and Deca","floor":50.0,"turns":1.0},{"damage":16,"enemies":"Donu and Deca","floor":51,"turns":2},{"damage":0,"enemies":"Donu and Deca","floor":52,"turns":1}],"seed_played":"5416880889001414007","potions_obtained":[{"floor":6.0,"key":"Dexterity Potion"},{"floor":11.0,"key":"testmod-EscapePotion"},{"floor":16.0,"key":"Fruit Juice"},{"floor":18.0,"key":"Explosive Potion"},{"floor":24.0,"key":"Dexterity Potion"}],"is_trial":false,"path_per_floor":["M","?","M","?","$","E","R","E","T","M","M","E","?","M","R","B",null,"M","?","M","?","$","E","M","E","T","E","R","E","$","M","R","B",null,"M","M","?","M","M","E","?","E","T","$","M","M","E","$","R","B","M","M"],"character_chosen":"DEFECT","items_purchased":["Orrery","Membership Card","MerchantsRug","Chemical X","ImprovedEquipment","DaCapo","Omamori","BrkXgEgg","testmod-Dream+1","Sundial","testmod-IndustrialRevolution","Double Energy","OrangePellets","Matryoshka","testmod-CrystalShield","Potion Belt","Runic Capacitor","testmod-Charity","Gambling Chip","Amplify+1","ClockworkSouvenir","Bottled Tornado","Juzu Bracelet"],"campfire_rested":0,"item_purchase_floors":[15,22,22,22,22,22,28,28,28,30,30,30,32,32,32,44,44,44,48,48,48,48,48],"current_hp_per_floor":[57,57,57,57,57,50,56,47,47,47,46,44,44,44,50,27,60,43,43,28,28,28,28,28,27,27,27,36,25,25,25,34,34,62,62,62,62,62,62,62,62,62,62,62,71,71,71,71,71,71,64,71,71],"gold":132,"neow_bonus":"ONE_RARE_RELIC","is_daily":false,"chose_seed":false,"campfire_upgraded":0,"win_rate":0.0,"timestamp":1608096589,"path_taken":["M","?","M","?","$","E","R","E","T","M","M","E","?","M","R","BOSS","M","?","M","?","$","E","M","E","T","E","R","E","$","?","R","BOSS","M","M","?","M","?","E","?","E","T","?","M","M","E","$","R","BOSS","M","M"],"items_purchased_type":["Relic","Relic","Relic","Relic","Relic","Relic","Relic","Relic","Card","Relic","Relic","Card","Relic","Relic","Relic","Relic","Relic","Relic","Relic","Card","Relic","Relic","Relic"],"build_version":"2020-12-13","purchased_purges":8,"victory":false,"max_hp_per_floor":[71,71,71,71,71,71,71,71,71,71,71,71,71,71,71,71,71,71,71,71,71,71,71,71,71,71,71,71,71,71,71,71,71,71,71,71,71,71,71,71,71,71,71,71,71,71,71,71,71,71,71,71,71],"card_choices":[{"not_picked":["Stack","Conserve Battery","Ball Lightning"],"picked":"SKIP","floor":1.0},{"not_picked":["Reflex","FlyingSleeves","DeceiveReality","Rebound"],"picked":"SKIP","floor":3.0},{"not_picked":["Heel Hook","Clothesline","Caltrops","EmptyFist"],"picked":"SKIP","floor":6.0},{"not_picked":["testmod-SubstituteBySubterfuge","Dramatic Entrance","Darkness"],"picked":"Expertise","floor":8.0},{"not_picked":["Backflip","Iron Wave","FollowUp","Dodge and Roll"],"picked":"SKIP","floor":10.0},{"not_picked":["Perfected Strike","Twin Strike","Reprogram","Go for the Eyes"],"picked":"SKIP","floor":11.0},{"not_picked":["ThirdEye","Consume","LikeWater"],"picked":"White Noise","floor":12.0},{"not_picked":["Reaper","CutThroughFate","Hemokinesis"],"picked":"Recycle","floor":14.0},{"not_picked":["Havoc","MostiFishMod:ThornCasing","True Grit"],"picked":"MostiFishMod:MusicBox","floor":15.0},{"not_picked":["testmod-TradeIn","MostiFishMod:Culaccino","Amplify"],"picked":"MostiFishMod:WingOfPhoenix","floor":16.0},{"not_picked":["Stack","Consecrate","Twin Strike","Backflip"],"picked":"SKIP","floor":18.0},{"not_picked":["Compile Driver","Cold Snap","CrushJoints","Steam"],"picked":"SKIP","floor":20.0},{"not_picked":["Tempest+1","Blind+1","Blade Dance","MostiFishMod:PerfectParry"],"picked":"SKIP","floor":23.0},{"not_picked":["Halt","MostiFishMod:Neptune+1","Gash+1"],"picked":"Double Energy","floor":24.0},{"not_picked":["MostiFishMod:Clarity","Dark Shackles","Ball Lightning+1"],"picked":"Body Slam+1","floor":25.0},{"not_picked":["Slice+1","Scrape+1","Dodge and Roll","Sweeping Beam+1"],"picked":"SKIP","floor":27.0},{"not_picked":["Warcry","Rebound+1","Self Repair","Skim"],"picked":"SKIP","floor":29.0},{"not_picked":["Whirlwind+1","Noxious Fumes+1","JustLucky+1"],"picked":"Coolheaded","floor":31.0},{"not_picked":["MostiFishMod:StarHerder+1","MostiFishMod:Hijack+1","MostiFishMod:DisColor+1"],"picked":"Barricade+1","floor":33.0},{"not_picked":["Cloak And Dagger","Heavy Blade+1","Sweeping Beam+1","Dropkick+1"],"picked":"SKIP","floor":35.0},{"not_picked":["Underhanded Strike+1","Shrug It Off","Clothesline+1"],"picked":"TalkToTheHand+1","floor":36.0},{"not_picked":["Deadly Poison+1","Acrobatics","MostiFishMod:StarOceanP+1","Shrug It Off"],"picked":"SKIP","floor":38.0},{"not_picked":["Aggregate","Cold Snap+1","Sucker Punch+1","Cloak And Dagger"],"picked":"SKIP","floor":39.0},{"not_picked":["Anger+1","Evaluate","WindmillStrike+1","Devotion+1"],"picked":"SKIP","floor":40.0},{"not_picked":["Rampage+1","Thunderclap+1","MostiFishMod:PerfectParry+1","Bane+1"],"picked":"SKIP","floor":42.0},{"not_picked":["Turbo","True Grit","Shrug It Off","Warcry"],"picked":"SKIP","floor":45.0},{"not_picked":["Quick Slash+1","MostiFishMod:ThornCasing","Discovery+1","WreathOfFlame"],"picked":"SKIP","floor":46.0},{"not_picked":["testmod-ConditionedReflex","CutThroughFate+1","Armaments","testmod-AssimilatedRune+1"],"picked":"SKIP","floor":47.0},{"not_picked":["Worship","testmod-HeadAttack+1","Meditate","Deadly Poison"],"picked":"SKIP","floor":51}],"player_experience":354705,"relics_obtained":[{"floor":1.0,"key":"Question Card"},{"floor":1.0,"key":"PrismaticShard"},{"floor":6.0,"key":"Mercury Hourglass"},{"floor":8.0,"key":"testmod-OneHitWonder"},{"floor":12.0,"key":"Bottled Lightning"},{"floor":16.0,"key":"ImportantClient"},{"floor":17.0,"key":"Oddly Smooth Stone"},{"floor":17.0,"key":"Blue Candle"},{"floor":17.0,"key":"testmod-Nyarlathotep"},{"floor":23.0,"key":"Molten Egg 2"},{"floor":25.0,"key":"testmod-Antiphasic"},{"floor":26.0,"key":"Smiling Mask"},{"floor":27.0,"key":"testmod-TheFather"},{"floor":29.0,"key":"Vajra"},{"floor":40.0,"key":"testmod-ArcanaOfDestiny"},{"floor":41.0,"key":"Peace Pipe"},{"floor":42.0,"key":"Blood Vial"},{"floor":43.0,"key":"Akabeko"},{"floor":43.0,"key":"Ancient Tea Set"},{"floor":47.0,"key":"testmod-LifeArmor"},{"floor":51,"key":"paleoftheancients:SoulOfTheSilent"}],"event_choices":[{"damage_healed":0.0,"max_hp_gain":0.0,"max_hp_loss":0.0,"gold_gain":999.0,"event_name":"恩洛斯的盘子","player_choice":"Sell","floor":19.0,"relics_lost":["Calling Bell"],"gold_loss":0.0,"damage_taken":0.0},{"damage_healed":0.0,"max_hp_gain":0.0,"max_hp_loss":0.0,"gold_gain":0.0,"event_name":"Match and Keep!","player_choice":"0 cards matched","floor":37.0,"gold_loss":0.0,"damage_taken":0.0,"cards_obtained":[]},{"damage_healed":0.0,"max_hp_gain":0.0,"max_hp_loss":0.0,"gold_gain":0.0,"event_name":"MindBloom","player_choice":"Fight","floor":41.0,"gold_loss":0.0,"damage_taken":0.0}],"is_beta":false,"boss_relics":[{"not_picked":["HereWithMe","TakeMeEscape"],"picked":"Calling Bell"},{"not_picked":["JellyFishMachine","Runic Dome"],"picked":"BirthdayGift-Tetrahedron"}],"items_purged_floors":[15,22,28,30,32,44,48,48],"is_endless":false,"potions_floor_spawned":[6,11,16,18,24,33,35,36,39,42],"killed_by":"Donu and Deca","ascension_level":14}}