{"host":"8qb550oiisecbnz6","time":1608154075,"event":{"mods":["AchievementEnabler","BaseMod","Colored Map","Colored Powertips","Minty Spire (QoL Compilation)","Quick Restart","Slay-I","StSLib"],"gold_per_floor":[113,113,38,56,131,174,174,212,235,270,84,104,118,138,138,267,267,288,311,57,157,172,172,206,66,66,89,89,4,18,61,61,61,61],"floor_reached":33,"playtime":2151,"items_purged":["Strike_R","Strike_R"],"score":438,"play_id":"e093e87f-77d4-4839-9944-0fb94b8b61d9","local_time":"20201216222755","is_ascension_mode":true,"campfire_choices":[{"data":"Sword Boomerang","floor":7,"key":"SMITH"},{"data":"Armaments","floor":15,"key":"SMITH"},{"floor":23,"key":"RECALL"},{"floor":28,"key":"REST"},{"data":"Flex","floor":32,"key":"SMITH"}],"circlet_count":0,"master_deck":["Strike_R","Strike_R","Strike_R","Defend_R+1","Defend_R+1","Defend_R","Defend_R","Bash","Sword Boomerang+1","Clash","Shrug It Off","Iron Wave","Armaments+1","Panache","Rampage","Iron Wave","Flex+1","Demon Form","Writhe","Clash"],"relics":["Burning Blood","NeowsBlessing","Golden Idol","Ancient Tea Set","Nunchaku","War Paint","Mercury Hourglass","Cursed Key","Boot","Meat on the Bone","Shuriken","Pear","Strawberry"],"acts_visited":["Exordium","TheCity"],"potions_floor_usage":[8,10,16,24,30],"damage_taken":[{"damage":0,"enemies":"2 Louse","floor":1,"turns":1},{"damage":0,"enemies":"Jaw Worm","floor":4,"turns":1},{"damage":0,"enemies":"3 Sentries","floor":6,"turns":1},{"damage":24,"enemies":"Lagavulin","floor":8,"turns":5},{"damage":26,"enemies":"3 Sentries","floor":10,"turns":10},{"damage":0,"enemies":"Cultist","floor":12,"turns":3},{"damage":0,"enemies":"3 Louse","floor":13,"turns":2},{"damage":0,"enemies":"2 Fungi Beasts","floor":14,"turns":3},{"damage":5,"enemies":"Slime Boss","floor":16,"turns":6},{"damage":0,"enemies":"Spheric Guardian","floor":18,"turns":3},{"damage":14,"enemies":"Shell Parasite","floor":19,"turns":4},{"damage":22,"enemies":"Snake Plant","floor":22,"turns":4},{"damage":6,"enemies":"Slavers","floor":24,"turns":5},{"damage":9,"enemies":"Centurion and Healer","floor":27,"turns":6},{"damage":50,"enemies":"Cultist and Chosen","floor":30,"turns":7},{"damage":15,"enemies":"Book of Stabbing","floor":31,"turns":4},{"damage":63,"enemies":"Collector","floor":33,"turns":6}],"seed_played":"-2950562276012341504","potions_obtained":[{"floor":6,"key":"BlessingOfTheForge"},{"floor":8,"key":"SkillPotion"},{"floor":13,"key":"CultistPotion"},{"floor":16,"key":"Explosive Potion"},{"floor":18,"key":"DuplicationPotion"},{"floor":19,"key":"ColorlessPotion"}],"is_trial":false,"path_per_floor":["M","?","$","M","?","E","R","E","T","E","$","M","M","M","R","B",null,"M","M","$","?","M","R","E","$","T","M","R","?","M","E","R","B"],"character_chosen":"IRONCLAD","items_purchased":["Panache","Boot","Demon Form"],"campfire_rested":1,"item_purchase_floors":[11,20,25],"current_hp_per_floor":[80,60,60,66,55,61,61,43,43,23,23,29,35,41,41,42,71,77,69,69,69,53,53,53,53,53,50,74,84,52,62,62,0,0],"gold":61,"neow_bonus":"THREE_ENEMY_KILL","is_daily":false,"chose_seed":false,"campfire_upgraded":3,"win_rate":0.0,"timestamp":1608154075,"path_taken":["M","?","$","M","?","E","R","E","T","E","$","M","M","M","R","BOSS","M","M","$","?","?","R","E","$","T","M","R","?","M","E","R","BOSS"],"items_purchased_type":["Card","Relic","Card"],"build_version":"2020-12-13","purchased_purges":2,"victory":false,"max_hp_per_floor":[80,80,80,80,80,80,80,80,80,80,80,80,80,80,80,80,80,80,80,80,80,80,80,80,80,80,80,80,90,90,97,97,97,97],"card_choices":[{"not_picked":["Havoc","Battle Trance"],"picked":"Sword Boomerang","floor":1},{"not_picked":["Twin Strike","Dropkick"],"picked":"Clash","floor":4},{"not_picked":["Anger","Brutality"],"picked":"Shrug It Off","floor":6},{"not_picked":["Pommel Strike","Spot Weakness"],"picked":"Iron Wave","floor":8},{"not_picked":["Dark Embrace","Impervious"],"picked":"Armaments","floor":10},{"not_picked":["Havoc","Cleave","Body Slam"],"picked":"SKIP","floor":12},{"not_picked":["Havoc","Cleave","Wild Strike"],"picked":"SKIP","floor":13},{"not_picked":["Anger","Shrug It Off"],"picked":"Rampage","floor":14},{"not_picked":["Dark Embrace","Disarm"],"picked":"Iron Wave","floor":18},{"not_picked":["Flex","Feel No Pain+1","Dual Wield+1"],"picked":"SKIP","floor":19},{"not_picked":["Havoc","Cleave","Sword Boomerang"],"picked":"SKIP","floor":22},{"not_picked":["Headbutt","Burning Pact"],"picked":"Flex","floor":24},{"not_picked":["Pommel Strike","Body Slam","Sever Soul"],"picked":"SKIP","floor":27},{"not_picked":["Spot Weakness","Dual Wield","Power Through"],"picked":"SKIP","floor":30},{"not_picked":["Second Wind+1","Anger+1"],"picked":"Clash","floor":31}],"player_experience":371861,"relics_obtained":[{"floor":6,"key":"Ancient Tea Set"},{"floor":8,"key":"Nunchaku"},{"floor":9,"key":"War Paint"},{"floor":10,"key":"Mercury Hourglass"},{"floor":24,"key":"Meat on the Bone"},{"floor":26,"key":"Shuriken"},{"floor":31,"key":"Strawberry"}],"event_choices":[{"damage_healed":0,"gold_gain":0,"player_choice":"Take Damage","damage_taken":20,"relics_obtained":["Golden Idol"],"max_hp_gain":0,"max_hp_loss":0,"event_name":"Golden Idol","floor":2,"gold_loss":0},{"damage_healed":0,"gold_gain":75,"player_choice":"Gather Gold","damage_taken":11,"max_hp_gain":0,"max_hp_loss":0,"event_name":"World of Goop","floor":5,"gold_loss":0},{"damage_healed":0,"gold_gain":100,"player_choice":"Pray","damage_taken":0,"max_hp_gain":0,"max_hp_loss":0,"event_name":"Golden Shrine","floor":21,"gold_loss":0},{"damage_healed":0,"gold_gain":0,"player_choice":"Obtained Relic","damage_taken":0,"relics_obtained":["Pear"],"max_hp_gain":0,"max_hp_loss":0,"event_name":"Addict","floor":29,"gold_loss":85}],"is_beta":false,"boss_relics":[{"not_picked":["SlaversCollar","Ectoplasm"],"picked":"Cursed Key"}],"items_purged_floors":[3,20],"is_endless":false,"potions_floor_spawned":[6,8,13,16,18,19,22],"killed_by":"Collector","ascension_level":5}}