{"host":"63yhhrjweyj22b0v","time":1608087894,"event":{"mods":["BaseMod","Minty Spire (QoL Compilation)","Quick Restart"],"gold_per_floor":[113,113,113,129,53,53,71,71,71,71,91,132,145,163,163,284,284,302,302,317,317,317,317,317],"floor_reached":23,"playtime":2884,"items_purged":[],"score":201,"play_id":"71c7601c-043e-45b2-a43e-20020d90a1b5","local_time":"20201215210454","is_ascension_mode":true,"campfire_choices":[{"floor":6,"key":"REST"},{"data":"Fusion","floor":8,"key":"SMITH"},{"data":"Redo","floor":10,"key":"SMITH"},{"data":"Dualcast","floor":15,"key":"SMITH"}],"circlet_count":0,"master_deck":["Strike_B+1","Strike_B","Strike_B","Strike_B+1","Defend_B","Defend_B","Defend_B","Defend_B","Zap+1","Dualcast+1","Redo+1","Ball Lightning","Self Repair","Fusion+1","Blizzard","Cold Snap","Conserve Battery","Tempest","Seek","Redo","Writhe","Beam Cell"],"relics":["Cracked Core","Golden Idol","Kunai","Whetstone","Lantern","Black Star","Pen Nib"],"acts_visited":["Exordium","TheCity"],"potions_floor_usage":[12,16,16],"damage_taken":[{"damage":9,"enemies":"Small Slimes","floor":1,"turns":3},{"damage":3,"enemies":"Jaw Worm","floor":4,"turns":3},{"damage":5,"enemies":"2 Louse","floor":7,"turns":3},{"damage":10,"enemies":"Looter","floor":11,"turns":3},{"damage":26,"enemies":"3 Sentries","floor":12,"turns":6},{"damage":0,"enemies":"Large Slime","floor":13,"turns":4},{"damage":9,"enemies":"Blue Slaver","floor":14,"turns":3},{"damage":9,"enemies":"Slime Boss","floor":16,"turns":8},{"damage":18,"enemies":"2 Thieves","floor":18,"turns":4},{"damage":10,"enemies":"Chosen","floor":20,"turns":4},{"damage":49,"enemies":"Gremlin Leader","floor":23,"turns":3}],"seed_played":"3565089040058875921","potions_obtained":[{"floor":11,"key":"Regen Potion"},{"floor":12,"key":"EntropicBrew"},{"floor":16,"key":"FocusPotion"}],"is_trial":false,"path_per_floor":["M","?","?","M","$","R","M","R","T","R","M","E","M","M","R","B",null,"M","?","M","?","?","E"],"character_chosen":"DEFECT","items_purchased":["Self Repair"],"campfire_rested":1,"item_purchase_floors":[5],"current_hp_per_floor":[66,48,41,38,38,60,62,62,62,62,59,55,62,60,60,58,75,64,64,54,54,54,5,5],"gold":317,"neow_bonus":"UPGRADE_CARD","is_daily":false,"chose_seed":false,"campfire_upgraded":3,"win_rate":0.0,"timestamp":1608087894,"path_taken":["M","?","?","M","$","R","M","R","T","R","M","E","M","M","R","BOSS","M","?","M","?","?","E"],"items_purchased_type":["Card"],"build_version":"2020-12-13","purchased_purges":0,"victory":false,"max_hp_per_floor":[75,75,75,75,75,75,75,75,75,75,75,75,75,75,75,75,75,75,75,75,75,75,75,75],"card_choices":[{"not_picked":["Rebound","Streamline"],"picked":"Redo","floor":1},{"not_picked":["Rip and Tear","Leap"],"picked":"Ball Lightning","floor":4},{"not_picked":["Streamline","Barrage"],"picked":"Fusion","floor":7},{"not_picked":["Leap","Stack"],"picked":"Blizzard","floor":11},{"not_picked":["Gash","Biased Cognition"],"picked":"Cold Snap","floor":12},{"not_picked":["Undo","Stack"],"picked":"Conserve Battery","floor":13},{"not_picked":["Rebound","Leap"],"picked":"Tempest","floor":14},{"not_picked":["Core Surge","Multi-Cast"],"picked":"Seek","floor":16},{"not_picked":["Tempest","Sunder"],"picked":"Redo","floor":18},{"not_picked":["Scrape","Compile Driver"],"picked":"Beam Cell","floor":20}],"player_experience":592677,"relics_obtained":[{"floor":9,"key":"Whetstone"},{"floor":12,"key":"Lantern"}],"event_choices":[{"damage_healed":0,"gold_gain":0,"player_choice":"Take Damage","damage_taken":18,"relics_obtained":["Golden Idol"],"max_hp_gain":0,"max_hp_loss":0,"event_name":"Golden Idol","floor":2,"gold_loss":0},{"damage_healed":0,"gold_gain":0,"player_choice":"Success","damage_taken":7,"relics_obtained":["Kunai"],"max_hp_gain":0,"max_hp_loss":0,"event_name":"Scrap Ooze","floor":3,"gold_loss":0},{"damage_healed":0,"gold_gain":0,"player_choice":"Opened","damage_taken":0,"relics_obtained":["Pen Nib"],"max_hp_gain":0,"max_hp_loss":0,"event_name":"The Mausoleum","floor":19,"gold_loss":0,"cards_obtained":["Writhe"]},{"damage_healed":0,"gold_gain":0,"player_choice":"Ignored","damage_taken":0,"max_hp_gain":0,"max_hp_loss":0,"event_name":"Ghosts","floor":21,"gold_loss":0},{"damage_healed":0,"gold_gain":0,"player_choice":"Ignored","damage_taken":0,"max_hp_gain":0,"max_hp_loss":0,"event_name":"Vampires","floor":22,"gold_loss":0}],"is_beta":false,"boss_relics":[{"not_picked":["Cursed Key","Empty Cage"],"picked":"Black Star"}],"items_purged_floors":[],"is_endless":false,"potions_floor_spawned":[11,12,16],"killed_by":"Gremlin Leader","ascension_level":1}}