{"host":"npubv26u89aif4fa","time":1608108605,"event":{"mods":["Astrologer","BaseMod","Better Vampires","Chen","Colored Powertips","GifTheSpireLib","Gremlin Mod","GungeonMod","HornydragonMod","Hubris","Jedi Mod","Koishi","Minty Spire (QoL Compilation)","Quick Restart","Remilia（蕾米莉亚）","Replay The Spire","StSLib","Td1madao Mod","The Administrix","The Bug Knight","The Cursed","The Gatherer","The Runesmith","WarShipGirlsR/战舰少女R mod","Yuri Mod","Yuyuko"],"gold_per_floor":[110,128,146,146,2,2,329,346,427,454,464,498,516,516,516],"floor_reached":14,"playtime":1055,"items_purged":["astrologer:Strike"],"score":137,"play_id":"d73bcae1-a8ee-4252-a037-5cf420b9dc3a","local_time":"20201216165005","is_ascension_mode":false,"campfire_choices":[{"data":"astrologer:Confirmation","floor":6.0,"key":"SMITH"}],"circlet_count":0,"master_deck":["astrologer:Strike","astrologer:Strike","astrologer:Strike","astrologer:Defend","astrologer:Defend","astrologer:Defend","astrologer:Defend","astrologer:NorthStar","astrologer:TheFool","astrologer:SolarFlare","astrologer:TheStar","astrologer:Confirmation+1","astrologer:ShiningStar","astrologer:Fireball","astrologer:CosmicExpanse","astrologer:MeteorShower","astrologer:Alignment","astrologer:Strength"],"relics":["astrologer:SkyMirror","NeowsBlessing","DemoMod:ClearGuonStone","Old Coin","Mummified Hand","hubris:Teleporter","DemoMod:LamentConfigurum"],"acts_visited":["Exordium"],"potions_floor_usage":[14],"damage_taken":[{"damage":0.0,"enemies":"Cultist","floor":1.0,"turns":1.0},{"damage":0.0,"enemies":"Small Slimes","floor":2.0,"turns":1.0},{"damage":0.0,"enemies":"Jaw Worm","floor":3.0,"turns":1.0},{"damage":6.0,"enemies":"3 Sentries","floor":7.0,"turns":4.0},{"damage":1.0,"enemies":"2 Fungi Beasts","floor":8.0,"turns":3.0},{"damage":22.0,"enemies":"Lagavulin","floor":10.0,"turns":5.0},{"damage":6.0,"enemies":"Gremlin Gang","floor":11.0,"turns":4.0},{"damage":0.0,"enemies":"HollowMod:MossKnight","floor":12.0,"turns":6.0},{"damage":18.0,"enemies":"Lots of Slimes","floor":13.0,"turns":4.0},{"damage":21,"enemies":"Lagavulin","floor":14,"turns":3}],"seed_played":"-3755051373500221846","potions_obtained":[{"floor":2.0,"key":"DuplicationPotion"},{"floor":7.0,"key":"LiquidMemories"},{"floor":8.0,"key":"Swift Potion"},{"floor":10.0,"key":"SteroidPotion"}],"is_trial":false,"path_per_floor":["M","M","M","?","$","R","E","M","T","E","M","E","M","E"],"character_chosen":"ASTROLOGER","items_purchased":["astrologer:Confirmation"],"campfire_rested":0,"item_purchase_floors":[5],"current_hp_per_floor":[70,70,70,67,67,67,61,60,60,38,32,32,14,0,0],"gold":516,"neow_bonus":"THREE_ENEMY_KILL","is_daily":false,"chose_seed":false,"campfire_upgraded":1,"win_rate":0.0,"timestamp":1608108605,"path_taken":["M","M","?","?","?","R","E","M","T","E","?","E","M","E"],"items_purchased_type":["Card"],"build_version":"2020-12-13","purchased_purges":1,"victory":false,"max_hp_per_floor":[70,70,70,70,70,70,70,70,70,70,70,70,70,70,70],"card_choices":[{"not_picked":["astrologer:Conjunction","astrologer:Moonlight"],"picked":"astrologer:SolarFlare","floor":1.0},{"not_picked":["astrologer:Conjunction","astrologer:Eclipse","astrologer:SolarFlare"],"picked":"SKIP","floor":2.0},{"not_picked":["astrologer:Retelling","astrologer:SpaceDust"],"picked":"astrologer:TheStar","floor":3.0},{"not_picked":["astrologer:Moonlight","astrologer:TheEmpress"],"picked":"astrologer:ShiningStar","floor":7.0},{"not_picked":["astrologer:SolarFlare","astrologer:Eclipse"],"picked":"astrologer:Fireball","floor":8.0},{"not_picked":["astrologer:Observe","astrologer:CometStrike"],"picked":"astrologer:CosmicExpanse","floor":10.0},{"not_picked":["astrologer:Conjunction","astrologer:Opposition"],"picked":"astrologer:MeteorShower","floor":11.0},{"not_picked":["astrologer:StarOfCourage","astrologer:Stardust"],"picked":"astrologer:Alignment","floor":12.0},{"not_picked":["astrologer:Moonlight","astrologer:FrozenStar"],"picked":"astrologer:Strength","floor":13.0}],"player_experience":80898,"relics_obtained":[{"floor":7.0,"key":"Old Coin"},{"floor":9.0,"key":"Mummified Hand"},{"floor":10.0,"key":"hubris:Teleporter"},{"floor":12.0,"key":"DemoMod:LamentConfigurum"}],"event_choices":[{"damage_healed":0.0,"max_hp_gain":0.0,"max_hp_loss":0.0,"gold_gain":0.0,"event_name":"Scrap Ooze","player_choice":"Success","floor":4.0,"gold_loss":0.0,"damage_taken":3.0,"relics_obtained":["DemoMod:ClearGuonStone"]}],"is_beta":false,"boss_relics":[],"items_purged_floors":[5],"is_endless":false,"potions_floor_spawned":[2,7,8,10],"killed_by":"Lagavulin","ascension_level":0}}