{"host":"jksa5rawk3m4gilz","time":1608153789,"event":{"mods":["BaseMod","Colored Map","Highlight Path","Minty Spire (QoL Compilation)","Quick Restart"],"gold_per_floor":[134,188,224,262,293,387,387,438,438,474,512,512,547,174,174,298,298,336,399,399,441,341,417,417,470,494,77,131,183,183,263,263,370,370,439,484,527,536,264,264,294,311,334,334,74,119,147,188,188,188],"floor_reached":51,"playtime":3018,"items_purged":["Strike_P","Strike_P"],"score":1463,"play_id":"2369ea64-feb1-4ced-8194-0792eebfdd9d","local_time":"20201216222309","is_ascension_mode":true,"campfire_choices":[{"floor":7,"key":"REST"},{"data":"Eruption","floor":12,"key":"SMITH"},{"data":"HandOfGreed","floor":15,"key":"SMITH"},{"data":"Judgement","floor":24,"key":"SMITH"},{"data":"Apotheosis","floor":30,"key":"SMITH"},{"data":"DevaForm","floor":32,"key":"SMITH"},{"data":"Devotion","floor":40,"key":"SMITH"},{"floor":44,"key":"REST"},{"floor":49,"key":"REST"}],"circlet_count":0,"master_deck":["AscendersBane","Strike_P","Defend_P+1","Defend_P","Defend_P","Eruption+1","Vigilance","HandOfGreed+1","DeceiveReality","Evaluate+1","Judgement+1","Protect","DevaForm+1","SignatureMove","Sanctity","Apotheosis+1","Trip","PathToVictory","Fasting2","Devotion+1","CutThroughFate","Bandage Up","Bandage Up"],"relics":["PureWater","Anchor","CloakClasp","Bag of Preparation","Sling","War Paint","Sozu","Ancient Tea Set","Sundial","CeramicFish","Membership Card","Lizard Tail","Damaru","Busted Crown","Peace Pipe","Blue Candle","PreservedInsect","Lantern","Thread and Needle","DollysMirror","Mummified Hand"],"acts_visited":["Exordium","TheCity","TheBeyond"],"potions_floor_usage":[6,8,19,21],"damage_taken":[{"damage":0,"enemies":"Cultist","floor":1,"turns":3},{"damage":0,"enemies":"2 Louse","floor":2,"turns":4},{"damage":0,"enemies":"Jaw Worm","floor":3,"turns":6},{"damage":1,"enemies":"Blue Slaver","floor":4,"turns":4},{"damage":3,"enemies":"Red Slaver","floor":5,"turns":7},{"damage":12,"enemies":"3 Sentries","floor":6,"turns":7},{"damage":4,"enemies":"Lagavulin","floor":8,"turns":7},{"damage":0,"enemies":"Large Slime","floor":10,"turns":3},{"damage":0,"enemies":"2 Fungi Beasts","floor":11,"turns":1},{"damage":0,"enemies":"Exordium Thugs","floor":13,"turns":3},{"damage":0,"enemies":"The Guardian","floor":16,"turns":10},{"damage":1,"enemies":"Shell Parasite","floor":18,"turns":6},{"damage":0,"enemies":"3 Byrds","floor":19,"turns":4},{"damage":0,"enemies":"Snecko","floor":21,"turns":3},{"damage":2,"enemies":"Slavers","floor":23,"turns":7},{"damage":0,"enemies":"Gremlin Leader","floor":25,"turns":4},{"damage":3,"enemies":"Centurion and Healer","floor":28,"turns":4},{"damage":1,"enemies":"Snake Plant","floor":29,"turns":3},{"damage":0,"enemies":"Slavers","floor":31,"turns":11},{"damage":36,"enemies":"Collector","floor":33,"turns":11},{"damage":0,"enemies":"3 Shapes","floor":35,"turns":7},{"damage":2,"enemies":"3 Darklings","floor":36,"turns":7},{"damage":11,"enemies":"Jaw Worm Horde","floor":37,"turns":6},{"damage":0,"enemies":"Giant Head","floor":41,"turns":8},{"damage":40,"enemies":"Spire Growth","floor":42,"turns":5},{"damage":9,"enemies":"4 Shapes","floor":46,"turns":8},{"damage":41,"enemies":"Reptomancer","floor":47,"turns":6},{"damage":0,"enemies":"Sphere and 2 Shapes","floor":48,"turns":6},{"damage":15,"enemies":"Time Eater","floor":50,"turns":10}],"seed_played":"5416343652665209221","potions_obtained":[{"floor":1,"key":"Explosive Potion"},{"floor":2,"key":"BottledMiracle"},{"floor":10,"key":"SkillPotion"},{"floor":11,"key":"Weak Potion"},{"floor":16,"key":"Explosive Potion"}],"is_trial":false,"path_per_floor":["M","M","M","M","M","E","R","E","T","M","M","R","M","$","R","B",null,"M","M","?","M","$","E","R","E","T","$","M","M","R","E","R","B",null,"M","M","M","?","$","R","E","M","T","R","$","M","E","M","R","B",null],"character_chosen":"WATCHER","items_purchased":["Sling","War Paint","Membership Card","Apotheosis","Lizard Tail","Trip","Peace Pipe","Blue Candle","Bandage Up","Thread and Needle","DollysMirror"],"campfire_rested":3,"item_purchase_floors":[14,14,27,27,27,27,39,39,45,45,45],"current_hp_per_floor":[47,47,47,46,43,31,52,48,48,48,48,48,48,48,48,48,66,65,65,65,65,65,63,63,63,63,63,60,59,59,59,59,23,60,60,58,47,47,47,47,47,7,7,28,28,27,31,43,64,61],"gold":188,"neow_bonus":"RANDOM_COLORLESS_2","is_daily":false,"chose_seed":false,"campfire_upgraded":6,"win_rate":0.0,"timestamp":1608153789,"path_taken":["M","M","M","M","M","E","R","E","T","M","?","R","M","$","R","BOSS","M","M","?","M","?","E","R","E","T","$","M","?","R","E","R","BOSS","M","M","M","?","$","R","E","M","T","R","$","M","E","?","R","BOSS"],"items_purchased_type":["Relic","Relic","Relic","Card","Relic","Card","Relic","Relic","Card","Relic","Relic"],"build_version":"2020-12-13","purchased_purges":2,"victory":true,"max_hp_per_floor":[72,72,72,72,72,72,72,72,72,72,72,72,72,72,72,72,72,72,72,72,72,72,72,72,72,72,72,72,72,72,72,72,72,72,72,72,72,72,72,72,72,72,72,72,72,72,72,72,72,72],"card_choices":[{"not_picked":["Thinking Ahead","Secret Technique"],"picked":"HandOfGreed","floor":0},{"not_picked":["ReachHeaven","BattleHymn"],"picked":"DeceiveReality","floor":1},{"not_picked":["JustLucky","EmptyMind","Crescendo"],"picked":"SKIP","floor":2},{"not_picked":["EmptyBody","ReachHeaven","FlyingSleeves"],"picked":"SKIP","floor":3},{"not_picked":["CutThroughFate","Consecrate","CrushJoints"],"picked":"SKIP","floor":4},{"not_picked":["Halt","CrushJoints","PathToVictory"],"picked":"SKIP","floor":5},{"not_picked":["Consecrate","Indignation"],"picked":"Evaluate","floor":6},{"not_picked":["CrushJoints","FollowUp"],"picked":"Judgement","floor":8},{"not_picked":["Evaluate","EmptyMind"],"picked":"Protect","floor":10},{"not_picked":["InnerPeace","EmptyFist","ThirdEye"],"picked":"SKIP","floor":11},{"not_picked":["FearNoEvil","Evaluate","CrushJoints"],"picked":"SKIP","floor":13},{"not_picked":["Omniscience","SpiritShield"],"picked":"DevaForm","floor":16},{"not_picked":["ReachHeaven","Tantrum+1","ThirdEye"],"picked":"SKIP","floor":18},{"not_picked":["EmptyMind+1","CrushJoints","FollowUp"],"picked":"SKIP","floor":19},{"not_picked":["EmptyBody+1","SashWhip","Vengeance"],"picked":"SKIP","floor":21},{"not_picked":["FollowUp","Weave"],"picked":"Sanctity","floor":23},{"not_picked":["FlyingSleeves","Meditate","JustLucky"],"picked":"SKIP","floor":25},{"not_picked":["DeceiveReality","Devotion"],"picked":"PathToVictory","floor":28},{"not_picked":["Pray+1","Indignation"],"picked":"Fasting2","floor":29},{"not_picked":["FearNoEvil","SashWhip","EmptyBody"],"picked":"SKIP","floor":31},{"not_picked":["SpiritShield","Wish"],"picked":"Devotion","floor":33},{"not_picked":["Protect"],"picked":"SKIP","floor":35},{"not_picked":["Crescendo"],"picked":"SKIP","floor":36},{"not_picked":["Wireheading"],"picked":"SKIP","floor":37},{"not_picked":["Sanctity"],"picked":"SKIP","floor":41},{"not_picked":["EmptyFist"],"picked":"SKIP","floor":42},{"not_picked":["FlurryOfBlows+1"],"picked":"SKIP","floor":46},{"not_picked":["Swivel"],"picked":"SKIP","floor":47},{"not_picked":["InnerPeace"],"picked":"SKIP","floor":48}],"player_experience":2035158,"relics_obtained":[{"floor":6,"key":"Anchor"},{"floor":8,"key":"CloakClasp"},{"floor":9,"key":"Bag of Preparation"},{"floor":23,"key":"Ancient Tea Set"},{"floor":25,"key":"Sundial"},{"floor":26,"key":"CeramicFish"},{"floor":31,"key":"Damaru"},{"floor":41,"key":"PreservedInsect"},{"floor":43,"key":"Lantern"},{"floor":47,"key":"Mummified Hand"}],"event_choices":[{"damage_healed":0,"gold_gain":0,"cards_transformed":["Strike_P"],"player_choice":"Transformed","damage_taken":0,"max_hp_gain":0,"max_hp_loss":0,"event_name":"Transmorgrifier","floor":20,"gold_loss":0,"cards_obtained":["SignatureMove"]},{"damage_healed":0,"gold_gain":0,"cards_transformed":["Defend_P"],"player_choice":"Transformed","damage_taken":0,"max_hp_gain":0,"max_hp_loss":0,"event_name":"Transmorgrifier","floor":38,"gold_loss":0,"cards_obtained":["CutThroughFate"]}],"is_beta":false,"boss_relics":[{"not_picked":["Fusion Hammer","Runic Dome"],"picked":"Sozu"},{"not_picked":["SlaversCollar","SacredBark"],"picked":"Busted Crown"}],"items_purged_floors":[14,22],"is_endless":false,"potions_floor_spawned":[1,2,10,11,16,18,23,29,35,42,46,47],"ascension_level":12}}