{"host":"sav7uxregyirlf69","time":1608137885,"event":{"mods":["AchievementEnabler","BaseMod","Colored Map","DeckTracker","Keyboard Shortcuts","Minty Spire (QoL Compilation)","READ ME - Guardian Mod","StSLib","SuperFastMode"],"gold_per_floor":[118,118,132,132,150,150,35,49,76,76,91,110,10,28,28,28,28],"floor_reached":16,"playtime":260,"items_purged":["Strike_G","Strike_G"],"score":188,"play_id":"84931b45-c080-4aa1-a3ff-4fd934a70981","local_time":"20201217015805","is_ascension_mode":true,"campfire_choices":[{"data":"Terror","floor":6.0,"key":"SMITH"},{"data":"Tactician","floor":10,"key":"SMITH"},{"data":"Neutralize","floor":15,"key":"SMITH"}],"circlet_count":0,"master_deck":["AscendersBane","Strike_G","Strike_G","Defend_G","Defend_G","Defend_G","Defend_G","Defend_G","Survivor","Neutralize+1","Dagger Throw","Terror+1","Escape Plan","Tactician+1","Acrobatics","Prepared","PiercingWail"],"relics":["Ring of the Snake","NeowsBlessing","Regal Pillow"],"acts_visited":["Exordium"],"potions_floor_usage":[],"damage_taken":[{"damage":0.0,"enemies":"Jaw Worm","floor":1.0,"turns":1.0},{"damage":0.0,"enemies":"Small Slimes","floor":3.0,"turns":1.0},{"damage":0.0,"enemies":"2 Louse","floor":5.0,"turns":1.0},{"damage":3.0,"enemies":"2 Fungi Beasts","floor":8.0,"turns":5.0},{"damage":11,"enemies":"Exordium Wildlife","floor":11,"turns":5},{"damage":0,"enemies":"Red Slaver","floor":12,"turns":4},{"damage":3,"enemies":"Blue Slaver","floor":14,"turns":4},{"damage":30,"enemies":"Hexaghost","floor":16,"turns":11}],"seed_played":"6153178692771916046","potions_obtained":[{"floor":3.0,"key":"SmokeBomb"},{"floor":5.0,"key":"Energy Potion"},{"floor":8.0,"key":"Fruit Juice"}],"is_trial":false,"path_per_floor":["M","?","M","?","M","R","$","M","T","R","M","M","$","M","R","B"],"character_chosen":"THE_SILENT","items_purchased":["Tactician"],"campfire_rested":0,"item_purchase_floors":[7],"current_hp_per_floor":[59,52,52,47,47,47,47,44,44,44,33,33,33,30,30,0,0],"gold":28,"neow_bonus":"THREE_ENEMY_KILL","is_daily":false,"chose_seed":false,"campfire_upgraded":3,"win_rate":0.0,"timestamp":1608137885,"path_taken":["M","?","M","?","M","R","?","M","T","R","M","M","?","M","R","BOSS"],"items_purchased_type":["Card"],"build_version":"2020-12-13","purchased_purges":2,"victory":false,"max_hp_per_floor":[66,66,66,66,66,66,66,66,66,66,66,66,66,66,66,66,66],"card_choices":[{"not_picked":["Flying Knee","Prepared"],"picked":"Dagger Throw","floor":1.0},{"not_picked":["Slice","Backflip"],"picked":"Terror","floor":3.0},{"not_picked":["Cloak And Dagger","All Out Attack"],"picked":"Escape Plan","floor":5.0},{"not_picked":["Grand Finale","Sucker Punch"],"picked":"Acrobatics","floor":8.0},{"not_picked":["Riddle With Holes","Cloak And Dagger","Catalyst"],"picked":"SKIP","floor":11},{"not_picked":["Endless Agony","Cloak And Dagger"],"picked":"Prepared","floor":12},{"not_picked":["Setup","Skewer"],"picked":"PiercingWail","floor":14}],"player_experience":925913,"relics_obtained":[],"event_choices":[{"cards_removed":["Strike_G"],"damage_healed":0.0,"max_hp_gain":0.0,"max_hp_loss":0.0,"gold_gain":0.0,"event_name":"Golden Wing","player_choice":"Card Removal","floor":2.0,"gold_loss":0.0,"damage_taken":7.0},{"damage_healed":0.0,"max_hp_gain":0.0,"max_hp_loss":0.0,"gold_gain":0.0,"event_name":"Scrap Ooze","player_choice":"Success","floor":4.0,"gold_loss":0.0,"damage_taken":5.0,"relics_obtained":["Regal Pillow"]}],"is_beta":false,"boss_relics":[],"items_purged_floors":[7,13],"is_endless":false,"potions_floor_spawned":[3,5,8],"killed_by":"Hexaghost","ascension_level":20}}