{"host":"q9718omregw4er46","time":1608154497,"event":{"mods":["BaseMod","Bestiary","Colored Powertips","Custom Start","Highlight Path","Minty Spire (QoL Compilation)","Practice Mode","Quick Restart","Relic Stats"],"gold_per_floor":[113,188,201,212,49,49,79,79,106,122,137,137,137,169,169,169,169],"floor_reached":16,"playtime":555,"items_purged":[],"score":215,"play_id":"fd896eda-75ee-42dd-b633-04f39201930d","local_time":"20201217023457","is_ascension_mode":true,"campfire_choices":[{"floor":6.0,"key":"REST"},{"floor":8,"key":"REST"},{"data":"Meditate","floor":13,"key":"SMITH"},{"floor":15,"key":"REST"}],"circlet_count":0,"master_deck":["AscendersBane","Strike_P","Strike_P","Strike_P+1","Strike_P","Defend_P","Defend_P","Defend_P","Defend_P","Eruption","Vigilance+1","Consecrate","LessonLearned","CrushJoints+1","Meditate+1","ThirdEye","EmptyFist","ForeignInfluence"],"relics":["PureWater","Mango","Dream Catcher","Damaru","Gremlin Horn"],"acts_visited":["Exordium"],"potions_floor_usage":[10,16],"damage_taken":[{"damage":7.0,"enemies":"Jaw Worm","floor":1.0,"turns":5.0},{"damage":14.0,"enemies":"Small Slimes","floor":3.0,"turns":11.0},{"damage":0.0,"enemies":"2 Louse","floor":4.0,"turns":3.0},{"damage":22,"enemies":"Gremlin Nob","floor":7,"turns":3},{"damage":9,"enemies":"Large Slime","floor":10,"turns":5},{"damage":8,"enemies":"3 Louse","floor":11,"turns":3},{"damage":30,"enemies":"3 Sentries","floor":14,"turns":9},{"damage":31,"enemies":"Hexaghost","floor":16,"turns":9}],"seed_played":"4283242733546581806","potions_obtained":[{"floor":4.0,"key":"BottledMiracle"},{"floor":7,"key":"ColorlessPotion"}],"is_trial":false,"path_per_floor":["M","?","M","M","$","R","E","R","T","M","M","?","R","E","R","B"],"character_chosen":"WATCHER","items_purchased":["LessonLearned"],"campfire_rested":3,"item_purchase_floors":[5],"current_hp_per_floor":[50,39,25,25,25,49,27,51,51,42,34,34,34,4,28,0,0],"gold":169,"neow_bonus":"ONE_RARE_RELIC","is_daily":false,"chose_seed":false,"campfire_upgraded":1,"win_rate":0.0,"timestamp":1608154497,"path_taken":["M","?","M","M","$","R","E","R","T","M","M","?","R","E","R","BOSS"],"items_purchased_type":["Card"],"build_version":"2020-12-13","purchased_purges":0,"victory":false,"max_hp_per_floor":[82,82,82,82,82,82,82,82,82,82,82,82,82,82,82,82,82],"relic_stats":{"Dream Catcher":2,"Gremlin Horn":[0,0],"counters":[8,48],"obtain_stats":[{"Dream Catcher":7,"Gremlin Horn":14,"Damaru":9,"Mango":0,"PureWater":0},{"Dream Catcher":4,"Gremlin Horn":7,"Damaru":4,"Mango":0,"PureWater":0},{"Dream Catcher":22,"Gremlin Horn":39,"Damaru":22,"Mango":0,"PureWater":0}]},"card_choices":[{"not_picked":["Prostrate","Nirvana","Pray"],"picked":"SKIP","floor":1.0},{"not_picked":["JustLucky","Halt"],"picked":"Consecrate","floor":3.0},{"not_picked":["SandsOfTime","Sanctity","Evaluate"],"picked":"SKIP","floor":4.0},{"not_picked":["ThirdEye","Brilliance"],"picked":"CrushJoints","floor":7},{"not_picked":["EmptyBody","Evaluate"],"picked":"Meditate","floor":8},{"not_picked":["PathToVictory","Pray"],"picked":"ThirdEye","floor":10},{"not_picked":["Collect","Protect","Sanctity"],"picked":"SKIP","floor":11},{"not_picked":["Swivel","PathToVictory"],"picked":"EmptyFist","floor":14},{"not_picked":["SandsOfTime","JustLucky"],"picked":"ForeignInfluence","floor":15}],"player_experience":1028235,"relics_obtained":[{"floor":7,"key":"Dream Catcher"},{"floor":9,"key":"Damaru"},{"floor":14,"key":"Gremlin Horn"}],"event_choices":[{"damage_healed":0.0,"max_hp_gain":0.0,"max_hp_loss":0.0,"gold_gain":75.0,"event_name":"World of Goop","player_choice":"Gather Gold","floor":2.0,"gold_loss":0.0,"damage_taken":11.0},{"damage_healed":0,"gold_gain":0,"player_choice":"Ignored","damage_taken":0,"max_hp_gain":0,"max_hp_loss":0,"event_name":"Liars Game","floor":12,"gold_loss":0}],"is_beta":false,"boss_relics":[],"items_purged_floors":[],"is_endless":false,"potions_floor_spawned":[4,7],"killed_by":"Hexaghost","ascension_level":19}}