{"host":"ki5kvxn974a96omm","time":1608158990,"event":{"mods":["BaseMod","Better Altar","Better Match","Better Note","Better Sensory Stone","Better Skull","Colored Map","Colored Powertips","Highlight Path","Minty Spire (QoL Compilation)","Random Character Button","Relic Sorter","StSLib"],"gold_per_floor":[114,114,19,19,34,34,72,72,72,96,131,131,1,41,41,139,139,163,163,88,88,101,101,142,157,211,91,91,91,105,146,146,239,239,264,23,356,376,376,401,106,106,106,123,143,143,171,184,184,184,184,184,30,57,57],"floor_reached":56,"playtime":4061,"items_purged":["Pain","Decay","Strike_G"],"score":2153,"play_id":"0858e016-558a-48a0-b505-d36f1b1765c2","local_time":"20201216174950","is_ascension_mode":true,"campfire_choices":[{"data":"Neutralize","floor":6,"key":"SMITH"},{"data":"Caltrops","floor":12,"key":"SMITH"},{"data":"Cloak And Dagger","floor":15,"key":"SMITH"},{"data":"Outmaneuver","floor":23,"key":"SMITH"},{"data":"Prepared","floor":28,"key":"SMITH"},{"data":"Malaise","floor":32,"key":"SMITH"},{"floor":42,"key":"RECALL"},{"floor":46,"key":"REST"},{"floor":49,"key":"REST"},{"floor":52,"key":"REST"}],"circlet_count":0,"master_deck":["AscendersBane","Strike_G","Strike_G","Strike_G+1","Defend_G","Defend_G","Defend_G","Defend_G","Defend_G","Survivor","Neutralize+1","Dagger Spray+1","Blade Dance","Finisher","Dash+1","Cloak And Dagger+1","Caltrops+1","Infinite Blades","Dash+1","Malaise+1","Outmaneuver+1","PiercingWail","Cloak And Dagger","Prepared+1","Cloak And Dagger","Accuracy","Storm of Steel","Flash of Steel","PiercingWail","Tactician+1","Clumsy","Concentrate+1","Skewer","Backflip+1","Setup+1","PiercingWail+1","Concentrate+1"],"relics":["Ring of the Snake","NeowsBlessing","Gambling Chip","Pear","InkBottle","Dead Branch","Cursed Key","Sundial","FossilizedHelix","Lantern","Smiling Mask","Fusion Hammer","Ice Cream","Toxic Egg 2","Whetstone","StrikeDummy"],"acts_visited":["Exordium","TheCity","TheBeyond","TheEnding"],"potions_floor_usage":[5,11,14,24,30,33,50,55,55],"damage_taken":[{"damage":0,"enemies":"2 Louse","floor":1,"turns":1},{"damage":0,"enemies":"Small Slimes","floor":5,"turns":1},{"damage":0,"enemies":"Lagavulin","floor":7,"turns":1},{"damage":0,"enemies":"Cultist","floor":10,"turns":2},{"damage":1,"enemies":"Gremlin Nob","floor":11,"turns":4},{"damage":14,"enemies":"3 Sentries","floor":14,"turns":5},{"damage":7,"enemies":"Hexaghost","floor":16,"turns":9},{"damage":0,"enemies":"Shell Parasite","floor":18,"turns":6},{"damage":2,"enemies":"Spheric Guardian","floor":22,"turns":3},{"damage":3,"enemies":"Book of Stabbing","floor":24,"turns":5},{"damage":0,"enemies":"3 Cultists","floor":25,"turns":4},{"damage":0,"enemies":"Chosen and Byrds","floor":30,"turns":5},{"damage":0,"enemies":"Gremlin Leader","floor":31,"turns":6},{"damage":17,"enemies":"Automaton","floor":33,"turns":7},{"damage":0,"enemies":"3 Darklings","floor":35,"turns":4},{"damage":0,"enemies":"3 Shapes","floor":38,"turns":5},{"damage":0,"enemies":"Nemesis","floor":40,"turns":5},{"damage":12,"enemies":"Maw","floor":44,"turns":7},{"damage":0,"enemies":"4 Shapes","floor":45,"turns":4},{"damage":0,"enemies":"Giant Head","floor":47,"turns":5},{"damage":0,"enemies":"Transient","floor":48,"turns":5},{"damage":25,"enemies":"Awakened One","floor":50,"turns":9},{"damage":15,"enemies":"Shield and Spear","floor":54,"turns":8},{"damage":1,"enemies":"The Heart","floor":55,"turns":7}],"seed_played":"-2811389873057279377","potions_obtained":[{"floor":1,"key":"Fruit Juice"},{"floor":5,"key":"Block Potion"},{"floor":7,"key":"DuplicationPotion"},{"floor":14,"key":"GamblersBrew"},{"floor":22,"key":"CunningPotion"},{"floor":25,"key":"Block Potion"},{"floor":33,"key":"LiquidMemories"}],"is_trial":false,"path_per_floor":["M","?","$","?","M","R","E","?","T","M","E","R","$","E","R","B",null,"M","?","?","T","M","R","E","M","T","$","R","?","M","E","R","B",null,"M","$","?","M","?","E","$","R","T","M","M","R","E","M","R","B",null,"R","$","E","B",null],"character_chosen":"THE_SILENT","items_purchased":["Blade Dance","Block Potion","Infinite Blades","SteroidPotion","Prepared","Flash of Steel","CultistPotion","Toxic Egg 2","Tactician+1","SpeedPotion","PiercingWail+1"],"campfire_rested":3,"item_purchase_floors":[3,3,13,13,27,36,36,41,41,53,53],"current_hp_per_floor":[59,36,36,37,42,42,42,21,31,31,30,30,30,16,16,9,63,63,63,63,63,61,61,58,58,58,58,58,58,58,58,58,41,71,71,71,71,71,66,66,66,66,66,54,54,78,78,78,81,56,75,81,81,66,65],"gold":57,"neow_bonus":"THREE_ENEMY_KILL","is_daily":false,"chose_seed":false,"campfire_upgraded":6,"win_rate":0.0,"timestamp":1608158990,"path_taken":["M","?","$","?","?","R","E","?","T","M","E","R","?","E","R","BOSS","M","?","?","?","?","R","E","M","T","$","R","?","M","E","R","BOSS","M","$","?","M","?","E","$","R","T","M","M","R","E","?","R","BOSS","R","$","E","BOSS"],"items_purchased_type":["Card","Potion","Card","Potion","Card","Card","Potion","Relic","Card","Potion","Card"],"build_version":"2020-12-13","purchased_purges":3,"victory":true,"max_hp_per_floor":[66,66,66,66,71,71,71,71,81,81,81,81,81,81,81,81,81,81,81,81,81,81,81,81,81,81,81,81,81,81,81,81,81,81,81,81,81,81,81,81,81,81,81,81,81,81,81,81,81,81,81,81,81,81,81],"card_choices":[{"not_picked":["Escape Plan","Poisoned Stab"],"picked":"Dagger Spray","floor":1},{"not_picked":["Flechettes","Dodge and Roll"],"picked":"Finisher","floor":5},{"not_picked":["Outmaneuver","Deflect"],"picked":"Dash","floor":7},{"not_picked":["Flying Knee","Poisoned Stab"],"picked":"Cloak And Dagger","floor":10},{"not_picked":["Acrobatics","Flying Knee"],"picked":"Caltrops","floor":11},{"not_picked":["Caltrops","Wraith Form v2"],"picked":"Dash","floor":14},{"not_picked":["Storm of Steel","Bullet Time"],"picked":"Malaise","floor":16},{"not_picked":["Poisoned Stab","Dagger Throw"],"picked":"Outmaneuver","floor":18},{"not_picked":["Slice+1","Acrobatics+1"],"picked":"PiercingWail","floor":22},{"not_picked":["Predator","Dagger Spray","Slice"],"picked":"SKIP","floor":24},{"not_picked":["Blade Dance","Expertise"],"picked":"Cloak And Dagger","floor":25},{"not_picked":["Deadly Poison","Dagger Throw"],"picked":"Cloak And Dagger","floor":30},{"not_picked":["After Image","Poisoned Stab"],"picked":"Accuracy","floor":31},{"not_picked":["Tools of the Trade","Unload"],"picked":"Storm of Steel","floor":33},{"not_picked":["Noxious Fumes","Eviscerate+1","Deadly Poison"],"picked":"SKIP","floor":35},{"not_picked":["Flying Knee","All Out Attack","Sucker Punch"],"picked":"SKIP","floor":38},{"not_picked":["Grand Finale","Prepared"],"picked":"PiercingWail","floor":40},{"not_picked":["Backflip+1","Flechettes+1"],"picked":"Concentrate+1","floor":44},{"not_picked":["Bane","Predator"],"picked":"Skewer","floor":45},{"not_picked":["Riddle With Holes","Slice"],"picked":"Backflip+1","floor":47},{"not_picked":["Dagger Throw","After Image"],"picked":"Setup+1","floor":48},{"not_picked":["Expertise+1","Finisher"],"picked":"Concentrate+1","floor":54}],"player_experience":1620873,"relics_obtained":[{"floor":7,"key":"Gambling Chip"},{"floor":9,"key":"Pear"},{"floor":11,"key":"InkBottle"},{"floor":14,"key":"Dead Branch"},{"floor":21,"key":"Sundial"},{"floor":24,"key":"FossilizedHelix"},{"floor":26,"key":"Lantern"},{"floor":31,"key":"Smiling Mask"},{"floor":40,"key":"Ice Cream"},{"floor":47,"key":"Whetstone"},{"floor":54,"key":"StrikeDummy"}],"event_choices":[{"damage_healed":0,"gold_gain":0,"player_choice":"Take Damage","damage_taken":23,"relics_obtained":["Golden Idol"],"max_hp_gain":0,"max_hp_loss":0,"event_name":"Golden Idol","floor":2,"gold_loss":0},{"damage_healed":1,"gold_gain":0,"player_choice":"LEAVE ","damage_taken":0,"relics_obtained":[],"max_hp_gain":0,"max_hp_loss":0,"event_name":"betterSkull:BetterSkull","floor":4,"gold_loss":0,"cards_upgraded":[]},{"damage_healed":0,"gold_gain":0,"player_choice":"Entered Light","damage_taken":21,"max_hp_gain":0,"max_hp_loss":0,"event_name":"Shining Light","floor":8,"gold_loss":0,"cards_upgraded":["Strike_G","Dash"]},{"damage_healed":0,"gold_gain":0,"player_choice":"Ignored","damage_taken":0,"max_hp_gain":0,"max_hp_loss":0,"event_name":"Vampires","floor":19,"gold_loss":0},{"cards_removed":["Strike_G"],"damage_healed":0,"gold_gain":0,"player_choice":"Gave Gold","damage_taken":0,"max_hp_gain":0,"max_hp_loss":0,"event_name":"Beggar","floor":20,"gold_loss":75},{"damage_healed":0,"gold_gain":0,"player_choice":"Ignored","damage_taken":0,"max_hp_gain":0,"max_hp_loss":0,"event_name":"Ghosts","floor":29,"gold_loss":0},{"damage_healed":0,"gold_gain":333,"player_choice":"Gave Idol","damage_taken":0,"max_hp_gain":0,"max_hp_loss":0,"event_name":"The Moai Head","floor":37,"relics_lost":["Golden Idol"],"gold_loss":0},{"damage_healed":0,"gold_gain":0,"player_choice":"Bought 0 Potions","damage_taken":0,"max_hp_gain":0,"max_hp_loss":0,"event_name":"The Woman in Blue","floor":39,"gold_loss":0}],"is_beta":false,"boss_relics":[{"not_picked":["Runic Dome","Ectoplasm"],"picked":"Cursed Key"},{"not_picked":["Velvet Choker","Pandora\u0027s Box"],"picked":"Fusion Hammer"}],"items_purged_floors":[27,36,53],"is_endless":false,"potions_floor_spawned":[1,5,7,14,16,22,25,33,44,45,47,54],"ascension_level":15}}