{"host":"hjw1ay65n7jm40lc","time":1608130967,"event":{"mods":["AchievementEnabler","BaseMod","Colored Map","Colored Powertips","Googly Eyes","Highlight Path","Minty Spire (QoL Compilation)","Quick Restart","Relic Stats"],"gold_per_floor":[112,125,125,139,139,139,199,213,238,266,278,295,295,295,295,370,370,380,390,390,410,410,410,410],"floor_reached":23,"playtime":1988,"items_purged":[],"score":401,"play_id":"d12507b4-ee4a-4d9f-b155-cc88f0de9907","local_time":"20201216100247","is_ascension_mode":true,"campfire_choices":[{"floor":6.0,"key":"REST"},{"floor":13,"key":"REST"},{"data":"Armaments","floor":15,"key":"SMITH"}],"circlet_count":0,"master_deck":["AscendersBane","Defend_R","Defend_R","Defend_R","Defend_R+1","Bash","Wild Strike","Armaments+1","Shockwave","Cleave","Twin Strike","Demon Form","Pommel Strike","Shrug It Off","Bite","Bite","Bite","Bite","Bite"],"relics":["SlaversCollar","Vajra","Lantern","Bronze Scales","Pantograph","Fusion Hammer","MutagenicStrength"],"acts_visited":["Exordium","TheCity"],"potions_floor_usage":[7,10],"damage_taken":[{"damage":14.0,"enemies":"Jaw Worm","floor":1.0,"turns":4.0},{"damage":6.0,"enemies":"Cultist","floor":2.0,"turns":3.0},{"damage":1.0,"enemies":"2 Louse","floor":4.0,"turns":2.0},{"damage":18,"enemies":"Gremlin Nob","floor":7,"turns":4},{"damage":8,"enemies":"Looter","floor":8,"turns":4},{"damage":16,"enemies":"3 Sentries","floor":10,"turns":5},{"damage":0,"enemies":"Blue Slaver","floor":11,"turns":3},{"damage":0,"enemies":"3 Louse","floor":12,"turns":2},{"damage":4,"enemies":"Slime Boss","floor":16,"turns":5},{"damage":15,"enemies":"2 Thieves","floor":18,"turns":4},{"damage":9,"enemies":"Chosen","floor":19,"turns":3},{"damage":30,"enemies":"Shelled Parasite and Fungi","floor":21,"turns":4},{"damage":39,"enemies":"Book of Stabbing","floor":23,"turns":3}],"seed_played":"1682919686422801739","potions_obtained":[{"floor":1.0,"key":"Dexterity Potion"},{"floor":2.0,"key":"ColorlessPotion"}],"is_trial":false,"path_per_floor":["M","M","?","M","?","R","E","M","T","E","M","M","R","?","R","B",null,"M","M","?","M","?","E"],"character_chosen":"IRONCLAD","items_purchased":[],"campfire_rested":2,"item_purchase_floors":[],"current_hp_per_floor":[54,48,25,24,24,46,28,20,20,4,4,4,26,26,26,47,68,53,44,44,23,23,0,0],"gold":410,"neow_bonus":"BOSS_RELIC","is_daily":false,"chose_seed":false,"campfire_upgraded":1,"win_rate":0.0,"timestamp":1608130967,"path_taken":["M","M","?","M","?","R","E","M","T","E","M","?","R","?","R","BOSS","M","M","?","M","?","E"],"items_purchased_type":[],"build_version":"2020-12-13","purchased_purges":0,"victory":false,"max_hp_per_floor":[75,75,75,75,75,75,75,75,75,75,75,75,75,75,75,75,75,75,75,52,52,52,52,52],"relic_stats":{"counters":[13,46],"Bronze Scales":[72],"Pantograph":25,"obtain_stats":[{"SlaversCollar":0,"Lantern":7,"Bronze Scales":9,"Pantograph":10,"MutagenicStrength":22,"Vajra":5,"Fusion Hammer":17,"Burning Blood":0},{"SlaversCollar":0,"Lantern":4,"Bronze Scales":5,"Pantograph":6,"MutagenicStrength":12,"Vajra":3,"Fusion Hammer":9,"Burning Blood":0},{"SlaversCollar":0,"Lantern":13,"Bronze Scales":17,"Pantograph":22,"MutagenicStrength":43,"Vajra":9,"Fusion Hammer":32,"Burning Blood":0}]},"card_choices":[{"not_picked":["Combust","Body Slam"],"picked":"Wild Strike","floor":1.0},{"not_picked":["Disarm","Warcry"],"picked":"Armaments","floor":2.0},{"not_picked":["Perfected Strike","Thunderclap","Heavy Blade"],"picked":"SKIP","floor":4.0},{"not_picked":["Blood for Blood","Clash"],"picked":"Shockwave","floor":7},{"not_picked":["Thunderclap","Clothesline"],"picked":"Cleave","floor":8},{"not_picked":["Wild Strike","Body Slam"],"picked":"Twin Strike","floor":10},{"not_picked":["Bloodletting","Barricade","Havoc"],"picked":"SKIP","floor":11},{"not_picked":["Iron Wave","Anger","Clothesline"],"picked":"SKIP","floor":12},{"not_picked":["Exhume","Barricade"],"picked":"Demon Form","floor":16},{"not_picked":["Headbutt","Twin Strike+1"],"picked":"Pommel Strike","floor":18},{"not_picked":["Wild Strike","Limit Break"],"picked":"Shrug It Off","floor":19},{"not_picked":["Headbutt","Twin Strike","Perfected Strike"],"picked":"SKIP","floor":21}],"player_experience":259255,"relics_obtained":[{"floor":5.0,"key":"Vajra"},{"floor":7,"key":"Lantern"},{"floor":9,"key":"Bronze Scales"},{"floor":10,"key":"Pantograph"}],"event_choices":[{"damage_healed":0.0,"max_hp_gain":0.0,"max_hp_loss":0.0,"gold_gain":0.0,"event_name":"Shining Light","player_choice":"Entered Light","floor":3.0,"gold_loss":0.0,"damage_taken":23.0,"cards_upgraded":["Strike_R","Defend_R"]},{"damage_healed":0.0,"max_hp_gain":0.0,"max_hp_loss":0.0,"gold_gain":0.0,"event_name":"Wheel of Change","player_choice":"Relic","floor":5.0,"gold_loss":0.0,"damage_taken":0.0},{"damage_healed":0,"gold_gain":0,"player_choice":"Ignored","damage_taken":0,"max_hp_gain":0,"max_hp_loss":0,"event_name":"Liars Game","floor":14,"gold_loss":0},{"damage_healed":0,"gold_gain":0,"player_choice":"Became a vampire","damage_taken":0,"max_hp_gain":0,"max_hp_loss":23,"event_name":"Vampires","floor":20,"gold_loss":0,"cards_obtained":["Bite","Bite","Bite","Bite","Bite"]},{"damage_healed":0,"gold_gain":0,"player_choice":"Inject Mutagens","damage_taken":0,"relics_obtained":["MutagenicStrength"],"max_hp_gain":0,"max_hp_loss":0,"event_name":"Drug Dealer","floor":22,"gold_loss":0}],"is_beta":false,"boss_relics":[{"not_picked":["Astrolabe","Runic Pyramid"],"picked":"Fusion Hammer"}],"items_purged_floors":[],"is_endless":false,"potions_floor_spawned":[1,2,4],"killed_by":"Book of Stabbing","ascension_level":17}}