{"host":"vhrbb9mxb8fcxsba","time":1608118114,"event":{"mods":["2.2 Compatiblity","Act Like it!","Aspiration","BaseMod","Downfall","GungeonMod","Infinite Spire","Lobotomy","LobotomyExtend","Minty Spire (QoL Compilation)","Quick Restart","StSLib","Wandering Minibosses"],"gold_per_floor":[99,134,145,145,179,179,205,217,256,193,218,246,278,390,421,538,550,487,531,543,555,667,45,45,45,78,3,3,61,112,163,218,356,356,356,407,407,407,461,532,557,609,684,684,775,775,775,503,561,601,601,601,672,31,31,31],"floor_reached":57,"playtime":2846,"items_purged":["champ:Strike","champ:Strike"],"score":1676,"play_id":"b3a2e16d-1798-430d-ba81-53dc274b03b8","local_time":"20201217002834","is_ascension_mode":true,"campfire_choices":[{"data":"champ:Taunt","floor":1,"key":"SMITH"},{"data":"champ:Circumvent","floor":8,"key":"SMITH"},{"floor":10,"key":"RECALL"},{"data":"champ:TornadoPunch","floor":18,"key":"SMITH"},{"data":"champ:ShieldThrow","floor":20,"key":"SMITH"},{"data":"champ:Execute","floor":25,"key":"SMITH"},{"data":"champ:ShieldWall","floor":27,"key":"SMITH"},{"data":"champ:CheapShot","floor":35,"key":"SMITH"},{"data":"champ:DefensiveStyle","floor":38,"key":"SMITH"}],"circlet_count":0,"master_deck":["champ:Strike","champ:Strike","champ:Defend","champ:Defend","champ:Defend","champ:Defend","champ:Execute+1","champ:Taunt+1","champ:DefensiveStyle","champ:Circumvent+1","champ:FalseCounter+1","champ:SkillfulDodge+1","champ:CheapShot+1","champ:TornadoPunch+1","champ:DefensiveStyle","champ:ShieldThrow+1","champ:DefensiveStyle","champ:StanceDance+1","champ:Balance+1","champ:ShieldWall+1","champ:EnGarde+1","champ:DefensiveStyle+1","champ:DefensiveShout+1","expansioncontent:StudyTheSpire"],"relics":["champ:ChampionCrown","Pocketwatch","DemoMod:ClearGuonStone","Toxic Egg 2","MawBank","Bottled Tornado","downfall:HeartBlessingGreen","Runic Pyramid","downfall:HeartBlessingRed","infinitespire:WardingShard","champ:BlackKnightHelmet","DemoMod:DecoyRelic","DemoMod:SerJunkan","Torii","DemoMod:Junk","downfall:HeartBlessingBlue","downfall:KnowingSkull","Velvet Choker","infinitespire:Bottled Soul","aspiration:ArtOfWarUpgrade","DemoMod:VorpalBullet","champ:GladiatorsBookOfMartialProwess","infinitespire:FocusingShard","DemoMod:PoisonVial","HandDrill","Happy Flower","DemoMod:GundromedaStrain"],"acts_visited":["Exordium","TheCity","TheBeyond","TheEnding"],"potions_floor_usage":[9,16,22,23,32,33,39,40,43,48,50,56],"damage_taken":[{"damage":65,"enemies":"Gremlin Nob","floor":2,"turns":6},{"damage":0,"enemies":"Small Slimes","floor":3,"turns":4},{"damage":11,"enemies":"3 Sentries","floor":5,"turns":8},{"damage":26,"enemies":"Lagavulin","floor":9,"turns":5},{"damage":7,"enemies":"Jaw Worm","floor":11,"turns":3},{"damage":0,"enemies":"2 Louse","floor":12,"turns":2},{"damage":0,"enemies":"Blue Slaver","floor":13,"turns":3},{"damage":7,"enemies":"Large Slime","floor":15,"turns":5},{"damage":7,"enemies":"downfall:Silent","floor":16,"turns":9},{"damage":4,"enemies":"Book of Stabbing","floor":19,"turns":5},{"damage":0,"enemies":"Book of Stabbing","floor":22,"turns":6},{"damage":5,"enemies":"downfall:FleeingMerchant","floor":23,"turns":5},{"damage":14,"enemies":"Slavers","floor":26,"turns":5},{"damage":3,"enemies":"Shell Parasite","floor":29,"turns":4},{"damage":3,"enemies":"Spheric Guardian","floor":30,"turns":4},{"damage":4,"enemies":"Snake Plant","floor":31,"turns":3},{"damage":8,"enemies":"Sentry and Sphere","floor":32,"turns":6},{"damage":3,"enemies":"downfall:Defect","floor":33,"turns":4},{"damage":0,"enemies":"Orb Walker","floor":36,"turns":2},{"damage":3,"enemies":"3 Shapes","floor":39,"turns":2},{"damage":0,"enemies":"Reptomancer","floor":40,"turns":4},{"damage":1,"enemies":"Sphere and 2 Shapes","floor":42,"turns":3},{"damage":11,"enemies":"Nemesis","floor":43,"turns":5},{"damage":8,"enemies":"2 Orb Walkers","floor":45,"turns":3},{"damage":0,"enemies":"downfall:FleeingMerchant","floor":48,"turns":2},{"damage":3,"enemies":"Jaw Worm Horde","floor":49,"turns":3},{"damage":3,"enemies":"downfall:Watcher","floor":50,"turns":5},{"damage":27,"enemies":"downfall:CharBossMerchant","floor":53,"turns":5},{"damage":0,"enemies":"downfall:NeowBoss","floor":56,"turns":20}],"seed_played":"-8551365447898626963","potions_obtained":[{"floor":3,"key":"AttackPotion"},{"floor":12,"key":"Guardian:BlockOnCardUsePotion"},{"floor":13,"key":"DuplicationPotion"},{"floor":22,"key":"DuplicationPotion"},{"floor":26,"key":"Energy Potion"},{"floor":30,"key":"PowerPotion"},{"floor":31,"key":"SpeedPotion"},{"floor":33,"key":"Strength Potion"},{"floor":36,"key":"Regen Potion"},{"floor":39,"key":"champ:OpenerPotion"},{"floor":40,"key":"LiquidMemories"},{"floor":42,"key":"DistilledChaos"}],"is_trial":false,"path_per_floor":["R","E","M","?","E","?","T","R","E","R","M","M","M","?","M","B",null,"R","E","R","?","?","$","T","R","E","R","?","M","M","M","M","B",null,"R","M","?","R","M","E","T","M","E","R","?","?","?","$","M","B",null,null,"E","$","R","B",null],"character_chosen":"THE_CHAMP","items_purchased":["DemoMod:SerJunkan","champ:Balance+1","Torii","infinitespire:FocusingShard","DemoMod:PoisonVial","HandDrill","DemoMod:GundromedaStrain","expansioncontent:StudyTheSpire","SpeedPotion"],"campfire_rested":0,"item_purchase_floors":[23,23,23,48,48,48,54,54,54],"current_hp_per_floor":[99,44,44,44,38,38,38,38,37,37,35,35,35,35,33,26,99,99,95,95,95,95,95,95,95,81,91,82,79,76,72,69,66,109,109,109,109,109,106,109,109,108,97,97,89,89,89,89,86,83,83,109,82,82,82,87],"gold":31,"neow_bonus":"TEN_PERCENT_HP_BONUS","is_daily":false,"chose_seed":false,"campfire_upgraded":8,"win_rate":0.0,"timestamp":1608118114,"path_taken":["R","E","M","?","E","?","T","R","E","R","M","M","M","?","M","BOSS","R","E","R","?","?","$","T","R","E","R","?","M","M","M","M","BOSS","R","M","?","R","M","E","T","M","E","R","?","?","?","$","M","BOSS","E","$","R","BOSS"],"items_purchased_type":["Relic","Card","Relic","Relic","Relic","Relic","Relic","Card","Potion"],"build_version":"2020-12-13","purchased_purges":2,"victory":true,"max_hp_per_floor":[99,99,99,99,99,99,99,99,99,99,99,99,99,99,99,99,99,99,99,99,99,99,99,99,99,99,109,109,109,109,109,109,109,109,109,109,109,109,109,109,109,109,109,109,109,109,109,109,109,109,109,109,109,109,109,114],"card_choices":[{"not_picked":["champ:RisingSlash","champ:Balance"],"picked":"champ:DefensiveStyle","floor":2},{"not_picked":["champ:CrookedStrike","champ:GladiatorsShout","champ:Backstep"],"picked":"SKIP","floor":3},{"not_picked":["champ:GladiatorsShout","champ:StanceDance"],"picked":"champ:Circumvent","floor":5},{"not_picked":["champ:GutPunch","champ:Haymaker"],"picked":"champ:FalseCounter+1","floor":9},{"not_picked":["champ:Circumvent+1","champ:Encircle"],"picked":"champ:SkillfulDodge+1","floor":11},{"not_picked":["champ:BerserkersShout+1","champ:PerfectedStrike"],"picked":"champ:CheapShot","floor":12},{"not_picked":["champ:BerserkersShout+1","champ:DeathBlow"],"picked":"champ:TornadoPunch","floor":13},{"not_picked":["champ:Backstep+1","champ:GladiatorStyle"],"picked":"champ:DefensiveStyle","floor":15},{"not_picked":["champ:MurderStrike","champ:SwordThrow"],"picked":"champ:ShieldThrow","floor":16},{"not_picked":["champ:BringItOn+1","champ:Haymaker"],"picked":"champ:DefensiveStyle","floor":19},{"not_picked":["champ:GladiatorsShout+1","champ:BladeFlurry"],"picked":"champ:StanceDance+1","floor":22},{"not_picked":["champ:StrikeOfGenius","champ:BladeFlurry","champ:FlashCut+1"],"picked":"SKIP","floor":23},{"not_picked":["champ:Control+1","champ:AdrenalArmor+1"],"picked":"champ:ShieldWall","floor":26},{"not_picked":["champ:GladiatorsShout+1","champ:Backstep+1"],"picked":"champ:EnGarde+1","floor":29},{"not_picked":["champ:Haymaker","champ:EnGarde+1","champ:Devastate"],"picked":"SKIP","floor":30},{"not_picked":["champ:Aggression+1","champ:BerserkersShout+1","champ:GladiatorStyle"],"picked":"SKIP","floor":31},{"not_picked":["champ:Aggression+1","champ:GladiatorsShout+1","champ:BringItOn+1"],"picked":"SKIP","floor":32},{"not_picked":["champ:BladeFlurry+1","champ:GladiatorsShout+1"],"picked":"champ:DefensiveStyle","floor":36},{"not_picked":["champ:ViciousMockery+1","champ:IronFortress+1"],"picked":"champ:DefensiveShout+1","floor":39},{"not_picked":["champ:BringItOn+1","champ:AdrenalArmor+1","champ:TornadoPunch"],"picked":"SKIP","floor":40},{"not_picked":["champ:GladiatorStyle","champ:SkillfulDodge+1","champ:RisingSlash+1"],"picked":"SKIP","floor":42},{"not_picked":["champ:Haymaker","champ:EnragedBash+1","champ:GladiatorsShout+1"],"picked":"SKIP","floor":43},{"not_picked":["champ:PerfectedStrike+1","champ:BerserkerStyle+1","champ:AdrenalArmor+1"],"picked":"SKIP","floor":48},{"not_picked":["champ:DefensiveShout+1","champ:Balance+1","champ:BladeFlurry+1"],"picked":"SKIP","floor":49},{"not_picked":["champ:EnGarde+1","champ:RecklessLeap","champ:Balance+1"],"picked":"SKIP","floor":53}],"player_experience":159755,"relics_obtained":[{"floor":2,"key":"Pocketwatch"},{"floor":5,"key":"DemoMod:ClearGuonStone"},{"floor":7,"key":"MawBank"},{"floor":9,"key":"Bottled Tornado"},{"floor":19,"key":"infinitespire:WardingShard"},{"floor":22,"key":"champ:BlackKnightHelmet"},{"floor":22,"key":"DemoMod:DecoyRelic"},{"floor":26,"key":"DemoMod:Junk"},{"floor":26,"key":"DemoMod:Junk"},{"floor":29,"key":"DemoMod:Junk"},{"floor":30,"key":"DemoMod:Junk"},{"floor":31,"key":"DemoMod:Junk"},{"floor":32,"key":"DemoMod:Junk"},{"floor":40,"key":"infinitespire:Bottled Soul"},{"floor":41,"key":"Art of War"},{"floor":43,"key":"DemoMod:VorpalBullet"},{"floor":45,"key":"champ:GladiatorsBookOfMartialProwess"},{"floor":53,"key":"Happy Flower"}],"event_choices":[{"damage_healed":0,"gold_gain":0,"player_choice":"Fight","damage_taken":0,"max_hp_gain":0,"max_hp_loss":0,"event_name":"Mysterious Sphere","floor":45,"gold_loss":0}],"is_beta":false,"boss_relics":[{"not_picked":["aspiration:PoetsPen_weak","Snecko Eye"],"picked":"Runic Pyramid"},{"not_picked":["aspiration:SecretTechniqueScroll","Busted Crown"],"picked":"Velvet Choker"}],"items_purged_floors":[48,54],"is_endless":false,"potions_floor_spawned":[3,12,13,22,26,30,31,33,36,39,40,42],"ascension_level":1}}