{"host":"e2ju6k0wppswbhbd","time":1608139976,"event":{"mods":["BaseMod","Minty Spire (QoL Compilation)","Rare Cards Sparkle","StSLib"],"gold_per_floor":[114,129,147,167,187,216,291,291,314,314,34,49,49,81,81,181,181,201,201,217,217,228,259,259,259,259,259,276,292,303,32,32,32,32],"floor_reached":33,"playtime":4695,"items_purged":["Strike_G","Defend_G"],"score":279,"play_id":"270ee28b-abb1-460f-b43e-49187f48a752","local_time":"20201216183256","is_ascension_mode":false,"campfire_choices":[{"floor":8,"key":"RECALL"},{"data":"Backflip","floor":10,"key":"SMITH"},{"floor":15,"key":"REST"},{"data":"Leg Sweep","floor":24,"key":"SMITH"},{"floor":32,"key":"REST"}],"circlet_count":0,"master_deck":["Strike_G","Strike_G","Strike_G","Strike_G","Defend_G+1","Defend_G","Defend_G","Defend_G","Survivor","Neutralize","Venomology+1","Predator","Acrobatics","PiercingWail","Sucker Punch","Quick Slash","Backflip+1","Noxious Fumes","Crippling Poison","Dramatic Entrance","Leg Sweep+1","Deadly Poison","Burst","Cloak And Dagger+1","RitualDagger","Bouncing Flask+1","Escape Plan","Deadly Poison","Footwork+1","Flying Knee+1","Underhanded Strike","Poisoned Stab"],"relics":["Ring of the Serpent","Nunchaku","Boot","MutagenicStrength","Potion Belt","Bottled Tornado","Akabeko"],"acts_visited":["Exordium","TheCity"],"potions_floor_usage":[3,5,5,6,6,12,12,14,20,20,23,23,23,28,28,33,33,33,33],"damage_taken":[{"damage":0,"enemies":"Small Slimes","floor":1,"turns":4},{"damage":0,"enemies":"Cultist","floor":2,"turns":3},{"damage":0,"enemies":"2 Louse","floor":3,"turns":2},{"damage":0,"enemies":"Looter","floor":4,"turns":5},{"damage":0,"enemies":"Large Slime","floor":5,"turns":8},{"damage":10,"enemies":"Gremlin Nob","floor":6,"turns":3},{"damage":1,"enemies":"Gremlin Gang","floor":12,"turns":5},{"damage":10,"enemies":"Lagavulin","floor":14,"turns":12},{"damage":6,"enemies":"Hexaghost","floor":16,"turns":10},{"damage":0,"enemies":"Shell Parasite","floor":18,"turns":6},{"damage":0,"enemies":"2 Thieves","floor":20,"turns":3},{"damage":1,"enemies":"Chosen and Byrds","floor":22,"turns":7},{"damage":16,"enemies":"Book of Stabbing","floor":23,"turns":11},{"damage":14,"enemies":"Centurion and Healer","floor":28,"turns":8},{"damage":5,"enemies":"Snake Plant","floor":29,"turns":5},{"damage":0,"enemies":"Snecko","floor":30,"turns":4},{"damage":57,"enemies":"Champ","floor":33,"turns":11}],"seed_played":"9082002976132092676","potions_obtained":[{"floor":1,"key":"Dexterity Potion"},{"floor":2,"key":"Fire Potion"},{"floor":5,"key":"SneckoOil"},{"floor":18,"key":"CunningPotion"},{"floor":23,"key":"SpeedPotion"},{"floor":28,"key":"BlessingOfTheForge"},{"floor":29,"key":"Ancient Potion"}],"is_trial":false,"path_per_floor":["M","M","M","M","M","E","?","R","T","R","$","M","?","E","R","B",null,"M","?","M","?","M","E","R","?","T","?","M","M","M","$","R","B"],"character_chosen":"THE_SILENT","items_purchased":["Noxious Fumes","Crippling Poison","Dramatic Entrance","Akabeko","Poisoned Stab"],"campfire_rested":2,"item_purchase_floors":[11,11,11,31,31],"current_hp_per_floor":[70,70,70,70,70,60,53,53,53,53,53,52,38,28,49,43,70,70,64,64,64,63,47,47,34,34,34,20,15,15,15,37,0,0],"gold":32,"neow_bonus":"ONE_RANDOM_RARE_CARD","is_daily":false,"chose_seed":false,"campfire_upgraded":2,"win_rate":0.0,"timestamp":1608139976,"path_taken":["M","M","M","M","M","E","?","R","T","R","?","M","?","E","R","BOSS","M","?","M","?","M","E","R","?","T","?","M","M","M","$","R","BOSS"],"items_purchased_type":["Card","Card","Card","Relic","Card"],"build_version":"2020-12-13","purchased_purges":2,"victory":false,"max_hp_per_floor":[70,70,70,70,70,70,70,70,70,70,70,70,70,70,70,70,70,70,70,70,70,70,70,70,75,75,75,75,75,75,75,75,75,75],"card_choices":[{"not_picked":["Choke","Flechettes"],"picked":"Predator","floor":1},{"not_picked":["Deflect","Slice"],"picked":"Acrobatics","floor":2},{"not_picked":["Backstab","Skewer"],"picked":"PiercingWail","floor":3},{"not_picked":["Concentrate","Outmaneuver"],"picked":"Sucker Punch","floor":4},{"not_picked":["Concentrate","Eviscerate"],"picked":"Quick Slash","floor":5},{"not_picked":["Deflect","Endless Agony"],"picked":"Backflip","floor":6},{"not_picked":["Outmaneuver","Dagger Spray"],"picked":"Leg Sweep","floor":12},{"not_picked":["Storm of Steel","Quick Slash"],"picked":"Deadly Poison","floor":14},{"not_picked":["A Thousand Cuts","Unload"],"picked":"Burst","floor":16},{"not_picked":["Masterful Stab","Deflect"],"picked":"Cloak And Dagger+1","floor":18},{"not_picked":["Prepared","Well Laid Plans"],"picked":"Bouncing Flask+1","floor":20},{"not_picked":["Catalyst","Cloak And Dagger+1"],"picked":"Escape Plan","floor":22},{"not_picked":["Sucker Punch+1","Noxious Fumes"],"picked":"Deadly Poison","floor":23},{"not_picked":["Noxious Fumes","Slice"],"picked":"Footwork+1","floor":28},{"not_picked":["Deadly Poison","Finisher"],"picked":"Flying Knee+1","floor":29},{"not_picked":["Acrobatics+1","Cloak And Dagger+1"],"picked":"Underhanded Strike","floor":30}],"player_experience":2531112,"relics_obtained":[{"floor":6,"key":"Nunchaku"},{"floor":14,"key":"Boot"},{"floor":23,"key":"Potion Belt"},{"floor":26,"key":"Bottled Tornado"}],"event_choices":[{"damage_healed":0,"gold_gain":75,"player_choice":"Touch","damage_taken":7,"max_hp_gain":0,"max_hp_loss":0,"event_name":"FaceTrader","floor":7,"gold_loss":0},{"damage_healed":0,"gold_gain":0,"player_choice":"Entered Light","damage_taken":14,"max_hp_gain":0,"max_hp_loss":0,"event_name":"Shining Light","floor":13,"gold_loss":0,"cards_upgraded":["Venomology","Defend_G"]},{"damage_healed":0,"gold_gain":0,"player_choice":"Joined the Cult","damage_taken":6,"max_hp_gain":0,"max_hp_loss":0,"event_name":"Nest","floor":19,"gold_loss":0,"cards_obtained":["RitualDagger"]},{"damage_healed":0,"gold_gain":0,"player_choice":"Inject Mutagens","damage_taken":0,"relics_obtained":["MutagenicStrength"],"max_hp_gain":0,"max_hp_loss":0,"event_name":"Drug Dealer","floor":21,"gold_loss":0},{"damage_healed":0,"gold_gain":0,"player_choice":"Shed Blood","damage_taken":18,"max_hp_gain":5,"max_hp_loss":0,"event_name":"Forgotten Altar","floor":25,"gold_loss":0},{"damage_healed":0,"gold_gain":0,"player_choice":"Ignored","damage_taken":0,"max_hp_gain":0,"max_hp_loss":0,"event_name":"Vampires","floor":27,"gold_loss":0}],"is_beta":false,"boss_relics":[{"not_picked":["Runic Dome","HoveringKite"],"picked":"Ring of the Serpent"}],"items_purged_floors":[11,31],"is_endless":false,"potions_floor_spawned":[1,2,3,5,18,23,28,29],"killed_by":"Champ","ascension_level":0}}