{"host":"l8lm1goh5xm9tkuw","time":1608117158,"event":{"mods":["Act Like it!","Alarm Clock","Astrologer","BaseMod","Colored Map","Colored Powertips","GungeonMod","Hermit","KinomotoSakuraMod(Ä¾Ö®±¾Ó£)","KomeijiMod","Library of Ruina","Library of Ruina Extra","Lobotomy","LobotomyExtend","Marisa£¨ìFÓê¡¡Ä§ÀíÉ³£©","Minty Spire (QoL Compilation)","MostiFishMod","Quick Restart","Replay The Spire","Shade Mod","StSLib","TestMod","The Animator","The Bug Knight","The Hierophant","UnlockEverythingMod","vexMod","¡¾ÒÅÎï¿¨ÅÆ¡¿REMEMod"],"gold_per_floor":[119,132,132,132,132,163,163,193,193,193,213,213,228,104,104,176,176,190,190,202,222,97,125,140,140,167,194,69,69,69,88,88,160,160,178,190,208,224,624,624,655,670,716,743,743,772,789,394,394,394,394,394,394,26,57,57],"floor_reached":57,"playtime":1244,"items_purged":["FleshFillet+1","SharpenedBlade+1"],"score":3351,"play_id":"b7854573-4c3a-405e-9dc1-7b85f4e8a740","local_time":"20201216191238","is_ascension_mode":true,"campfire_choices":[{"data":"DegradedPillar","floor":7.0,"key":"SMITH"},{"data":"DegradedPillar","floor":10.0,"key":"SMITH"},{"data":"DegradedLock","floor":12.0,"key":"SMITH"},{"data":"UnavoidableGaze","floor":15.0,"key":"SMITH"},{"data":"SunsetBlade","floor":25.0,"key":"SMITH"},{"data":"1","floor":30.0,"key":"LIFT"},{"data":"2","floor":32,"key":"LIFT"},{"data":"3","floor":40,"key":"LIFT"},{"floor":45,"key":"RECALL"},{"data":"MostiFishMod:SephirahHod","floor":49,"key":"SMITH"},{"data":"SomberProcuration","floor":53,"key":"SMITH"}],"circlet_count":0,"master_deck":["DegradedFairy","DegradedFairy","DegradedFairy","DegradedChain","DegradedChain","DegradedLock+1","DegradedPillar+1","DegradedPillar+1","DegradedShockwave+1","QuickAttack","SunsetBlade+1","UnavoidableGaze+1","DegradedShockwave+1","UnforgettableMelody","MostiFishMod:SephirahHod+1","Quickness","SomberProcuration+1"],"relics":["PageOfLibrarian","testmod-TestBox","REME_ComplimentaryCards","xbg","testmod-LifeArmor","Question Card","LetterFromLob","Eternal Feather","Ancient Tea Set","ImportantClient","REME_LowDesire","PageOfTodaysShyLook","vexMod:FocusSash","DemoMod:GlassGuonStoneRelic","PageOfSnowWhitesApple","Mercury Hourglass","Girya","DemoMod:LamentConfigurum","Gaze_r","Pondfish Scales","Heaven_r","MostiFishMod:Hod","DemoMod:PinkGuonStone","Pet Ghost","testmod-AssaultLearning","testmod-Fortitude","Potion Belt","Bronze Scales","Pen Nib","DemoMod:OrangeGuonStone","BranchBurnRelic","PageOfRedShoes","PageOfSpiderBud","Bag of Preparation"],"acts_visited":["Exordium","TheCity","TheBeyond","TheEnding"],"potions_floor_usage":[],"damage_taken":[{"damage":0.0,"enemies":"2 Louse","floor":1.0,"turns":1.0},{"damage":0.0,"enemies":"Jaw Worm","floor":2.0,"turns":1.0},{"damage":0.0,"enemies":"Replay:BlueRogue","floor":6.0,"turns":2.0},{"damage":0.0,"enemies":"3 Sentries","floor":8.0,"turns":2.0},{"damage":0.0,"enemies":"Cultist","floor":11.0,"turns":1.0},{"damage":0.0,"enemies":"Red Slaver","floor":13.0,"turns":1.0},{"damage":3.0,"enemies":"The Guardian","floor":16.0,"turns":4.0},{"damage":0.0,"enemies":"Shell Parasite","floor":18.0,"turns":2.0},{"damage":0.0,"enemies":"Snake Plant","floor":20.0,"turns":1.0},{"damage":1.0,"enemies":"Centurion and Healer","floor":21.0,"turns":2.0},{"damage":0.0,"enemies":"Slavers","floor":23.0,"turns":2.0},{"damage":0.0,"enemies":"Cultist and Chosen","floor":24.0,"turns":2.0},{"damage":0.0,"enemies":"REME_1_Revenger","floor":27.0,"turns":2.0},{"damage":0.0,"enemies":"Slavers","floor":29.0,"turns":2.0},{"damage":0.0,"enemies":"Slavers","floor":29.0,"turns":2.0},{"damage":0.0,"enemies":"3 Cultists","floor":31.0,"turns":1.0},{"damage":0,"enemies":"Pondfish","floor":33,"turns":5},{"damage":0,"enemies":"3 Shapes","floor":35,"turns":1},{"damage":0,"enemies":"Orb Walker","floor":36,"turns":2},{"damage":0,"enemies":"3 Darklings","floor":37,"turns":1},{"damage":0,"enemies":"Maw","floor":38,"turns":3},{"damage":0,"enemies":"HollowMod:StalkingDevout","floor":41,"turns":2},{"damage":0,"enemies":"Jaw Worm Horde","floor":42,"turns":1},{"damage":0,"enemies":"R_Hoarder","floor":44,"turns":2},{"damage":0,"enemies":"Giant Head","floor":46,"turns":1},{"damage":0,"enemies":"Sphere and 2 Shapes","floor":47,"turns":1},{"damage":0,"enemies":"Awakened One","floor":50,"turns":4},{"damage":1,"enemies":"Shield and Spear","floor":55,"turns":1},{"damage":0,"enemies":"The Heart","floor":56,"turns":4}],"seed_played":"7795957037544871862","potions_obtained":[{"floor":8.0,"key":"LiquidMemories"},{"floor":16.0,"key":"SpeedPotion"},{"floor":37,"key":"FearPotion"},{"floor":46,"key":"Adrenaline Potion"},{"floor":47,"key":"DemoMod:LeadSkinPotion"}],"is_trial":false,"path_per_floor":["M","M","?","?","?","E","R","E","T","R","M","R","M","$","R","B",null,"M","?","M","M","$","E","M","R","T","E","$","E","R","M","R","B",null,"M","M","M","M","?","R","E","M","T","E","R","E","M","$","R","B",null,null,"R","$","E","B",null],"character_chosen":"Librarian","items_purchased":["UnavoidableGaze","PageOfSnowWhitesApple","DemoMod:LamentConfigurum","Pen Nib","DemoMod:OrangeGuonStone","PageOfRedShoes","PageOfSpiderBud"],"campfire_rested":0,"item_purchase_floors":[14,22,28,48,48,54,54],"current_hp_per_floor":[54,54,54,27,27,27,33,33,33,39,39,45,45,45,51,48,80,80,80,80,79,79,79,79,85,85,85,85,65,71,71,77,77,87,87,87,94,94,94,97,97,97,97,97,97,97,97,97,97,97,97,97,97,97,96,96],"gold":57,"neow_bonus":"ONE_RANDOM_RARE_CARD","is_daily":false,"chose_seed":false,"campfire_upgraded":7,"win_rate":0.0,"timestamp":1608117158,"path_taken":["M","M","?","?","?","E","R","E","T","R","M","R","?","$","R","BOSS","M","?","?","M","$","E","M","R","T","E","?","E","R","M","R","BOSS","M","?","M","?","?","R","E","M","T","E","R","E","M","$","R","BOSS","R","$","E","BOSS"],"items_purchased_type":["Card","Relic","Relic","Relic","Relic","Relic","Relic"],"build_version":"2020-12-13","purchased_purges":2,"victory":true,"max_hp_per_floor":[90,90,90,90,90,90,90,90,90,90,90,90,90,90,90,90,90,90,90,90,90,90,90,90,90,90,90,90,90,90,90,90,90,90,90,90,97,97,97,97,97,97,97,97,97,97,97,97,97,97,97,97,97,97,97,97],"card_choices":[{"not_picked":["QuickAttack","ButterflySlash","TendonChords","SmokingPipe"],"picked":"SKIP","floor":1.0},{"not_picked":["ScatteringSlash","StructuralAnalysis","HiddenBlade","HeavyPeaks"],"picked":"QuickAttack","floor":2.0},{"not_picked":["YourShield","TheArtOfRapidSteps","HandleRequest","MultiHit","DaringDecision"],"picked":"SKIP","floor":6.0},{"not_picked":["Eliminate","ChargeUp","Slice_lor","StrongStrike","NightInTheBackstreets"],"picked":"SKIP","floor":8.0},{"not_picked":["Fence","Retaliate","Zzzzzap","SunsetBlade","Eject"],"picked":"SKIP","floor":11.0},{"not_picked":["CombatPreparation","UnavoidableGaze","InhaleSmoke","BindingChains"],"picked":"SunsetBlade","floor":13.0},{"not_picked":["ExtremeEdge","SkyClearingCut","StayCalm","Overcharge","FrontalAssault","PanicButton"],"picked":"SKIP","floor":18.0},{"not_picked":["EmotionalTurbulence","Leap_lor+1","TendonChords","ProselytesBlade","ToWhereThePrescriptPoints","PreThought"],"picked":"SKIP","floor":20.0},{"not_picked":["YoureTooSlow","DefenseOrder","Execute_lor","SmokingPipe+1","UpbeatPerformance+1","Chrysalis"],"picked":"SKIP","floor":21.0},{"not_picked":["Unlock1","Eliminate","ToWhereThePrescriptPoints","TimeForALittleTest","ButterflySlash","Trip"],"picked":"SKIP","floor":23.0},{"not_picked":["ShrineToMusic","InhaleSmoke","ProselytesBlade","DesperateStruggle","FleshFillet","Purity"],"picked":"SKIP","floor":24.0},{"not_picked":["DarkCloud","HiddenBlade","Eliminate","Ripple","RipSpace","ReplayTheSpireMod:Uncanny Aura"],"picked":"SKIP","floor":27.0},{"not_picked":["Faith","ButterflySlash","AssaultOrder","StayCalm","Flash of Steel"],"picked":"SharpenedBlade+1","floor":31.0},{"not_picked":["CrackOfDawn","ChargeUp","SenseQuarry","testmod-TradeIn"],"picked":"UnforgettableMelody","floor":33},{"not_picked":["Gamble+1","DarkCloud","TendonChords","DesperateStruggle","BindingChains","testmod-Librarian"],"picked":"SKIP","floor":35},{"not_picked":["SilentMist","Multislash+1","PreemptiveStrike","SmokingPipe","HiddenBlade","testmod-PocketStoneCalender"],"picked":"SKIP","floor":36},{"not_picked":["Parry","Unlock1","HiddenBlade","Rewind+1","SkyClearingCut","Blind"],"picked":"SKIP","floor":37},{"not_picked":["Leap_lor+1","Multislash","EndlessBattle+1","Eliminate","Poisoned Strike"],"picked":"Quickness","floor":38},{"not_picked":["SharpNails","TraceOfFumes+1","FleetEdge","Thrust","LossOfSenses+1","Metamorphosis"],"picked":"SKIP","floor":41},{"not_picked":["DefenseOrder+1","HiddenBlade+1","ShrineToMusic","EmotionalTurbulence","GuidanceOfTheGears","Replay:Sssssssssstrike"],"picked":"SKIP","floor":42},{"not_picked":["Faith","LossOfSenses","Leap_lor","FlashOfSunup+1","Thrust","testmod-BloodBlade"],"picked":"SKIP","floor":44},{"not_picked":["Eliminate","RushDown+1","LossOfSenses+1","TendonChords","Mayhem"],"picked":"SomberProcuration","floor":46},{"not_picked":["HandleRequest","FleetEdge","DefenseOrder","FrontalAssault","Thrust","Magnetism"],"picked":"SKIP","floor":47},{"not_picked":["Eject","Faith+1","Commandeering","SomberProcuration+1","EndlessBattle","HandOfGreed"],"picked":"SKIP","floor":55}],"player_experience":314932,"relics_obtained":[{"floor":1.0,"key":"Question Card"},{"floor":1.0,"key":"LetterFromLob"},{"floor":6.0,"key":"Eternal Feather"},{"floor":8.0,"key":"Ancient Tea Set"},{"floor":9.0,"key":"Dead Branch"},{"floor":16.0,"key":"ImportantClient"},{"floor":17.0,"key":"PageOfTodaysShyLook"},{"floor":17.0,"key":"vexMod:FocusSash"},{"floor":23.0,"key":"Mercury Hourglass"},{"floor":27.0,"key":"Girya"},{"floor":41,"key":"Pet Ghost"},{"floor":43,"key":"testmod-AssaultLearning"},{"floor":44,"key":"Potion Belt"},{"floor":46,"key":"Bronze Scales"},{"floor":55,"key":"Bag of Preparation"}],"event_choices":[{"damage_healed":0.0,"max_hp_gain":0.0,"max_hp_loss":0.0,"gold_gain":0.0,"event_name":"Shining Light","player_choice":"Entered Light","floor":4.0,"gold_loss":0.0,"damage_taken":27.0,"cards_upgraded":["FleshFillet","DegradedShockwave"]},{"damage_healed":0.0,"max_hp_gain":0.0,"max_hp_loss":0.0,"gold_gain":0.0,"event_name":"Duplicator","player_choice":"Copied","floor":19.0,"gold_loss":0.0,"damage_taken":0.0,"cards_obtained":["DegradedShockwave"]},{"damage_healed":0,"gold_gain":400,"player_choice":"Sell","damage_taken":0,"max_hp_gain":0,"max_hp_loss":0,"event_name":"¶÷ÂåË¹µÄÅÌ×Ó","floor":39,"relics_lost":["DaveBox"],"gold_loss":0}],"is_beta":false,"boss_relics":[{"not_picked":["Honey Jar","testmod-EnergyCheck"],"picked":"REME_LowDesire"},{"not_picked":["vexMod:CursedCompass","BloodWine"],"picked":"MostiFishMod:Hod"}],"items_purged_floors":[14,48],"is_endless":false,"potions_floor_spawned":[8,16,23,24,27,37,38,46,47,55],"ascension_level":15}}