{"host":"6bsan6hkua32tfq7","time":1608117390,"event":{"mods":["BaseMod","Better Third Choice","Colored Map","Highlight Path","Minty Spire (QoL Compilation)","StSLib"],"gold_per_floor":[116,128,128,142,142,142,169,94,143,143,143,159,3,13,13,84,84,97,110,110,25,25,25,25,25,49,49,68,68,68,86,86,165,165,175,193,203,203,223,250,250,280,307,307,332,332,349,363,363,363,363,363,363,11,42,42],"floor_reached":57,"playtime":2692,"items_purged":["Strike_R","Strike_R","Normality"],"score":2680,"play_id":"1547cecb-6acc-4ab5-806e-e427194d7423","local_time":"20201216121630","is_ascension_mode":true,"campfire_choices":[{"data":"Bash","floor":6.0,"key":"SMITH"},{"data":"Rampage","floor":11.0,"key":"SMITH"},{"data":"True Grit","floor":15.0,"key":"SMITH"},{"data":"Barricade","floor":23.0,"key":"SMITH"},{"data":"Entrench","floor":25.0,"key":"SMITH"},{"data":"Havoc","floor":27.0,"key":"SMITH"},{"data":"Ghostly","floor":30.0,"key":"SMITH"},{"data":"Ghostly","floor":32.0,"key":"SMITH"},{"floor":41.0,"key":"REST"},{"floor":44.0,"key":"REST"},{"floor":49.0,"key":"RECALL"},{"data":"Impatience","floor":53,"key":"SMITH"}],"circlet_count":0,"master_deck":["AscendersBane","Strike_R","Strike_R","Strike_R","Defend_R","Defend_R","Defend_R","Bash+1","Reckless Charge","Metallicize","Metallicize","Pommel Strike","True Grit+1","Havoc+1","Barricade+1","Entrench+1","Fire Breathing","Ghostly+1","Ghostly+1","Ghostly+1","Writhe","Shame","Power Through","Shrug It Off","Body Slam+1","Dark Embrace","Feel No Pain","Impatience+1","Battle Trance+1","Sever Soul","Evolve"],"relics":["Burning Blood","NeowsBlessing","Art of War","Bronze Scales","Cursed Key","Torii","Blue Candle","Nunchaku","Runic Pyramid","Gambling Chip","Bottled Tornado","Orichalcum","Membership Card","Oddly Smooth Stone","Centennial Puzzle"],"acts_visited":["Exordium","TheCity","TheBeyond","TheEnding"],"potions_floor_usage":[],"damage_taken":[{"damage":0.0,"enemies":"Small Slimes","floor":1.0,"turns":1.0},{"damage":0.0,"enemies":"2 Louse","floor":2.0,"turns":1.0},{"damage":0.0,"enemies":"Jaw Worm","floor":4.0,"turns":1.0},{"damage":35.0,"enemies":"3 Sentries","floor":7.0,"turns":14.0},{"damage":15.0,"enemies":"Exordium Thugs","floor":12.0,"turns":4.0},{"damage":20.0,"enemies":"The Mushroom Lair","floor":13.0,"turns":4.0},{"damage":0.0,"enemies":"Blue Slaver","floor":14.0,"turns":4.0},{"damage":25.0,"enemies":"The Guardian","floor":16.0,"turns":10.0},{"damage":28.0,"enemies":"Shell Parasite","floor":18.0,"turns":6.0},{"damage":18.0,"enemies":"Spheric Guardian","floor":19.0,"turns":8.0},{"damage":11.0,"enemies":"Centurion and Healer","floor":28.0,"turns":12.0},{"damage":0.0,"enemies":"Snecko","floor":31.0,"turns":8.0},{"damage":16.0,"enemies":"Champ","floor":33.0,"turns":37.0},{"damage":7.0,"enemies":"Orb Walker","floor":35.0,"turns":5.0},{"damage":1.0,"enemies":"3 Darklings","floor":36.0,"turns":8.0},{"damage":24.0,"enemies":"Writhing Mass","floor":37.0,"turns":11.0},{"damage":16.0,"enemies":"Spire Growth","floor":39.0,"turns":7.0},{"damage":8.0,"enemies":"Nemesis","floor":40.0,"turns":13.0},{"damage":3.0,"enemies":"Giant Head","floor":42.0,"turns":6.0},{"damage":23.0,"enemies":"Nemesis","floor":45.0,"turns":5.0},{"damage":1.0,"enemies":"Jaw Worm Horde","floor":47.0,"turns":6.0},{"damage":1.0,"enemies":"Maw","floor":48.0,"turns":8.0},{"damage":8,"enemies":"Awakened One","floor":50,"turns":11},{"damage":13,"enemies":"Donu and Deca","floor":51,"turns":7},{"damage":7,"enemies":"Shield and Spear","floor":55,"turns":8},{"damage":14,"enemies":"The Heart","floor":56,"turns":9}],"seed_played":"1942456411996255933","potions_obtained":[{"floor":1.0,"key":"SkillPotion"},{"floor":4.0,"key":"GamblersBrew"},{"floor":18.0,"key":"Swift Potion"},{"floor":31.0,"key":"GamblersBrew"},{"floor":39.0,"key":"AttackPotion"},{"floor":42.0,"key":"DuplicationPotion"},{"floor":47.0,"key":"LiquidMemories"}],"is_trial":false,"path_per_floor":["M","M","?","M","?","R","E","$","T","?","R","M","?","M","R","B",null,"M","M","?","?","?","R","$","R","T","R","M","?","R","M","R","B",null,"M","M","M","?","M","E","R","E","T","R","E","?","M","M","R","B","B",null,"R","$","E","B",null],"character_chosen":"IRONCLAD","items_purchased":["True Grit","Membership Card","Evolve","Oddly Smooth Stone"],"campfire_rested":2,"item_purchase_floors":[13,54,54,54],"current_hp_per_floor":[74,75,75,75,75,75,46,46,46,51,51,42,28,34,34,15,64,42,30,30,30,30,30,30,30,30,30,25,25,25,31,31,21,35,34,39,21,21,11,9,21,24,24,36,19,19,24,29,29,27,20,35,35,35,34,26],"gold":42,"neow_bonus":"THREE_ENEMY_KILL","is_daily":false,"chose_seed":false,"campfire_upgraded":9,"win_rate":0.0,"timestamp":1608117390,"path_taken":["M","M","?","M","?","R","E","$","T","?","R","M","?","M","R","BOSS","M","M","?","?","?","R","$","R","T","R","M","?","R","?","R","BOSS","M","M","M","?","M","E","R","E","T","R","E","?","M","M","R","BOSS","BOSS","R","$","E","BOSS"],"items_purchased_type":["Card","Relic","Card","Relic"],"build_version":"2020-12-13","purchased_purges":3,"victory":true,"max_hp_per_floor":[75,75,75,75,75,75,75,75,75,80,80,80,80,80,80,80,80,80,80,40,40,40,40,40,40,40,40,40,40,40,40,40,40,40,40,40,40,40,40,40,40,40,40,40,40,40,40,40,40,40,40,40,40,40,40,40],"card_choices":[{"not_picked":["Body Slam","Cleave"],"picked":"Reckless Charge","floor":1.0},{"not_picked":["True Grit","Anger"],"picked":"Metallicize","floor":2.0},{"not_picked":["Cleave","Feel No Pain"],"picked":"Metallicize","floor":4.0},{"not_picked":["Body Slam","Iron Wave"],"picked":"Rampage","floor":7.0},{"not_picked":["Sword Boomerang","Pommel Strike","Twin Strike"],"picked":"SKIP","floor":12.0},{"not_picked":["Sword Boomerang","Twin Strike"],"picked":"Pommel Strike","floor":12.0},{"not_picked":["Hemokinesis","Dual Wield"],"picked":"Havoc","floor":14.0},{"not_picked":["Brutality","Bludgeon"],"picked":"Barricade","floor":16.0},{"not_picked":["Pommel Strike","Sentinel"],"picked":"Entrench","floor":18.0},{"not_picked":["Warcry","Spot Weakness"],"picked":"Fire Breathing","floor":19.0},{"not_picked":["Pommel Strike","Twin Strike","Rage"],"picked":"SKIP","floor":28.0},{"not_picked":["Inflame","Reckless Charge"],"picked":"Power Through","floor":31.0},{"not_picked":["Twin Strike","Pommel Strike+1"],"picked":"Shrug It Off","floor":35.0},{"not_picked":["Wild Strike","Intimidate","Heavy Blade+1"],"picked":"SKIP","floor":36.0},{"not_picked":["Havoc","Seeing Red"],"picked":"Body Slam+1","floor":37.0},{"not_picked":["Havoc+1","Flame Barrier","Ghostly Armor"],"picked":"SKIP","floor":39.0},{"not_picked":["Flame Barrier+1","Flex"],"picked":"Dark Embrace","floor":40.0},{"not_picked":["Searing Blow","Dual Wield","Reckless Charge"],"picked":"SKIP","floor":42.0},{"not_picked":["Anger","Clothesline"],"picked":"Feel No Pain","floor":45.0},{"not_picked":["Mayhem","Jack Of All Trades"],"picked":"Impatience","floor":46.0},{"not_picked":["Wild Strike","Body Slam"],"picked":"Battle Trance+1","floor":47.0},{"not_picked":["Wild Strike","Pummel+1"],"picked":"Sever Soul","floor":48.0},{"not_picked":["Pommel Strike","Feel No Pain","Whirlwind"],"picked":"SKIP","floor":55}],"player_experience":5183280,"relics_obtained":[{"floor":7.0,"key":"Art of War"},{"floor":9.0,"key":"Bronze Scales"},{"floor":26.0,"key":"Nunchaku"},{"floor":40.0,"key":"Gambling Chip"},{"floor":42.0,"key":"Bottled Tornado"},{"floor":45.0,"key":"Orichalcum"},{"floor":55,"key":"Centennial Puzzle"}],"event_choices":[{"damage_healed":0.0,"max_hp_gain":0.0,"max_hp_loss":0.0,"gold_gain":0.0,"event_name":"betterThird:BetterSerpent","player_choice":"Ignored","floor":3.0,"gold_loss":0.0,"damage_taken":128.0},{"cards_removed":["Defend_R"],"damage_healed":0.0,"max_hp_gain":0.0,"max_hp_loss":0.0,"gold_gain":0.0,"event_name":"Living Wall","player_choice":"Forget","floor":5.0,"gold_loss":0.0,"damage_taken":0.0},{"damage_healed":0.0,"max_hp_gain":5.0,"max_hp_loss":0.0,"gold_gain":0.0,"event_name":"Big Fish","player_choice":"Donut","floor":10.0,"gold_loss":0.0,"damage_taken":0.0},{"damage_healed":0.0,"max_hp_gain":0.0,"max_hp_loss":0.0,"gold_gain":0.0,"event_name":"Mushrooms","player_choice":"Fought Mushrooms","floor":13.0,"gold_loss":0.0,"damage_taken":0.0},{"damage_healed":0.0,"max_hp_gain":0.0,"max_hp_loss":40.0,"gold_gain":0.0,"event_name":"Ghosts","player_choice":"Became a Ghost","floor":20.0,"gold_loss":0.0,"damage_taken":0.0,"cards_obtained":["Ghostly","Ghostly","Ghostly"]},{"damage_healed":0.0,"max_hp_gain":0.0,"max_hp_loss":0.0,"gold_gain":0.0,"event_name":"Addict","player_choice":"Obtained Relic","floor":21.0,"gold_loss":85.0,"damage_taken":0.0,"relics_obtained":["Torii"]},{"damage_healed":0.0,"max_hp_gain":0.0,"max_hp_loss":0.0,"gold_gain":0.0,"event_name":"The Mausoleum","player_choice":"Opened","floor":22.0,"gold_loss":0.0,"damage_taken":0.0,"relics_obtained":["Blue Candle"],"cards_obtained":["Writhe"]},{"damage_healed":0.0,"max_hp_gain":0.0,"max_hp_loss":0.0,"gold_gain":0.0,"event_name":"Upgrade Shrine","player_choice":"Upgraded","floor":29.0,"gold_loss":0.0,"damage_taken":0.0,"cards_upgraded":["Ghostly"]},{"cards_removed":["Rampage"],"damage_healed":0.0,"max_hp_gain":0.0,"max_hp_loss":0.0,"gold_gain":0.0,"event_name":"Falling","player_choice":"Removed Attack","floor":38.0,"gold_loss":0.0,"damage_taken":0.0},{"damage_healed":0.0,"max_hp_gain":0.0,"max_hp_loss":0.0,"gold_gain":0.0,"event_name":"SensoryStone","player_choice":"Memory 1","floor":46.0,"gold_loss":0.0,"damage_taken":0.0}],"is_beta":false,"boss_relics":[{"not_picked":["Pandora\u0027s Box","Empty Cage"],"picked":"Cursed Key"},{"not_picked":["Black Star","Runic Dome"],"picked":"Runic Pyramid"}],"items_purged_floors":[8,13,54],"is_endless":false,"potions_floor_spawned":[1,4,13,18,31,36,39,42,47],"ascension_level":20}}