{"host":"en3i0mvpfa3c1sbz","time":1608117539,"event":{"mods":["BaseMod","BetterRewards","Dota2Spire","Downfall","GifTheSpireLib","Hubris","Infinite Spire","Marisa£®ÏF”Í°°ƒß¿Ì…≥£©","Minty Spire (QoL Compilation)","READ ME - Guardian Mod","Replay The Spire","Shop Mod","StSLib","Stuff the Spire","The Administrix","The Factory","The Jungle"],"gold_per_floor":[115,164,177,191,191,219,236,236,236,78,78,78,108,118,118,221,221,236,236,246,256,256,256],"floor_reached":22,"playtime":1389,"items_purged":[],"score":235,"play_id":"87fa56c6-4a09-44c9-bc80-53ae96b32f18","local_time":"20201216191859","is_ascension_mode":true,"campfire_choices":[{"floor":8,"key":"RECALL"},{"data":"ReplayTheSpireMod:Chaos Vortex","floor":11,"key":"SMITH"},{"data":"Limit Break","floor":15,"key":"SMITH"}],"circlet_count":0,"master_deck":["Strike_R","Strike_R","Strike_R","Strike_R","Strike_R","Defend_R","Defend_R","Defend_R","Defend_R","Bash","Heavy Blade","Flex","Flex","hubris:ReadiedAction","Dual Wield","ReplayTheSpireMod:Chaos Vortex+1","Thunderclap","Headbutt","StuffTheSpire:CuriosityCurse","Limit Break+1","Heavy Blade","Demon Form+1","Clash","ReplayTheSpireMod:Limb From Limb","Armaments+1","Cleave"],"relics":["Burning Blood","StuffTheSpire:Experiment12","The Courier","Dota2Spire:MagicBottle","Frozen Egg 2","Smiling Mask","Cursed Key"],"acts_visited":["Exordium","Exordium"],"potions_floor_usage":[6,6,10,13,16],"damage_taken":[{"damage":11,"enemies":"Jaw Worm","floor":1,"turns":4},{"damage":5,"enemies":"Small Slimes","floor":3,"turns":3},{"damage":15,"enemies":"2 Louse","floor":4,"turns":3},{"damage":6,"enemies":"Lagavulin","floor":6,"turns":5},{"damage":8,"enemies":"Large Slime","floor":7,"turns":6},{"damage":7,"enemies":"Gremlin Nob","floor":13,"turns":3},{"damage":0,"enemies":"2 Fungi Beasts","floor":14,"turns":2},{"damage":35,"enemies":"The Guardian","floor":16,"turns":9},{"damage":14,"enemies":"theJungle:Flameango_and_Byrd","floor":18,"turns":4},{"damage":18,"enemies":"theJungle:5_Spyders","floor":20,"turns":5},{"damage":22,"enemies":"theJungle:Snecko_Cultist_And_Trap","floor":21,"turns":7},{"damage":53,"enemies":"theJungle:JungleHuntersEncounter","floor":22,"turns":3}],"seed_played":"-3435549087406165378","potions_obtained":[{"floor":2,"key":"Milkshake"},{"floor":3,"key":"Strength Potion"},{"floor":7,"key":"BloodPotion"},{"floor":14,"key":"Energy Potion"}],"is_trial":false,"path_per_floor":["M","?","M","M","?","E","M","R","T","$","R","?","E","M","R","B",null,"M","?","M","M","M"],"character_chosen":"IRONCLAD","items_purchased":["Dota2Spire:MagicBottle","Strength Potion"],"campfire_rested":0,"item_purchase_floors":[10,10],"current_hp_per_floor":[83,48,49,40,19,19,17,17,17,34,34,34,39,48,48,28,88,80,80,68,52,0,0],"gold":256,"neow_bonus":"TEN_PERCENT_HP_BONUS","is_daily":false,"chose_seed":false,"campfire_upgraded":2,"win_rate":0.0,"timestamp":1608117539,"path_taken":["M","?","M","M","?","E","M","R","T","?","R","?","E","M","R","BOSS","M","?","M","M","M"],"items_purchased_type":["Relic","Potion"],"build_version":"2020-12-13","purchased_purges":0,"victory":false,"max_hp_per_floor":[88,88,88,88,88,88,88,88,88,88,88,88,88,88,88,88,88,88,88,88,88,88,88],"card_choices":[{"not_picked":["True Grit","Havoc"],"picked":"Heavy Blade","floor":1},{"not_picked":["Reckless Charge","Seeing Red"],"picked":"Flex","floor":2},{"not_picked":["Wild Strike","Perfected Strike"],"picked":"Flex","floor":2},{"not_picked":["Anger","Flex"],"picked":"hubris:ReadiedAction","floor":3},{"not_picked":["StuffTheSpire:Slingshot","Heavy Blade"],"picked":"Dual Wield","floor":4},{"not_picked":["infinitespire:Menacing","infinitespire:Gouge"],"picked":"ReplayTheSpireMod:Chaos Vortex","floor":5},{"not_picked":["Entrench","Dark Embrace"],"picked":"Thunderclap","floor":6},{"not_picked":["Anger","Perfected Strike"],"picked":"Headbutt","floor":7},{"not_picked":["Abandon","True Grit"],"picked":"Limit Break","floor":13},{"not_picked":["Sever Soul","Massacre"],"picked":"Heavy Blade","floor":14},{"not_picked":["Double Tap","hubris:StunningStrike"],"picked":"Demon Form+1","floor":16},{"not_picked":["Heavy Blade","Perfected Strike"],"picked":"Clash","floor":18},{"not_picked":["StuffTheSpire:Slingshot","ReplayTheSpireMod:Strike From Hell"],"picked":"Armaments+1","floor":20},{"not_picked":["Life Link+1","StuffTheSpire:Incineration"],"picked":"Cleave","floor":21}],"player_experience":299120,"relics_obtained":[{"floor":2,"key":"StuffTheSpire:Experiment12"},{"floor":6,"key":"The Courier"},{"floor":13,"key":"Smiling Mask"}],"event_choices":[],"is_beta":false,"boss_relics":[{"not_picked":["Busted Crown","hubris:CrackedHourglass"],"picked":"Cursed Key"}],"items_purged_floors":[],"is_endless":false,"potions_floor_spawned":[3,7,14],"killed_by":"theJungle:JungleHuntersEncounter","ascension_level":4}}