{"host":"6ko66ogg91i6g7xq","time":1608096980,"event":{"mods":["AchievementEnabler","Act Like it!","BaseMod","Colored Map","Colored Powertips","Downfall","Hermit","Minty Spire (QoL Compilation)","Quick Restart","Relic Stats","StSLib","The Jungle","everything is the same but u backflip on backflip"],"gold_per_floor":[109,109,109,109,125,152,167,167,167,167,185,199,231,245,245,245,245],"floor_reached":16,"playtime":270,"items_purged":[],"score":158,"play_id":"25cd1a45-b9a6-45b9-93cf-3104c3ab4a57","local_time":"20201216003620","is_ascension_mode":true,"campfire_choices":[{"floor":8,"key":"RECALL"},{"data":"1","floor":10,"key":"LIFT"},{"floor":15,"key":"REST"}],"circlet_count":0,"master_deck":["Strike_G","Strike_G","Strike_G","Strike_G","Strike_G","Defend_G","Defend_G","Defend_G","Defend_G","Defend_G","Survivor","Neutralize","Dodge and Roll","Phantasmal Killer","Burst","Cloak And Dagger"],"relics":["Ring of the Snake","NeowsBlessing","Incense Burner","Pen Nib","Girya","Gremlin Horn"],"acts_visited":["Exordium"],"potions_floor_usage":[12,13,13],"damage_taken":[{"damage":0,"enemies":"Small Slimes","floor":1,"turns":1},{"damage":0,"enemies":"2 Louse","floor":5,"turns":1},{"damage":0,"enemies":"3 Sentries","floor":6,"turns":1},{"damage":1,"enemies":"Jaw Worm","floor":7,"turns":5},{"damage":6,"enemies":"2 Fungi Beasts","floor":11,"turns":4},{"damage":0,"enemies":"Exordium Wildlife","floor":12,"turns":2},{"damage":15,"enemies":"Gremlin Nob","floor":13,"turns":4},{"damage":3,"enemies":"Looter","floor":14,"turns":3},{"damage":31,"enemies":"Slime Boss","floor":16,"turns":4}],"seed_played":"-8868383951008931404","potions_obtained":[{"floor":5,"key":"GhostInAJar"},{"floor":7,"key":"Fire Potion"},{"floor":11,"key":"Fire Potion"},{"floor":13,"key":"Swift Potion"}],"is_trial":false,"path_per_floor":["M","?","?","$","M","E","M","R","T","R","M","M","E","M","R","B"],"character_chosen":"THE_SILENT","items_purchased":[],"campfire_rested":1,"item_purchase_floors":[],"current_hp_per_floor":[70,70,52,52,52,52,51,51,51,51,45,45,30,27,48,17,17],"gold":245,"neow_bonus":"THREE_ENEMY_KILL","is_daily":false,"chose_seed":false,"campfire_upgraded":0,"win_rate":0.0,"timestamp":1608096980,"path_taken":["M","?","?","$","M","E","M","R","T","R","M","M","E","M","R","BOSS"],"items_purchased_type":[],"build_version":"2020-12-13","purchased_purges":0,"victory":false,"max_hp_per_floor":[70,70,70,70,70,70,70,70,70,70,70,70,70,70,70,70,70],"relic_stats":{"Gremlin Horn":[0,0],"counters":[9,25],"Pen Nib":[4],"obtain_stats":[{"Girya":9,"NeowsBlessing":0,"Gremlin Horn":13,"Pen Nib":6,"Incense Burner":3,"Ring of the Snake":0},{"Girya":4,"NeowsBlessing":0,"Gremlin Horn":7,"Pen Nib":3,"Incense Burner":1,"Ring of the Snake":0},{"Girya":8,"NeowsBlessing":0,"Gremlin Horn":18,"Pen Nib":3,"Incense Burner":1,"Ring of the Snake":0}],"Ring of the Snake":[18]},"card_choices":[{"not_picked":["Dagger Throw","Reflex","Quick Slash"],"picked":"SKIP","floor":1},{"not_picked":["Quick Slash","Bane"],"picked":"Dodge and Roll","floor":5},{"not_picked":["Quick Slash","Wraith Form v2","Dagger Throw"],"picked":"SKIP","floor":6},{"not_picked":["Acrobatics","Distraction","Prepared"],"picked":"SKIP","floor":7},{"not_picked":["Deflect","Sucker Punch"],"picked":"Phantasmal Killer","floor":11},{"not_picked":["Concentrate","Underhanded Strike","Deflect"],"picked":"SKIP","floor":12},{"not_picked":["Well Laid Plans","Riddle With Holes"],"picked":"Burst","floor":13},{"not_picked":["Dagger Throw","Bane"],"picked":"Cloak And Dagger","floor":14}],"player_experience":275797,"relics_obtained":[{"floor":6,"key":"Pen Nib"},{"floor":9,"key":"Girya"},{"floor":13,"key":"Gremlin Horn"}],"event_choices":[{"damage_healed":0,"gold_gain":0,"player_choice":"Leave","damage_taken":0,"max_hp_gain":0,"max_hp_loss":0,"event_name":"The Cleric","floor":2,"gold_loss":0},{"damage_healed":0,"gold_gain":0,"player_choice":"Success","damage_taken":18,"relics_obtained":["Incense Burner"],"max_hp_gain":0,"max_hp_loss":0,"event_name":"Scrap Ooze","floor":3,"gold_loss":0}],"is_beta":false,"boss_relics":[],"items_purged_floors":[],"is_endless":false,"potions_floor_spawned":[5,7,11,13],"killed_by":"Slime Boss","ascension_level":3}}