{"host":"2yqfi47fogfu1ic4","time":1608132834,"event":{"mods":["AchievementEnabler","BaseMod","Colored Map","Colored Powertips","Highlight Path","Minty Spire (QoL Compilation)","Permanent Neow","Relic Stats","StSLib"],"gold_per_floor":[364,41,54,54,68,94,105,105,129,148,148,178,195,223,223,297,297,310,310,326,326,9,39,58,58,58,81,81,92,92,106,106,178,178,190,190,190,190,24,24,24,57,57,75,108,108,108,108],"floor_reached":47,"playtime":4282,"items_purged":["Decay","Strike_G+1"],"score":1117,"play_id":"cdc78bb6-ea86-49a3-95a3-3ca6c9cdd729","local_time":"20201216163354","is_ascension_mode":true,"campfire_choices":[{"floor":8.0,"key":"REST"},{"floor":11.0,"key":"REST"},{"data":"Footwork","floor":15.0,"key":"SMITH"},{"floor":25.0,"key":"REST"},{"data":"Catalyst","floor":30.0,"key":"SMITH"},{"floor":32.0,"key":"REST"},{"floor":40,"key":"RECALL"}],"circlet_count":0,"master_deck":["AscendersBane","Strike_G+1","Strike_G+1","Strike_G+1","Strike_G+1","Defend_G+1","Defend_G+1","Defend_G+1","Defend_G+1","Defend_G+1","Survivor","Neutralize","Backstab","Die Die Die","PiercingWail","Backflip","Dagger Throw","Dagger Throw","Backflip","Dagger Spray","Footwork+1","Malaise","Catalyst+1","Deflect","Envenom","Backflip","Bouncing Flask","Masterful Stab+1","PiercingWail","Concentrate+1","Deadly Poison","Glass Knife","Crippling Poison","Apotheosis","Well Laid Plans","Leg Sweep","Footwork","Bouncing Flask","Deflect"],"relics":["Ring of the Snake","Akabeko","Orichalcum","Centennial Puzzle","Turnip","Darkstone Periapt","SlaversCollar","Anchor","Mercury Hourglass","Ninja Scroll","Blood Vial","Gremlin Horn","Fusion Hammer","StrikeDummy","White Beast Statue"],"acts_visited":["Exordium","TheCity","TheBeyond"],"potions_floor_usage":[42,42],"damage_taken":[{"damage":12.0,"enemies":"Small Slimes","floor":1.0,"turns":7.0},{"damage":0.0,"enemies":"2 Louse","floor":3.0,"turns":2.0},{"damage":1.0,"enemies":"Jaw Worm","floor":5.0,"turns":3.0},{"damage":26.0,"enemies":"Gremlin Nob","floor":6.0,"turns":4.0},{"damage":0.0,"enemies":"Gremlin Gang","floor":7.0,"turns":7.0},{"damage":0.0,"enemies":"Red Slaver","floor":10.0,"turns":3.0},{"damage":3.0,"enemies":"3 Sentries","floor":12.0,"turns":4.0},{"damage":2.0,"enemies":"Exordium Wildlife","floor":13.0,"turns":5.0},{"damage":9.0,"enemies":"Lagavulin","floor":14.0,"turns":9.0},{"damage":6.0,"enemies":"The Guardian","floor":16.0,"turns":19.0},{"damage":28.0,"enemies":"Spheric Guardian","floor":18.0,"turns":10.0},{"damage":5.0,"enemies":"2 Thieves","floor":20.0,"turns":3.0},{"damage":19.0,"enemies":"Gremlin Leader","floor":23.0,"turns":10.0},{"damage":2.0,"enemies":"Snecko","floor":24.0,"turns":4.0},{"damage":0.0,"enemies":"Shelled Parasite and Fungi","floor":29.0,"turns":7.0},{"damage":0.0,"enemies":"Centurion and Healer","floor":31.0,"turns":4.0},{"damage":33,"enemies":"Champ","floor":33,"turns":11},{"damage":0,"enemies":"3 Darklings","floor":35,"turns":4},{"damage":32,"enemies":"Giant Head","floor":42,"turns":8},{"damage":0,"enemies":"3 Shapes","floor":44,"turns":3},{"damage":14,"enemies":"Reptomancer","floor":45,"turns":5},{"damage":21,"enemies":"Spire Growth","floor":47,"turns":4}],"seed_played":"-7609614525922471494","potions_obtained":[{"floor":1.0,"key":"Dexterity Potion"},{"floor":3.0,"key":"Swift Potion"},{"floor":10.0,"key":"Dexterity Potion"},{"floor":14.0,"key":"Poison Potion"},{"floor":24.0,"key":"SpeedPotion"},{"floor":29.0,"key":"SpeedPotion"},{"floor":31.0,"key":"Poison Potion"},{"floor":35,"key":"Block Potion"},{"floor":41,"key":"Weak Potion"}],"is_trial":false,"path_per_floor":["M","$","M","?","M","E","M","R","T","M","R","E","M","E","R","B",null,"M","?","M","?","$","E","M","R","T","T","T","M","R","M","R","B",null,"M","?","?","?","$","R","?","E","T","M","E","?","M"],"character_chosen":"THE_SILENT","items_purchased":["Die Die Die","PiercingWail","Backflip","Anchor","PiercingWail","Well Laid Plans","Leg Sweep"],"campfire_rested":4,"item_purchase_floors":[2,2,2,22,22,39,39],"current_hp_per_floor":[47,47,47,42,41,15,15,34,34,34,53,50,48,39,39,33,58,30,30,25,25,25,6,4,23,23,23,23,25,25,27,46,15,53,55,55,55,55,55,55,55,25,25,27,15,15,0,0],"gold":108,"neow_bonus":"TWO_FIFTY_GOLD","is_daily":false,"chose_seed":false,"campfire_upgraded":2,"win_rate":0.0,"timestamp":1608132834,"path_taken":["M","$","M","?","M","E","M","R","T","M","R","E","M","E","R","BOSS","M","?","M","?","?","E","?","R","T","?","?","M","R","M","R","BOSS","M","?","?","?","$","R","?","E","T","?","E","?","M"],"items_purchased_type":["Card","Card","Card","Relic","Card","Card","Card"],"build_version":"2020-12-13","purchased_purges":2,"victory":false,"max_hp_per_floor":[66,66,66,66,66,66,66,66,66,66,66,66,66,66,66,66,66,66,66,66,66,66,66,66,66,66,66,66,66,66,66,66,66,66,66,66,66,66,66,66,66,66,66,66,66,66,66,66],"relic_stats":{"Darkstone Periapt":0,"Blood Vial":16,"Centennial Puzzle":[36],"Gremlin Horn":[14,14],"counters":[22,135],"Turnip":[13],"Orichalcum":[204],"obtain_stats":[{"Darkstone Periapt":14,"Gremlin Horn":28,"Orichalcum":6,"Akabeko":4,"White Beast Statue":45,"Mercury Hourglass":23,"Blood Vial":27,"SlaversCollar":17,"Centennial Puzzle":9,"Anchor":22,"Ninja Scroll":26,"Turnip":12,"Fusion Hammer":34,"StrikeDummy":42,"Ring of the Snake":0},{"Darkstone Periapt":9,"Gremlin Horn":14,"Orichalcum":4,"Akabeko":2,"White Beast Statue":21,"Mercury Hourglass":13,"Blood Vial":14,"SlaversCollar":10,"Centennial Puzzle":5,"Anchor":12,"Ninja Scroll":14,"Turnip":7,"Fusion Hammer":17,"StrikeDummy":19,"Ring of the Snake":0},{"Darkstone Periapt":44,"Gremlin Horn":89,"Orichalcum":16,"Akabeko":9,"White Beast Statue":131,"Mercury Hourglass":86,"Blood Vial":89,"SlaversCollar":63,"Centennial Puzzle":23,"Anchor":76,"Ninja Scroll":89,"Turnip":30,"Fusion Hammer":111,"StrikeDummy":123,"Ring of the Snake":0}],"Ring of the Snake":[44],"Mercury Hourglass":[184]},"card_choices":[{"not_picked":["Expertise","Catalyst"],"picked":"Backstab","floor":1.0},{"not_picked":["Slice","Prepared"],"picked":"Dagger Throw","floor":3.0},{"not_picked":["Quick Slash","Prepared"],"picked":"Dagger Throw","floor":5.0},{"not_picked":["Skewer","Prepared"],"picked":"Backflip","floor":6.0},{"not_picked":["Poisoned Stab","Caltrops"],"picked":"Dagger Spray","floor":7.0},{"not_picked":["Cloak And Dagger","Flechettes"],"picked":"Footwork","floor":10.0},{"not_picked":["Crippling Poison","Sucker Punch"],"picked":"Malaise","floor":12.0},{"not_picked":["Slice","Endless Agony"],"picked":"Catalyst","floor":13.0},{"not_picked":["Sucker Punch","Acrobatics"],"picked":"Deflect","floor":14.0},{"not_picked":["Tools of the Trade","A Thousand Cuts"],"picked":"Envenom","floor":16.0},{"not_picked":["Masterful Stab","Bane"],"picked":"Backflip","floor":18.0},{"not_picked":["Slice","Quick Slash"],"picked":"Masterful Stab+1","floor":20.0},{"not_picked":["Acrobatics","Dagger Throw","Bane"],"picked":"SKIP","floor":23.0},{"not_picked":["Underhanded Strike+1","Poisoned Stab"],"picked":"Concentrate+1","floor":24.0},{"not_picked":["Masterful Stab","Slice"],"picked":"Deadly Poison","floor":29.0},{"not_picked":["Dodge and Roll","Dagger Throw","Flying Knee"],"picked":"SKIP","floor":31.0},{"not_picked":["Unload","Grand Finale"],"picked":"Glass Knife","floor":33},{"not_picked":["Dagger Spray","Prepared"],"picked":"Crippling Poison","floor":35},{"not_picked":["Discovery","Enlightenment"],"picked":"Apotheosis","floor":36},{"not_picked":["Deflect","Cloak And Dagger"],"picked":"Footwork","floor":42},{"not_picked":["Blade Dance","Quick Slash+1"],"picked":"Bouncing Flask","floor":44},{"not_picked":["Crippling Poison","Blade Dance"],"picked":"Deflect","floor":45}],"player_experience":1784316,"relics_obtained":[{"floor":6.0,"key":"Orichalcum"},{"floor":9.0,"key":"Centennial Puzzle"},{"floor":12.0,"key":"Turnip"},{"floor":14.0,"key":"Darkstone Periapt"},{"floor":23.0,"key":"Mercury Hourglass"},{"floor":26.0,"key":"Ninja Scroll"},{"floor":27.0,"key":"Blood Vial"},{"floor":28.0,"key":"Gremlin Horn"},{"floor":42,"key":"StrikeDummy"},{"floor":45,"key":"White Beast Statue"}],"event_choices":[{"damage_healed":0.0,"max_hp_gain":0.0,"max_hp_loss":0.0,"gold_gain":0.0,"event_name":"Scrap Ooze","player_choice":"Success","floor":4.0,"gold_loss":0.0,"damage_taken":5.0,"relics_obtained":["Akabeko"]},{"damage_healed":0.0,"max_hp_gain":0.0,"max_hp_loss":0.0,"gold_gain":0.0,"event_name":"The Library","player_choice":"Read","floor":19.0,"gold_loss":0.0,"damage_taken":0.0,"cards_obtained":["Bouncing Flask"]},{"damage_healed":0.0,"max_hp_gain":0.0,"max_hp_loss":0.0,"gold_gain":0.0,"event_name":"Back to Basics","player_choice":"Simplicity","floor":21.0,"gold_loss":0.0,"damage_taken":0.0,"cards_upgraded":["Strike_G","Strike_G","Strike_G","Strike_G","Strike_G","Defend_G","Defend_G","Defend_G","Defend_G","Defend_G"]},{"damage_healed":0,"gold_gain":0,"player_choice":"Memory 1","damage_taken":0,"max_hp_gain":0,"max_hp_loss":0,"event_name":"SensoryStone","floor":36,"gold_loss":0},{"damage_healed":0,"gold_gain":0,"player_choice":"Ignored","damage_taken":0,"max_hp_gain":0,"max_hp_loss":0,"event_name":"Tomb of Lord Red Mask","floor":37,"gold_loss":0},{"damage_healed":0,"gold_gain":0,"player_choice":"Ignored","damage_taken":0,"max_hp_gain":0,"max_hp_loss":0,"event_name":"Mysterious Sphere","floor":38,"gold_loss":0},{"damage_healed":0,"gold_gain":0,"player_choice":"Got Potions","damage_taken":0,"max_hp_gain":0,"max_hp_loss":0,"event_name":"Lab","floor":41,"gold_loss":0},{"damage_healed":0,"gold_gain":0,"player_choice":"Ignored","damage_taken":0,"max_hp_gain":0,"max_hp_loss":0,"event_name":"SecretPortal","floor":46,"gold_loss":0}],"is_beta":false,"boss_relics":[{"not_picked":["Busted Crown","Astrolabe"],"picked":"SlaversCollar"},{"not_picked":["SacredBark","Snecko Eye"],"picked":"Fusion Hammer"}],"items_purged_floors":[2,22],"is_endless":false,"potions_floor_spawned":[1,3,10,14,16,24,29,31,35],"killed_by":"Spire Growth","ascension_level":20}}