{"host":"hvwa7s69zr612rn1","time":1608106744,"event":{"mods":["BaseMod","Colored Map","Colored Powertips","Koishi","Minty Spire (QoL Compilation)","StSLib"],"gold_per_floor":[119,131,206,219,294,294,304,56,56,67,129,129,149,166,166,261,261,271,271,271],"floor_reached":19,"playtime":1047,"items_purged":["Koishi:BasicStrike"],"score":161,"play_id":"1cec3903-733e-47ba-9c01-cf8721019598","local_time":"20201216191904","is_ascension_mode":false,"campfire_choices":[{"data":"Koishi:UnconsciousUrges","floor":6,"key":"SMITH"},{"data":"Koishi:TerrifyingSpectre","floor":12,"key":"SMITH"},{"data":"Koishi:SubterraneanRose","floor":15,"key":"SMITH"}],"circlet_count":0,"master_deck":["Koishi:BasicStrike","Koishi:BasicStrike","Koishi:BasicDefend","Koishi:BasicDefend","Koishi:BasicDefend","Koishi:BasicDefend","Koishi:Provoke","Koishi:HauntingSlash","Koishi:UnconsciousUrges+1","Koishi:SubterraneanRose+1","Koishi:TerrifyingSpectre+1","Koishi:DreadfulBlow","Koishi:RacingHeart","Koishi:ConfinedInnocent","Koishi:UnconsciousUrges","Koishi:Heartbroken","Koishi:Whimsy"],"relics":["Koishi:ImaginaryFriend","Bronze Scales","Bottled Flame","Black Star"],"acts_visited":["Exordium","TheCity"],"potions_floor_usage":[11,16,16,19],"damage_taken":[{"damage":4,"enemies":"Cultist","floor":1,"turns":6},{"damage":1,"enemies":"Jaw Worm","floor":2,"turns":5},{"damage":0,"enemies":"Small Slimes","floor":4,"turns":5},{"damage":0,"enemies":"Blue Slaver","floor":7,"turns":5},{"damage":3,"enemies":"Looter","floor":10,"turns":4},{"damage":1,"enemies":"Gremlin Nob","floor":11,"turns":5},{"damage":5,"enemies":"2 Fungi Beasts","floor":13,"turns":4},{"damage":8,"enemies":"Lots of Slimes","floor":14,"turns":4},{"damage":33,"enemies":"The Guardian","floor":16,"turns":13},{"damage":9,"enemies":"3 Byrds","floor":18,"turns":2},{"damage":61,"enemies":"Masked Bandits","floor":19,"turns":3}],"seed_played":"-8623185919679701140","potions_obtained":[{"floor":2,"key":"Energy Potion"},{"floor":10,"key":"DistilledChaos"},{"floor":11,"key":"SteroidPotion"},{"floor":14,"key":"DistilledChaos"},{"floor":16,"key":"Swift Potion"},{"floor":18,"key":"Swift Potion"}],"is_trial":false,"path_per_floor":["M","M","?","M","?","R","M","$","T","M","?","R","M","M","R","B",null,"M","?"],"character_chosen":"KOISHI","items_purchased":["Koishi:TerrifyingSpectre","Koishi:DreadfulBlow"],"campfire_rested":0,"item_purchase_floors":[8,8],"current_hp_per_floor":[58,60,49,51,45,45,47,47,47,46,53,53,52,46,46,32,60,52,0,0],"gold":271,"neow_bonus":"REMOVE_CARD","is_daily":false,"chose_seed":false,"campfire_upgraded":3,"win_rate":0.0,"timestamp":1608106744,"path_taken":["M","M","?","M","?","R","?","$","T","M","?","R","M","M","R","BOSS","M","?"],"items_purchased_type":["Card","Card"],"build_version":"2020-12-13","purchased_purges":1,"victory":false,"max_hp_per_floor":[60,60,60,60,60,60,60,60,60,60,60,60,60,60,60,60,60,60,60,60],"card_choices":[{"not_picked":["Koishi:CatchAndRose","Koishi:FleetingPhantom","Koishi:PhilosophyOfTheDespised"],"picked":"SKIP","floor":1},{"not_picked":["Koishi:StrangeCloudFist","Koishi:LastRemote"],"picked":"Koishi:UnconsciousUrges","floor":2},{"not_picked":["Koishi:Catatonia","Koishi:ReflexRadar"],"picked":"Koishi:SubterraneanRose","floor":4},{"not_picked":["Koishi:Catatonia","Koishi:UnconsciousUprising","Koishi:PhantomStrike"],"picked":"SKIP","floor":7},{"not_picked":["Koishi:Possession","Koishi:CatchAndRose"],"picked":"Koishi:RacingHeart","floor":10},{"not_picked":["Koishi:FreudianInstinct","Koishi:Jaunt"],"picked":"Koishi:ConfinedInnocent","floor":11},{"not_picked":["Koishi:FleetingPhantom","Koishi:Bloodlust","Koishi:EmbryosDream"],"picked":"SKIP","floor":13},{"not_picked":["Koishi:RacingHeart","Koishi:FidgetySnatcher"],"picked":"Koishi:UnconsciousUrges","floor":14},{"not_picked":["Koishi:Ego","Koishi:RuptureMind"],"picked":"Koishi:Heartbroken","floor":16},{"not_picked":["Koishi:YoukaiPolygraph","Koishi:Jaunt"],"picked":"Koishi:Whimsy","floor":18}],"player_experience":314469,"relics_obtained":[{"floor":9,"key":"Bronze Scales"},{"floor":11,"key":"Bottled Flame"}],"event_choices":[{"damage_healed":0,"gold_gain":75,"player_choice":"Gather Gold","damage_taken":11,"max_hp_gain":0,"max_hp_loss":0,"event_name":"World of Goop","floor":3,"gold_loss":0},{"damage_healed":0,"gold_gain":75,"player_choice":"Touch","damage_taken":6,"max_hp_gain":0,"max_hp_loss":0,"event_name":"FaceTrader","floor":5,"gold_loss":0},{"damage_healed":0,"gold_gain":0,"player_choice":"Searched \u00272\u0027 times","damage_taken":0,"max_hp_gain":0,"max_hp_loss":0,"event_name":"Dead Adventurer","floor":11,"gold_loss":0},{"damage_healed":0,"gold_gain":0,"player_choice":"Fought Bandits","damage_taken":0,"max_hp_gain":0,"max_hp_loss":0,"event_name":"Masked Bandits","floor":19,"gold_loss":0}],"is_beta":false,"boss_relics":[{"not_picked":["Koishi:ColorfulDays","Ectoplasm"],"picked":"Black Star"}],"items_purged_floors":[8],"is_endless":false,"potions_floor_spawned":[2,10,11,14,16,18],"killed_by":"Masked Bandits","ascension_level":0}}