{"host":"ry4759h6xtufhiz6","time":1608111610,"event":{"mods":["BaseMod","Colored Powertips","DeckTracker","Minty Spire (QoL Compilation)","StSLib","SuperFastMode"],"gold_per_floor":[117,137,147,147,157,157,168,168,218,228,306,306,317,337,337,434,434,447,447,447],"floor_reached":19,"playtime":528,"items_purged":[],"score":163,"play_id":"b51fb458-3f22-4da2-b898-5d4f78f37194","local_time":"20201216184010","is_ascension_mode":false,"campfire_choices":[{"data":"Inflame","floor":6.0,"key":"SMITH"},{"data":"Rage","floor":8.0,"key":"SMITH"},{"data":"Disarm","floor":15.0,"key":"SMITH"}],"circlet_count":0,"master_deck":["Bash","Impervious","Clash","Rage+1","Inflame+1","Flex","Disarm+1","Barricade","Sever Soul","Rage","Reaper","Thunderclap","Sword Boomerang","Dark Embrace","Reckless Charge","Dropkick","Exhume","Clash"],"relics":["Burning Blood","Pandora\u0027s Box"],"acts_visited":["TheCity"],"potions_floor_usage":[],"damage_taken":[{"damage":3.0,"enemies":"Small Slimes","floor":1.0,"turns":3.0},{"damage":6.0,"enemies":"Cultist","floor":2.0,"turns":3.0},{"damage":2.0,"enemies":"Jaw Worm","floor":3.0,"turns":3.0},{"damage":4.0,"enemies":"Looter","floor":5.0,"turns":4.0},{"damage":9.0,"enemies":"Exordium Wildlife","floor":7.0,"turns":5.0},{"damage":0.0,"enemies":"Large Slime","floor":10.0,"turns":6.0},{"damage":8.0,"enemies":"Lots of Slimes","floor":13.0,"turns":6.0},{"damage":0.0,"enemies":"2 Fungi Beasts","floor":14.0,"turns":3.0},{"damage":35.0,"enemies":"The Guardian","floor":16.0,"turns":13.0},{"damage":17.0,"enemies":"2 Thieves","floor":18.0,"turns":5.0}],"seed_played":"-2014181037040749093","potions_obtained":[{"floor":2.0,"key":"BloodPotion"},{"floor":3.0,"key":"GamblersBrew"},{"floor":5.0,"key":"ElixirPotion"},{"floor":12.0,"key":"LiquidBronze"},{"floor":13.0,"key":"EntropicBrew"}],"is_trial":false,"path_per_floor":["M","M","M","?","M","R","M","R","T","M","?","?","M","M","R","B",null,"M","$"],"character_chosen":"IRONCLAD","items_purchased":[],"campfire_rested":0,"item_purchase_floors":[],"current_hp_per_floor":[59,59,63,68,70,70,67,67,67,73,73,85,83,85,85,56,85,74,74,74],"gold":447,"neow_bonus":"THREE_RARE_CARDS","is_daily":false,"chose_seed":false,"campfire_upgraded":3,"win_rate":0.0,"timestamp":1608111610,"path_taken":["M","M","M","?","M","R","M","R","T","M","?","?","M","?","R","BOSS","M","$"],"items_purchased_type":[],"build_version":"2020-12-13","purchased_purges":0,"victory":false,"max_hp_per_floor":[80,80,80,85,85,85,85,85,85,85,85,85,85,85,85,85,85,85,85,85],"card_choices":[{"not_picked":["Exhume","Berserk"],"picked":"Impervious","floor":0.0},{"not_picked":["Sever Soul","Thunderclap"],"picked":"Clash","floor":1.0},{"not_picked":["Clothesline","Power Through"],"picked":"Rage","floor":2.0},{"not_picked":["Flame Barrier","Combust"],"picked":"Inflame","floor":3.0},{"not_picked":["Iron Wave","Warcry","Intimidate"],"picked":"SKIP","floor":5.0},{"not_picked":["Iron Wave","Warcry","Intimidate"],"picked":"SKIP","floor":5.0},{"not_picked":["Twin Strike","True Grit","Ghostly Armor"],"picked":"SKIP","floor":7.0},{"not_picked":["Sentinel","Power Through","Cleave"],"picked":"SKIP","floor":10.0},{"not_picked":["Twin Strike","Clothesline"],"picked":"Flex","floor":13.0},{"not_picked":["Warcry","Bloodletting"],"picked":"Disarm","floor":14.0},{"not_picked":["Brutality","Juggernaut"],"picked":"Barricade","floor":16.0},{"not_picked":["Perfected Strike","True Grit"],"picked":"Clash","floor":18.0}],"player_experience":961466,"relics_obtained":[],"event_choices":[{"damage_healed":0.0,"max_hp_gain":5.0,"max_hp_loss":0.0,"gold_gain":0.0,"event_name":"Big Fish","player_choice":"Donut","floor":4.0,"gold_loss":0.0,"damage_taken":0.0},{"damage_healed":0.0,"max_hp_gain":0.0,"max_hp_loss":0.0,"gold_gain":78.0,"event_name":"Golden Wing","player_choice":"Gained Gold","floor":11.0,"gold_loss":0.0,"damage_taken":0.0},{"damage_healed":0.0,"max_hp_gain":0.0,"max_hp_loss":0.0,"gold_gain":0.0,"event_name":"Lab","player_choice":"Got Potions","floor":12.0,"gold_loss":0.0,"damage_taken":0.0}],"is_beta":false,"boss_relics":[{"not_picked":["Black Blood","Tiny House"],"picked":"Pandora\u0027s Box"}],"items_purged_floors":[],"is_endless":false,"potions_floor_spawned":[2,3,5,13,14],"ascension_level":0}}