{"host":"p084pgp93u1tv48k","time":1608157784,"event":{"mods":["AchievementEnabler","BaseMod","Bestiary","Colored Map","Hermit","Minty Spire (QoL Compilation)","Quick Restart","StSLib"],"gold_per_floor":[117,136,149,166,182,182,210,210,257,268,294,143,156,156,156,284,284,305,49,148,148,166,166,182,182,182,206,206,206,221,221,221],"floor_reached":31,"playtime":1263,"items_purged":["hermit:Snapshot","hermit:Covet"],"score":249,"play_id":"343cbbc4-9576-4f25-b02c-36175a55c182","local_time":"20201216175944","is_ascension_mode":false,"campfire_choices":[{"data":"hermit:Brawl","floor":6,"key":"SMITH"},{"floor":8,"key":"REST"},{"floor":15,"key":"REST"},{"data":"hermit:Determination","floor":23,"key":"SMITH"},{"data":"hermit:Brawl","floor":25,"key":"SMITH"},{"floor":28,"key":"REST"}],"circlet_count":0,"master_deck":["hermit:Strike_Hermit","hermit:Strike_Hermit","hermit:Strike_Hermit","hermit:Strike_Hermit","hermit:Defend_Hermit","hermit:Defend_Hermit","hermit:Defend_Hermit","hermit:Defend_Hermit","hermit:Coalescence","hermit:Brawl+1","hermit:Snipe","hermit:LoneWolf","hermit:Determination+1","hermit:HeroicBravado","hermit:Brawl+1","hermit:LowProfile","hermit:Desperado+1"],"relics":["Velvet Choker","Molten Egg 2","Omamori","InkBottle","Golden Idol","Philosopher\u0027s Stone","Bag of Preparation","Vajra"],"acts_visited":["Exordium","TheCity"],"potions_floor_usage":[10,11,13,16,16,24,27,30],"damage_taken":[{"damage":0,"enemies":"2 Louse","floor":1,"turns":3},{"damage":0,"enemies":"Small Slimes","floor":2,"turns":3},{"damage":0,"enemies":"Cultist","floor":3,"turns":4},{"damage":2,"enemies":"Looter","floor":4,"turns":3},{"damage":9,"enemies":"Exordium Thugs","floor":5,"turns":5},{"damage":48,"enemies":"3 Sentries","floor":7,"turns":9},{"damage":8,"enemies":"Large Slime","floor":10,"turns":5},{"damage":18,"enemies":"Gremlin Nob","floor":11,"turns":4},{"damage":10,"enemies":"Exordium Wildlife","floor":13,"turns":6},{"damage":16,"enemies":"The Guardian","floor":16,"turns":8},{"damage":6,"enemies":"Shell Parasite","floor":18,"turns":8},{"damage":16,"enemies":"Chosen","floor":22,"turns":8},{"damage":28,"enemies":"Shelled Parasite and Fungi","floor":24,"turns":6},{"damage":8,"enemies":"Centurion and Healer","floor":27,"turns":5},{"damage":10,"enemies":"Snake Plant","floor":30,"turns":5},{"damage":38,"enemies":"Slavers","floor":31,"turns":2}],"seed_played":"8241420748109843891","potions_obtained":[{"floor":1,"key":"Explosive Potion"},{"floor":7,"key":"ColorlessPotion"},{"floor":10,"key":"BlessingOfTheForge"},{"floor":11,"key":"FearPotion"},{"floor":13,"key":"AttackPotion"},{"floor":16,"key":"PowerPotion"},{"floor":18,"key":"EssenceOfSteel"},{"floor":22,"key":"Fire Potion"},{"floor":27,"key":"Fruit Juice"}],"is_trial":false,"path_per_floor":["M","M","M","M","M","R","E","R","T","M","E","$","M","?","R","B",null,"M","$","?","?","M","R","M","R","T","M","R","?","M","E"],"character_chosen":"HERMIT","items_purchased":["hermit:Determination","Bag of Preparation"],"campfire_rested":3,"item_purchase_floors":[12,19],"current_hp_per_floor":[75,75,75,73,64,64,16,38,38,30,12,12,2,2,24,8,75,69,69,69,69,53,53,25,25,25,22,46,46,36,0,0],"gold":221,"neow_bonus":"BOSS_RELIC","is_daily":false,"chose_seed":false,"campfire_upgraded":3,"win_rate":0.0,"timestamp":1608157784,"path_taken":["M","M","M","M","M","R","E","R","T","M","E","$","M","?","R","BOSS","M","$","?","?","M","R","M","R","T","?","R","?","M","E"],"items_purchased_type":["Card","Relic"],"build_version":"2020-12-13","purchased_purges":2,"victory":false,"max_hp_per_floor":[75,75,75,75,75,75,75,75,75,75,75,75,75,75,75,75,75,75,75,75,75,75,75,75,75,75,80,80,80,80,80,80],"card_choices":[{"not_picked":["hermit:ItchyTrigger","hermit:NoHoldsBarred","hermit:Headshot"],"picked":"SKIP","floor":1},{"not_picked":["hermit:EyeOfTheStorm","hermit:Virtue"],"picked":"hermit:Coalescence","floor":2},{"not_picked":["hermit:TrackingShot","hermit:Spite","hermit:Vantage"],"picked":"SKIP","floor":3},{"not_picked":["hermit:Horror","hermit:Combo"],"picked":"hermit:Brawl","floor":4},{"not_picked":["hermit:Vantage","hermit:WideOpen"],"picked":"hermit:Snipe","floor":5},{"not_picked":["hermit:FatalDesire","hermit:Cheat","hermit:DeadMansHand"],"picked":"SKIP","floor":7},{"not_picked":["hermit:CalledShot+1","hermit:Coalescence","hermit:Feint"],"picked":"SKIP","floor":10},{"not_picked":["hermit:Combo","hermit:FlashPowder"],"picked":"hermit:LoneWolf","floor":11},{"not_picked":["hermit:Deadeye+1","hermit:Combo","hermit:Snipe"],"picked":"SKIP","floor":13},{"not_picked":["hermit:HighNoon","hermit:Reprieve"],"picked":"hermit:HeroicBravado","floor":16},{"not_picked":["hermit:WideOpen+1","hermit:EyeOfTheStorm","hermit:Horror"],"picked":"SKIP","floor":18},{"not_picked":["hermit:TakeCover","hermit:Cheat","hermit:Roulette+1"],"picked":"SKIP","floor":22},{"not_picked":["hermit:Midnight","hermit:Snipe"],"picked":"hermit:Brawl","floor":24},{"not_picked":["hermit:DeadMansHand","hermit:Deadeye+1"],"picked":"hermit:LowProfile","floor":27},{"not_picked":["hermit:Vantage","hermit:Ricochet+1"],"picked":"hermit:Desperado+1","floor":30}],"player_experience":144661,"relics_obtained":[{"floor":7,"key":"Molten Egg 2"},{"floor":9,"key":"Omamori"},{"floor":11,"key":"InkBottle"}],"event_choices":[{"damage_healed":0,"gold_gain":0,"player_choice":"Take Wound","damage_taken":0,"relics_obtained":["Golden Idol"],"max_hp_gain":0,"max_hp_loss":0,"event_name":"Golden Idol","floor":14,"gold_loss":0,"cards_obtained":["Injury"]},{"damage_healed":0,"gold_gain":99,"player_choice":"Stole From Cult","damage_taken":0,"max_hp_gain":0,"max_hp_loss":0,"event_name":"Nest","floor":20,"gold_loss":0},{"damage_healed":0,"gold_gain":0,"player_choice":"Gave Potion","damage_taken":0,"relics_obtained":["Vajra"],"max_hp_gain":0,"max_hp_loss":0,"event_name":"WeMeetAgain","floor":21,"gold_loss":0},{"damage_healed":0,"gold_gain":0,"player_choice":"Leave","damage_taken":0,"max_hp_gain":0,"max_hp_loss":0,"event_name":"FaceTrader","floor":29,"gold_loss":0}],"is_beta":false,"boss_relics":[{"not_picked":["Snecko Eye","hermit:BartenderGlass"],"picked":"Philosopher\u0027s Stone"}],"items_purged_floors":[12,19],"is_endless":false,"potions_floor_spawned":[1,7,10,11,13,16,18,22,27],"killed_by":"Slavers","ascension_level":0}}