{"host":"csaqw07vjsqfysdp","time":1608145910,"event":{"mods":["AchievementEnabler","BaseMod","Colored Powertips","Downfall","Googly Eyes","Minty Spire (QoL Compilation)","Permanent Neow","Quick Restart","StSLib","Unceasing Turn Reminder"],"gold_per_floor":[99,99,99,99,49,49,0,0,0,0,0,0,0,0,0,0,0,0,0,0,0,0,0,0,0,0,0,0],"floor_reached":27,"playtime":785,"items_purged":[],"score":323,"play_id":"a278bd62-71bf-492d-98c5-6e327ca952bb","local_time":"20201216141150","is_ascension_mode":true,"campfire_choices":[{"floor":6,"key":"REST"},{"floor":10,"key":"REST"},{"data":"Rampage","floor":12,"key":"SMITH"},{"data":"True Grit","floor":15,"key":"SMITH"},{"data":"Bash","floor":23,"key":"SMITH"}],"circlet_count":0,"master_deck":["Strike_R","Strike_R","Defend_R","Defend_R","Defend_R","Bash+1","Ghostly Armor","Anger","Rampage+1","Cleave","True Grit+1","Immolate","Berserk+1","Cleave+1","Bloodletting+1"],"relics":["Ectoplasm","Golden Idol","Meat on the Bone","Dead Branch","Ornamental Fan","Astrolabe","Regal Pillow","Shovel"],"acts_visited":["Exordium","TheCity"],"potions_floor_usage":[18,24,27],"damage_taken":[{"damage":0,"enemies":"Small Slimes","floor":1,"turns":3},{"damage":4,"enemies":"2 Louse","floor":2,"turns":3},{"damage":3,"enemies":"Jaw Worm","floor":4,"turns":4},{"damage":40,"enemies":"3 Sentries","floor":8,"turns":9},{"damage":2,"enemies":"3 Louse","floor":11,"turns":3},{"damage":27,"enemies":"Gremlin Nob","floor":13,"turns":4},{"damage":1,"enemies":"Gremlin Gang","floor":14,"turns":4},{"damage":30,"enemies":"The Guardian","floor":16,"turns":11},{"damage":8,"enemies":"Chosen","floor":18,"turns":5},{"damage":20,"enemies":"2 Thieves","floor":22,"turns":4},{"damage":27,"enemies":"Gremlin Leader","floor":24,"turns":6},{"damage":48,"enemies":"Book of Stabbing","floor":27,"turns":5}],"seed_played":"-5484775327372845931","potions_obtained":[{"floor":1,"key":"Regen Potion"},{"floor":11,"key":"Swift Potion"},{"floor":14,"key":"PowerPotion"},{"floor":18,"key":"LiquidBronze"}],"is_trial":false,"path_per_floor":["M","M","?","M","?","R","?","E","T","R","M","R","E","M","R","B",null,"M","?","$","?","M","R","E","T","T","E"],"character_chosen":"IRONCLAD","items_purchased":[],"campfire_rested":2,"item_purchase_floors":[],"current_hp_per_floor":[72,68,48,45,45,69,69,29,29,53,51,51,36,47,47,29,67,59,59,59,59,51,51,48,48,48,0,0],"gold":0,"neow_bonus":"BOSS_RELIC","is_daily":false,"chose_seed":false,"campfire_upgraded":3,"win_rate":0.0,"timestamp":1608145910,"path_taken":["M","M","?","M","?","R","?","E","T","R","M","R","E","M","R","BOSS","M","?","$","?","M","R","E","?","T","E"],"items_purchased_type":[],"build_version":"2020-12-13","purchased_purges":0,"victory":false,"max_hp_per_floor":[80,80,80,80,80,80,80,80,80,80,80,80,80,80,80,80,80,80,80,80,80,80,80,80,80,80,80,80],"card_choices":[{"not_picked":["Havoc","Iron Wave"],"picked":"Ghostly Armor","floor":1},{"not_picked":["Armaments","Hemokinesis"],"picked":"Anger","floor":2},{"not_picked":["Sword Boomerang","Rupture"],"picked":"Rampage","floor":4},{"not_picked":["Dark Embrace","Clash","Limit Break"],"picked":"SKIP","floor":8},{"not_picked":["Anger","Feel No Pain"],"picked":"Cleave","floor":11},{"not_picked":["Clash","Bloodletting"],"picked":"True Grit","floor":13},{"not_picked":["Twin Strike","Flex","Blood for Blood"],"picked":"SKIP","floor":14},{"not_picked":["Offering","Impervious"],"picked":"Immolate","floor":16},{"not_picked":["Twin Strike","Whirlwind","Entrench+1"],"picked":"SKIP","floor":18},{"not_picked":["Sword Boomerang","Iron Wave","Rupture+1"],"picked":"SKIP","floor":22},{"not_picked":["Searing Blow","Armaments","Body Slam"],"picked":"SKIP","floor":24}],"player_experience":379525,"relics_obtained":[{"floor":8,"key":"Meat on the Bone"},{"floor":9,"key":"Dead Branch"},{"floor":13,"key":"Ornamental Fan"},{"floor":24,"key":"Regal Pillow"},{"floor":26,"key":"Shovel"}],"event_choices":[{"damage_healed":0,"gold_gain":0,"player_choice":"Take Damage","damage_taken":20,"relics_obtained":["Golden Idol"],"max_hp_gain":0,"max_hp_loss":0,"event_name":"Golden Idol","floor":3,"gold_loss":0},{"cards_removed":["Strike_R"],"damage_healed":0,"gold_gain":0,"player_choice":"Card Removal","damage_taken":0,"max_hp_gain":0,"max_hp_loss":0,"event_name":"The Cleric","floor":5,"gold_loss":50},{"damage_healed":0,"gold_gain":0,"player_choice":"Left Gold","damage_taken":0,"max_hp_gain":0,"max_hp_loss":0,"event_name":"World of Goop","floor":7,"gold_loss":49},{"damage_healed":0,"gold_gain":0,"player_choice":"Ignored","damage_taken":0,"max_hp_gain":0,"max_hp_loss":0,"event_name":"Vampires","floor":19,"gold_loss":0}],"is_beta":false,"boss_relics":[{"not_picked":["SlaversCollar","Empty Cage"],"picked":"Astrolabe"}],"items_purged_floors":[],"is_endless":false,"potions_floor_spawned":[1,11,14,18],"killed_by":"Book of Stabbing","ascension_level":7}}