{"host":"v9gxvcjie94crmje","time":1608103046,"event":{"mods":["BaseMod","Friendly Minions","Kiyohime（清姬）","Lobotomy","Marisa（F雨　魔理沙）","Minty Spire (QoL Compilation)","Remilia（蕾米莉亚）","Replay The Spire","StSLib","The Animator","The Bug Knight","The Cursed","The Disciple","The Hierophant","The Poker Player","The Servant 0.9.4"],"gold_per_floor":[118,118,138,152,166,200,210,237,264,264,264,289,303,64,64,193,193,207,221,221,237,237,237,270,270,270,288,288,65,84,104,104,224,224,243,243,58,309,309,309],"floor_reached":39,"playtime":2724,"items_purged":["Injury"],"score":535,"play_id":"4d82eb02-7f51-43e5-9c9c-67e78178be25","local_time":"20201216151726","is_ascension_mode":true,"campfire_choices":[{"floor":10.0,"key":"REST"},{"data":"A Thousand Cuts","floor":15.0,"key":"SMITH"},{"floor":23.0,"key":"REST"},{"floor":25.0,"key":"REST"},{"floor":32,"key":"REST"}],"circlet_count":0,"master_deck":["Strike_G","Strike_G","Strike_G","Defend_G","Defend_G","Defend_G","Defend_G","Survivor","Neutralize","Die Die Die","Footwork","A Thousand Cuts+1","Prepared","Blade Dance","Blade Dance","Infinite Blades","Hidden Blade","Accuracy","After Image","ReplayTheSpireMod:The Works+1","Venomology+1","Infinite Blades","Infinite Blades+1","Leg Sweep","Replay:Bag of Tricks","animator:Curse_Dizziness","Voices","ReplayTheSpireMod:IOU","Cloak And Dagger+1","Apotheosis","Prepared+1"],"relics":["Ring of the Snake","Ancient Tea Set","Anchor","Tiny Chest","Golden Idol","PreservedInsect","Astrolabe","Replay:Baseball","Iron Hammer","Torii","Replay:Ancient Bell","Akabeko","Replay:Bottled Steam","Ice Cream"],"acts_visited":["Exordium","TheCity","TheBeyond"],"potions_floor_usage":[31,33,33,39],"damage_taken":[{"damage":0.0,"enemies":"Jaw Worm","floor":1.0,"turns":4.0},{"damage":0.0,"enemies":"Cultist","floor":3.0,"turns":4.0},{"damage":8.0,"enemies":"Small Slimes","floor":4.0,"turns":4.0},{"damage":0.0,"enemies":"2 Fungi Beasts","floor":5.0,"turns":2.0},{"damage":12.0,"enemies":"Gremlin Nob","floor":6.0,"turns":3.0},{"damage":4.0,"enemies":"Looter","floor":7.0,"turns":4.0},{"damage":0.0,"enemies":"Blue Slaver","floor":12.0,"turns":3.0},{"damage":0.0,"enemies":"3 Louse","floor":13.0,"turns":3.0},{"damage":29.0,"enemies":"The Guardian","floor":16.0,"turns":8.0},{"damage":15.0,"enemies":"Shell Parasite","floor":18.0,"turns":4.0},{"damage":30.0,"enemies":"2 Thieves","floor":19.0,"turns":4.0},{"damage":16.0,"enemies":"Centurion and Healer","floor":21.0,"turns":6.0},{"damage":12.0,"enemies":"Gremlin Leader","floor":24.0,"turns":3.0},{"damage":12.0,"enemies":"Snecko","floor":27.0,"turns":4.0},{"damage":1.0,"enemies":"Cultist and Chosen","floor":30.0,"turns":4.0},{"damage":0,"enemies":"Snake Plant","floor":31,"turns":4},{"damage":47,"enemies":"Automaton","floor":33,"turns":7},{"damage":16,"enemies":"Orb Walker","floor":35,"turns":5},{"damage":20,"enemies":"3 Shapes","floor":39,"turns":2}],"seed_played":"8313698439578012653","potions_obtained":[{"floor":1.0,"key":"BlessingOfTheForge"},{"floor":4.0,"key":"SkillPotion"},{"floor":5.0,"key":"Adrenaline Potion"},{"floor":13.0,"key":"CultistPotion"},{"floor":19.0,"key":"Energy Potion"},{"floor":21.0,"key":"Toxic Potion"},{"floor":31,"key":"BlessingOfTheForge"}],"is_trial":false,"path_per_floor":["M","?","M","M","M","E","M","T","T","R","?","M","M","$","R","B",null,"M","M","?","M","?","R","E","R","T","M","T","$","M","M","R","B",null,"M","?","$","?","M"],"character_chosen":"THE_SILENT","items_purchased":["Accuracy","PreservedInsect","Leg Sweep","DistilledChaos","Apotheosis"],"campfire_rested":4,"item_purchase_floors":[14,14,29,29,37],"current_hp_per_floor":[70,70,70,62,62,50,46,46,46,67,67,67,67,67,67,38,62,47,17,17,1,1,22,10,31,31,19,19,19,18,18,39,21,58,42,42,42,14,0,0],"gold":309,"neow_bonus":"ONE_RANDOM_RARE_CARD","is_daily":false,"chose_seed":false,"campfire_upgraded":1,"win_rate":0.0,"timestamp":1608103046,"path_taken":["M","?","M","?","M","E","M","?","T","R","?","M","M","$","R","BOSS","M","M","?","M","?","R","E","R","T","M","?","$","M","M","R","BOSS","M","?","$","?","M"],"items_purchased_type":["Card","Relic","Card","Potion","Card"],"build_version":"2020-12-13","purchased_purges":1,"victory":false,"max_hp_per_floor":[70,70,70,70,70,70,70,70,70,70,70,70,70,70,70,70,70,70,70,70,70,70,70,70,70,70,70,70,70,70,70,70,70,70,70,70,70,70,70,70],"card_choices":[{"not_picked":["Terror","Backstab"],"picked":"Footwork","floor":1.0},{"not_picked":["Flechettes","Sucker Punch"],"picked":"Prepared","floor":3.0},{"not_picked":["Slice","Reflex"],"picked":"Blade Dance","floor":4.0},{"not_picked":["PiercingWail","Flying Knee"],"picked":"Blade Dance","floor":5.0},{"not_picked":["Underhanded Strike","Escape Plan"],"picked":"Infinite Blades","floor":6.0},{"not_picked":["Flying Knee","Setup","Caltrops"],"picked":"SKIP","floor":7.0},{"not_picked":["Bane","Quick Slash"],"picked":"Hidden Blade","floor":12.0},{"not_picked":["Calculated Gamble","Dash","Well Laid Plans"],"picked":"SKIP","floor":13.0},{"not_picked":["Night Terror","Grand Finale"],"picked":"After Image","floor":16.0},{"not_picked":["ReplayTheSpireMod:Exploit Weakness","Poisoned Stab","Outmaneuver"],"picked":"SKIP","floor":18.0},{"not_picked":["Outmaneuver","PiercingWail","Concentrate"],"picked":"SKIP","floor":19.0},{"not_picked":["Calculated Gamble","Dagger Throw"],"picked":"Infinite Blades","floor":21.0},{"not_picked":["Escape Plan","Well Laid Plans+1"],"picked":"Infinite Blades+1","floor":24.0},{"not_picked":["Dagger Spray","Flying Knee+1","Quick Slash"],"picked":"SKIP","floor":27.0},{"not_picked":["Flying Knee","Flechettes","Dagger Throw"],"picked":"SKIP","floor":30.0},{"not_picked":["Poison Darts","Setup","Backflip+1"],"picked":"SKIP","floor":31},{"not_picked":["Grand Finale","Atom Bomb"],"picked":"Replay:Bag of Tricks","floor":33},{"not_picked":["ReplayTheSpireMod:Splinters","Regret"],"picked":"animator:Curse_Dizziness","floor":34},{"not_picked":["Gluttony_TH","ReplayTheSpireMod:Splinters"],"picked":"Voices","floor":34},{"not_picked":["Replay:Hysterical Blindness","AbeCurse"],"picked":"ReplayTheSpireMod:IOU","floor":34},{"not_picked":["Bane+1","Underhanded Strike"],"picked":"Cloak And Dagger+1","floor":35},{"not_picked":["Poisoned Stab","Sucker Punch"],"picked":"Prepared+1","floor":38}],"player_experience":836318,"relics_obtained":[{"floor":6.0,"key":"Ancient Tea Set"},{"floor":8.0,"key":"Anchor"},{"floor":9.0,"key":"Tiny Chest"},{"floor":24.0,"key":"Replay:Baseball"},{"floor":26.0,"key":"Iron Hammer"},{"floor":28.0,"key":"Torii"}],"event_choices":[{"damage_healed":0.0,"max_hp_gain":0.0,"max_hp_loss":0.0,"gold_gain":0.0,"event_name":"Match and Keep!","player_choice":"1 cards matched","floor":2.0,"gold_loss":0.0,"damage_taken":0.0,"cards_obtained":["A Thousand Cuts"]},{"damage_healed":0.0,"max_hp_gain":0.0,"max_hp_loss":0.0,"gold_gain":0.0,"event_name":"Golden Idol","player_choice":"Take Wound","floor":11.0,"gold_loss":0.0,"damage_taken":0.0,"relics_obtained":["Golden Idol"],"cards_obtained":["Injury"]},{"damage_healed":0.0,"max_hp_gain":0.0,"max_hp_loss":0.0,"gold_gain":0.0,"event_name":"Cursed Tome","player_choice":"Ignored","floor":20.0,"gold_loss":0.0,"damage_taken":0.0},{"damage_healed":0.0,"max_hp_gain":0.0,"max_hp_loss":0.0,"gold_gain":0.0,"event_name":"Vampires","player_choice":"Ignored","floor":22.0,"gold_loss":0.0,"damage_taken":0.0},{"cards_removed":["Poison Darts"],"damage_healed":0,"gold_gain":0,"player_choice":"Removed Skill","damage_taken":0,"max_hp_gain":0,"max_hp_loss":0,"event_name":"Falling","floor":36,"gold_loss":0}],"is_beta":false,"boss_relics":[{"not_picked":["Ectoplasm","Sozu"],"picked":"Astrolabe"},{"not_picked":["Ring of Chaos","ChewingGum"],"picked":"Replay:Ancient Bell"},{"not_picked":["Snake Skull","Centennial Puzzle"],"picked":"Akabeko"},{"not_picked":["Paper Crane","Replay:Accelerometer"],"picked":"Replay:Bottled Steam"},{"not_picked":["StoneCalendar","TungstenRod"],"picked":"Ice Cream"}],"items_purged_floors":[29],"is_endless":false,"potions_floor_spawned":[1,4,5,13,19,21,31],"killed_by":"3 Shapes","ascension_level":5}}