{"host":"dvpvhz1t6etneyb3","time":1608084353,"event":{"mods":["AchievementEnabler","BaseMod","Colored Map","Highlight Path","Minty Spire (QoL Compilation)","Permanent Neow","Quick Restart"],"gold_per_floor":[117,117,117,133,146,172,172,205,228,253,14,48,48,65,65,148,148,168,190,211,16,16,16,16,16],"floor_reached":24,"playtime":1013,"items_purged":["Strike_B","Strike_B"],"score":432,"play_id":"bfa5c720-987b-466c-abb1-eb954e50541f","local_time":"20201215210553","is_ascension_mode":true,"campfire_choices":[{"data":"Hologram","floor":7.0,"key":"SMITH"},{"floor":15.0,"key":"REST"},{"data":"Coolheaded","floor":23.0,"key":"SMITH"}],"circlet_count":0,"master_deck":["AscendersBane","Strike_B+1","Strike_B","Defend_B","Defend_B","Defend_B","Defend_B","Zap+1","Dualcast","Gash","Compile Driver","Gash+1","Hologram+1","Ball Lightning","Cold Snap","Leap","Electrodynamics","Conserve Battery","Hologram+1","Coolheaded+1"],"relics":["Cracked Core","Gambling Chip","Centennial Puzzle","MealTicket","CeramicFish","Anchor","Whetstone","Black Star"],"acts_visited":["Exordium","TheCity"],"potions_floor_usage":[24],"damage_taken":[{"damage":0.0,"enemies":"2 Louse","floor":1.0,"turns":4.0},{"damage":0.0,"enemies":"Small Slimes","floor":4.0,"turns":2.0},{"damage":0.0,"enemies":"Cultist","floor":5.0,"turns":3.0},{"damage":18.0,"enemies":"Lagavulin","floor":6.0,"turns":7.0},{"damage":6.0,"enemies":"Gremlin Nob","floor":8.0,"turns":3.0},{"damage":8.0,"enemies":"Large Slime","floor":10.0,"turns":4.0},{"damage":18.0,"enemies":"3 Sentries","floor":12.0,"turns":5.0},{"damage":7.0,"enemies":"Gremlin Gang","floor":14.0,"turns":4.0},{"damage":16.0,"enemies":"Hexaghost","floor":16.0,"turns":8.0},{"damage":5.0,"enemies":"Spheric Guardian","floor":18.0,"turns":4.0},{"damage":11.0,"enemies":"Chosen","floor":19.0,"turns":4.0},{"damage":13.0,"enemies":"Centurion and Healer","floor":20.0,"turns":5.0},{"damage":53,"enemies":"Book of Stabbing","floor":24,"turns":5}],"seed_played":"-7817809956780972250","potions_obtained":[{"floor":1.0,"key":"Block Potion"},{"floor":4.0,"key":"Strength Potion"},{"floor":6.0,"key":"Weak Potion"},{"floor":16.0,"key":"DuplicationPotion"},{"floor":18.0,"key":"Ancient Potion"}],"is_trial":false,"path_per_floor":["M","?","?","M","M","E","R","E","T","M","$","E","?","M","R","B",null,"M","M","M","$","?","R","E"],"character_chosen":"DEFECT","items_purchased":["Anchor","Coolheaded","FearPotion"],"campfire_rested":1,"item_purchase_floors":[11,21,21],"current_hp_per_floor":[46,46,51,51,51,33,33,27,27,19,34,16,16,9,31,15,61,56,45,32,47,47,47,0,0],"gold":16,"neow_bonus":"ONE_RARE_RELIC","is_daily":false,"chose_seed":false,"campfire_upgraded":2,"win_rate":0.0,"timestamp":1608084353,"path_taken":["M","?","?","M","M","E","R","E","T","M","$","E","?","M","R","BOSS","M","?","M","$","?","R","E"],"items_purchased_type":["Relic","Card","Potion"],"build_version":"2020-12-13","purchased_purges":2,"victory":false,"max_hp_per_floor":[71,71,76,76,76,76,76,76,76,76,76,76,76,76,76,76,76,76,76,76,76,76,76,76,76],"card_choices":[{"not_picked":["Melter","Stack"],"picked":"Gash","floor":1.0},{"not_picked":["Recycle","Barrage"],"picked":"Compile Driver","floor":4.0},{"not_picked":["Compile Driver","Beam Cell"],"picked":"Gash","floor":5.0},{"not_picked":["Stack","Loop"],"picked":"Hologram","floor":6.0},{"not_picked":["Machine Learning","Chill"],"picked":"Ball Lightning","floor":8.0},{"not_picked":["Compile Driver","Steam"],"picked":"Cold Snap","floor":10.0},{"not_picked":["Streamline","Beam Cell"],"picked":"Leap","floor":12.0},{"not_picked":["Compile Driver","Reboot","Leap"],"picked":"SKIP","floor":14.0},{"not_picked":["Fission","Machine Learning"],"picked":"Electrodynamics","floor":16.0},{"not_picked":["Go for the Eyes","Ball Lightning","Redo"],"picked":"SKIP","floor":18.0},{"not_picked":["Go for the Eyes","Rebound"],"picked":"Conserve Battery","floor":19.0},{"not_picked":["Leap","Cold Snap"],"picked":"Hologram","floor":20.0}],"player_experience":1854991,"relics_obtained":[{"floor":6.0,"key":"Centennial Puzzle"},{"floor":8.0,"key":"MealTicket"},{"floor":9.0,"key":"CeramicFish"},{"floor":12.0,"key":"Whetstone"}],"event_choices":[{"damage_healed":0.0,"max_hp_gain":0.0,"max_hp_loss":0.0,"gold_gain":0.0,"event_name":"Living Wall","player_choice":"Grow","floor":2.0,"gold_loss":0.0,"damage_taken":0.0,"cards_upgraded":["Zap"]},{"damage_healed":0.0,"max_hp_gain":5.0,"max_hp_loss":0.0,"gold_gain":0.0,"event_name":"Big Fish","player_choice":"Donut","floor":3.0,"gold_loss":0.0,"damage_taken":0.0},{"damage_healed":0.0,"max_hp_gain":0.0,"max_hp_loss":0.0,"gold_gain":0.0,"event_name":"FaceTrader","player_choice":"Leave","floor":13.0,"gold_loss":0.0,"damage_taken":0.0},{"damage_healed":0.0,"max_hp_gain":0.0,"max_hp_loss":0.0,"gold_gain":0.0,"event_name":"Upgrade Shrine","player_choice":"Upgraded","floor":22.0,"gold_loss":0.0,"damage_taken":0.0,"cards_upgraded":["Hologram"]}],"is_beta":false,"boss_relics":[{"not_picked":["Calling Bell","Coffee Dripper"],"picked":"Black Star"}],"items_purged_floors":[11,21],"is_endless":false,"potions_floor_spawned":[1,4,6,16,18],"killed_by":"Book of Stabbing","ascension_level":20}}