{"host":"m6aaltr68g9tvoay","time":1608094966,"event":{"mods":["AchievementEnabler","BaseMod","Colored Map","Minty Spire (QoL Compilation)","StSLib"],"gold_per_floor":[118,83,39,51,51,51,65,91,91,91,105,124,124,135,135,206,206,225,225,67,81,81,81,81,116,116,142,100,100,100,100,100,100,100],"floor_reached":33,"playtime":741,"items_purged":["Writhe"],"score":513,"play_id":"eb87c550-f735-461f-a215-0f757779754e","local_time":"20201215210246","is_ascension_mode":true,"campfire_choices":[{"data":"Finisher","floor":6.0,"key":"SMITH"},{"floor":10.0,"key":"REST"},{"data":"Blade Dance","floor":13.0,"key":"SMITH"},{"data":"Caltrops","floor":15.0,"key":"SMITH"},{"floor":23,"key":"REST"},{"floor":24,"key":"REST"},{"floor":30,"key":"REST"},{"data":"Envenom","floor":32,"key":"SMITH"}],"circlet_count":0,"master_deck":["AscendersBane","Strike_G","Strike_G","Strike_G","Strike_G","Strike_G","Defend_G","Defend_G","Defend_G","Defend_G","Survivor","Neutralize","Blade Dance+1","Finisher+1","Flying Knee","Slice","Caltrops+1","Choke","Envenom+1","Dagger Spray","Accuracy","PiercingWail","Riddle With Holes"],"relics":["Ring of the Snake","WingedGreaves","Du-Vu Doll","SlaversCollar","Ancient Tea Set","MutagenicStrength","Singing Bowl","Frozen Egg 2","Lantern","FaceOfCleric"],"acts_visited":["Exordium","TheCity"],"potions_floor_usage":[31],"damage_taken":[{"damage":5.0,"enemies":"Cultist","floor":1.0,"turns":5.0},{"damage":0.0,"enemies":"Small Slimes","floor":4.0,"turns":2.0},{"damage":9.0,"enemies":"Jaw Worm","floor":7.0,"turns":2.0},{"damage":40.0,"enemies":"Lagavulin","floor":8.0,"turns":6.0},{"damage":6.0,"enemies":"2 Fungi Beasts","floor":11.0,"turns":2.0},{"damage":1.0,"enemies":"Blue Slaver","floor":12.0,"turns":3.0},{"damage":6.0,"enemies":"Looter","floor":14.0,"turns":3.0},{"damage":9.0,"enemies":"Hexaghost","floor":16.0,"turns":6.0},{"damage":12.0,"enemies":"Chosen","floor":18.0,"turns":3.0},{"damage":17,"enemies":"Shell Parasite","floor":21,"turns":3},{"damage":24,"enemies":"Book of Stabbing","floor":25,"turns":3},{"damage":0,"enemies":"Snake Plant","floor":31,"turns":1},{"damage":92,"enemies":"Automaton","floor":33,"turns":6}],"seed_played":"-1721459865642205967","potions_obtained":[{"floor":1.0,"key":"SmokeBomb"},{"floor":11.0,"key":"Block Potion"},{"floor":16.0,"key":"Explosive Potion"},{"floor":21,"key":"SpeedPotion"}],"is_trial":false,"path_per_floor":["M","?","$","M","?","R","M","E","T","R","M","M","R","M","R","B",null,"M","?","$","M","?","R","R","E","T","T","$","?","R","M","R","B"],"character_chosen":"THE_SILENT","items_purchased":["Finisher","Accuracy","Riddle With Holes"],"campfire_rested":4,"item_purchase_floors":[3,20,28],"current_hp_per_floor":[60,72,72,72,72,72,63,23,23,44,38,37,37,31,31,22,60,48,48,48,31,31,52,72,50,50,50,50,50,72,73,73,0,0],"gold":100,"neow_bonus":"TEN_PERCENT_HP_BONUS","is_daily":false,"chose_seed":false,"campfire_upgraded":4,"win_rate":0.0,"timestamp":1608094966,"path_taken":["M","?","$","M","?","R","M","E","T","R","M","M","R","?","R","BOSS","M","?","$","M","?","R","R","E","T","?","$","?","R","M","R","BOSS"],"items_purchased_type":["Card","Card","Card"],"build_version":"2020-12-13","purchased_purges":1,"victory":false,"max_hp_per_floor":[72,72,72,72,72,72,72,72,72,72,72,72,72,72,72,72,72,72,72,72,72,72,72,72,74,74,74,74,74,74,75,75,75,75],"card_choices":[{"not_picked":["Escape Plan","Sucker Punch"],"picked":"Blade Dance","floor":1.0},{"not_picked":["Bane","Quick Slash","Outmaneuver"],"picked":"SKIP","floor":4.0},{"not_picked":["Sucker Punch","Outmaneuver"],"picked":"Flying Knee","floor":7.0},{"not_picked":["Catalyst","Flying Knee"],"picked":"Slice","floor":8.0},{"not_picked":["Well Laid Plans","Catalyst","Grand Finale"],"picked":"SKIP","floor":11.0},{"not_picked":["Poisoned Stab","Prepared"],"picked":"Caltrops","floor":12.0},{"not_picked":["Flying Knee","Bane"],"picked":"Choke","floor":14.0},{"not_picked":["Doppelganger","Unload"],"picked":"Envenom","floor":16.0},{"not_picked":["Acrobatics","Eviscerate"],"picked":"Dagger Spray","floor":18.0},{"not_picked":["Concentrate","Dodge and Roll"],"picked":"PiercingWail","floor":21},{"not_picked":["Setup","Caltrops","Flying Knee+1"],"picked":"Singing Bowl","floor":25}],"player_experience":1242246,"relics_obtained":[{"floor":8.0,"key":"WingedGreaves"},{"floor":9.0,"key":"Du-Vu Doll"},{"floor":25,"key":"Singing Bowl"},{"floor":26,"key":"Frozen Egg 2"},{"floor":27,"key":"Lantern"}],"event_choices":[{"damage_healed":18.0,"max_hp_gain":0.0,"max_hp_loss":0.0,"gold_gain":0.0,"event_name":"The Cleric","player_choice":"Healed","floor":2.0,"gold_loss":35.0,"damage_taken":0.0},{"cards_removed":["Defend_G"],"damage_healed":0.0,"max_hp_gain":0.0,"max_hp_loss":0.0,"gold_gain":0.0,"event_name":"Bonfire Elementals","player_choice":"Offered Basic","floor":5.0,"gold_loss":0.0,"damage_taken":0.0},{"damage_healed":0.0,"max_hp_gain":0.0,"max_hp_loss":0.0,"gold_gain":0.0,"event_name":"The Mausoleum","player_choice":"Opened","floor":19.0,"gold_loss":0.0,"damage_taken":0.0,"relics_obtained":["Ancient Tea Set"],"cards_obtained":["Writhe"]},{"damage_healed":0,"gold_gain":0,"player_choice":"Inject Mutagens","damage_taken":0,"relics_obtained":["MutagenicStrength"],"max_hp_gain":0,"max_hp_loss":0,"event_name":"Drug Dealer","floor":22,"gold_loss":0},{"damage_healed":0,"gold_gain":0,"player_choice":"Trade","damage_taken":0,"relics_obtained":["FaceOfCleric"],"max_hp_gain":0,"max_hp_loss":0,"event_name":"FaceTrader","floor":29,"gold_loss":0}],"is_beta":false,"boss_relics":[{"not_picked":["Runic Dome","Busted Crown"],"picked":"SlaversCollar"}],"items_purged_floors":[20],"is_endless":false,"potions_floor_spawned":[1,11,16,21],"killed_by":"Automaton","ascension_level":19}}