{"host":"684z1xpuwaoqmmh1","time":1608152522,"event":{"mods":["Bard","BaseMod","Downfall","Hermit","Jorbs\u0027s Wanderer Trilogy","Marisa????????","Minty Spire (QoL Compilation)","StSLib","The Hierophant","The Mystic","The Runesmith"],"gold_per_floor":[99,127,402,402,327,357,357,370,295,625,650,664,241,126,144,216,216,216,247,258,258,258,258],"floor_reached":22,"playtime":945,"items_purged":["Regret","hexamod:Defend"],"score":496,"play_id":"bc64941c-33ea-4e0f-8f8c-6eac318dd92e","local_time":"20201216230202","is_ascension_mode":true,"campfire_choices":[{"floor":1.0,"key":"RECALL"},{"data":"hexamod:Float","floor":5.0,"key":"SMITH"},{"data":"hexamod:RadiantFlame","floor":9.0,"key":"SMITH"},{"data":"hexamod:TimeOfNeed","floor":18,"key":"SMITH"},{"floor":21,"key":"REST"}],"circlet_count":0,"master_deck":["AscendersBane","hexamod:Strike","hexamod:Strike","hexamod:Strike","hexamod:Strike","hexamod:Defend","hexamod:Defend","hexamod:Defend","hexamod:Sear","hexamod:Float+1","hexamod:GhostOfSpireFuture","hexamod:FastForward","hexamod:RadiantFlame+1","hexamod:GhostOfSpireFuture","hexamod:GhostflameBarrier","hexamod:ThirdSeal","hexamod:ShieldOfDarkness","hexamod:ShieldOfDarkness","hexamod:Hexaguard","hexamod:TimeOfNeed+1","hexamod:HexaLevel","CurseOfTheBell","hexamod:Incineration","hexamod:SwordOfDarkness"],"relics":["hexamod:SpiritBrand","downfall:HeartsMalice","Pen Nib","downfall:HeartBlessingRed","Bronze Scales","downfall:HeartBlessingBlue","Old Coin","Runesmith:Nanobots","Calling Bell","Orichalcum","Sundial","Dead Branch","Boot"],"acts_visited":["Exordium","TheCity"],"potions_floor_usage":[],"damage_taken":[{"damage":0.0,"enemies":"Gremlin Nob","floor":2.0,"turns":1.0},{"damage":0.0,"enemies":"Jaw Worm","floor":4.0,"turns":1.0},{"damage":0.0,"enemies":"3 Sentries","floor":6.0,"turns":1.0},{"damage":4.0,"enemies":"Cultist","floor":8.0,"turns":3.0},{"damage":19.0,"enemies":"Gremlin Nob","floor":10.0,"turns":4.0},{"damage":2.0,"enemies":"Small Slimes","floor":12.0,"turns":3.0},{"damage":2.0,"enemies":"downfall:FleeingMerchant","floor":13.0,"turns":4.0},{"damage":0.0,"enemies":"downfall:FleeingMerchant","floor":14.0,"turns":4.0},{"damage":0.0,"enemies":"Red Slaver","floor":15.0,"turns":4.0},{"damage":5.0,"enemies":"downfall:Watcher","floor":16.0,"turns":12.0},{"damage":33,"enemies":"Book of Stabbing","floor":19,"turns":7},{"damage":9,"enemies":"3 Byrds","floor":20,"turns":3},{"damage":45,"enemies":"3 Cultists","floor":22,"turns":4}],"seed_played":"-4667453556619167308","potions_obtained":[{"floor":6.0,"key":"LiquidBronze"},{"floor":11.0,"key":"downfall:CursedFountainPotion"},{"floor":15.0,"key":"DuplicationPotion"}],"is_trial":false,"path_per_floor":["R","E","?","M","R","E","T","M","R","E","?","M","$","$","M","B",null,"R","E","M","R","M"],"character_chosen":"THE_SPIRIT","items_purchased":["Runesmith:Nanobots","hexamod:ShieldOfDarkness"],"campfire_rested":1,"item_purchase_floors":[13,13],"current_hp_per_floor":[57,57,57,57,57,57,57,53,63,44,44,42,40,40,40,35,64,64,31,22,43,0,0],"gold":258,"neow_bonus":"THREE_ENEMY_KILL","is_daily":false,"chose_seed":false,"campfire_upgraded":3,"win_rate":0.0,"timestamp":1608152522,"path_taken":["R","E","?","?","R","E","T","M","R","E","?","M","$","$","M","BOSS","R","E","M","R","M"],"items_purchased_type":["Relic","Card"],"build_version":"2020-12-13","purchased_purges":2,"victory":false,"max_hp_per_floor":[63,63,63,63,63,63,63,63,73,73,73,73,73,73,73,73,73,73,73,73,73,73,73],"card_choices":[{"not_picked":["hexamod:BacktrackSmack","hexamod:SpectralAdrenaline"],"picked":"hexamod:GhostOfSpireFuture","floor":2.0},{"not_picked":["hexamod:AdvancingGuard","hexamod:BurningTouch"],"picked":"hexamod:FastForward","floor":4.0},{"not_picked":["hexamod:GhostOfSpirePresent","hexamod:HeatCrush"],"picked":"hexamod:RadiantFlame","floor":6.0},{"not_picked":["hexamod:HeatCrush","hexamod:GhostOfSpirePresent"],"picked":"hexamod:GhostOfSpireFuture","floor":8.0},{"not_picked":["hexamod:DynamicBlow","hexamod:NightmareStrike","hexamod:CatchUp"],"picked":"SKIP","floor":10.0},{"not_picked":["hexamod:InspiringFlames","hexamod:Hexaguard"],"picked":"hexamod:GhostflameBarrier","floor":12.0},{"not_picked":["hexamod:BurningTouch","hexamod:TurnItUp"],"picked":"hexamod:ThirdSeal","floor":13.0},{"not_picked":["hexamod:InspiringFlames","hexamod:Firestarter","hexamod:EtherealExpedition"],"picked":"SKIP","floor":14.0},{"not_picked":["hexamod:SoulSteal","hexamod:RainOfEmbers"],"picked":"hexamod:ShieldOfDarkness","floor":15.0},{"not_picked":["hexamod:BacktrackSmack","hexamod:GhostShield"],"picked":"hexamod:Hexaguard","floor":15.0},{"not_picked":["hexamod:CrushingStance","hexamod:EmpoweringStance"],"picked":"hexamod:TimeOfNeed","floor":16.0},{"not_picked":["hexamod:CrushingStance","hexamod:UnlimitedPower"],"picked":"hexamod:HexaLevel","floor":16.0},{"not_picked":["hexamod:ShieldOfDarkness","hexamod:GhostLash","hexamod:InspiringFlames"],"picked":"SKIP","floor":19},{"not_picked":["hexamod:RainOfEmbers","hexamod:Rewind","hexamod:HeatShield+1"],"picked":"SKIP","floor":19},{"not_picked":["hexamod:SecondSeal","hexamod:HauntingEcho"],"picked":"hexamod:Incineration","floor":20},{"not_picked":["hexamod:NightmareStrike","hexamod:BacktrackSmack"],"picked":"hexamod:SwordOfDarkness","floor":20}],"player_experience":2340418,"relics_obtained":[{"floor":2.0,"key":"Pen Nib"},{"floor":6.0,"key":"Bronze Scales"},{"floor":10.0,"key":"Old Coin"},{"floor":17,"key":"Orichalcum"},{"floor":17,"key":"Sundial"},{"floor":17,"key":"Dead Branch"},{"floor":19,"key":"Boot"}],"event_choices":[],"is_beta":false,"boss_relics":[{"not_picked":["SacredBark","Cursed Key"],"picked":"Calling Bell"}],"items_purged_floors":[13,14],"is_endless":false,"potions_floor_spawned":[6,15,16,20],"killed_by":"3 Cultists","ascension_level":17}}