{"host":"bnl7o5cb2omwu7ka","time":1608108034,"event":{"mods":["AchievementEnabler","BaseMod","BetterRewards","Block Reminder","Colored Map","Colored Powertips","Conspire","Defective Defect","Downfall","Energized Spire","Googly Eyes","Highlight Path","Infinite Spire","Ironclad Rager","Jedi Mod","Mimic Mod","Minty Spire (QoL Compilation)","Permanent Neow","Quick Restart","Rare Cards Sparkle","Replay The Spire","Spikes Relics","StSLib","The IronCluck","egg","everything is the same but u backflip on backflip","slay the spire mod where everything is the same but ironclad has a cowboy hat"],"gold_per_floor":[99,99,133,149,53,53,53],"floor_reached":6,"playtime":1750,"items_purged":[],"score":42,"play_id":"096794d1-5f6d-4134-a85e-62c2ad7441be","local_time":"20201216034034","is_ascension_mode":false,"campfire_choices":[{"data":"champ:Execute","floor":1,"key":"SMITH"}],"circlet_count":0,"master_deck":["champ:Strike","champ:Strike","champ:Strike","champ:Strike","champ:Defend","champ:Defend","champ:Defend","champ:Defend","champ:Execute+1","champ:Taunt+1","champ:IronFortress","champ:Encircle","champ:BladeFlurry","champ:CalledShot"],"relics":["champ:ChampionCrown","downfall:BrokenWingStatue","InkBottle"],"acts_visited":["Exordium"],"potions_floor_usage":[],"damage_taken":[{"damage":60,"enemies":"3 Sentries","floor":3,"turns":11},{"damage":5,"enemies":"2 Louse","floor":4,"turns":3},{"damage":17,"enemies":"downfall:FleeingMerchant","floor":5,"turns":4},{"damage":58,"enemies":"Gremlin Nob","floor":6,"turns":4}],"seed_played":"-2334660749156847592","potions_obtained":[],"is_trial":false,"path_per_floor":["R","?","E","M","$","E"],"character_chosen":"THE_CHAMP","items_purchased":["champ:CalledShot"],"campfire_rested":0,"item_purchase_floors":[5],"current_hp_per_floor":[90,90,45,45,45,0,0],"gold":53,"neow_bonus":"UPGRADE_CARD","is_daily":false,"chose_seed":false,"campfire_upgraded":1,"win_rate":0.0,"timestamp":1608108034,"path_taken":["R","?","E","M","$","E"],"items_purchased_type":["Card"],"build_version":"2020-12-13","purchased_purges":0,"victory":false,"max_hp_per_floor":[90,90,90,90,90,90,90],"card_choices":[{"not_picked":["champ:FightOn","champ:SkillfulDodge"],"picked":"champ:IronFortress","floor":3},{"not_picked":["champ:PerfectedStrike","champ:Circumvent"],"picked":"champ:Encircle","floor":4},{"not_picked":["champ:StanceDance","champ:BringItOn"],"picked":"champ:BladeFlurry","floor":5}],"player_experience":139408,"relics_obtained":[{"floor":3,"key":"InkBottle"}],"event_choices":[],"is_beta":false,"boss_relics":[],"items_purged_floors":[],"is_endless":false,"potions_floor_spawned":[],"killed_by":"Gremlin Nob","ascension_level":0}}