{"host":"1bqbj1s4pyvm9utn","time":1608097594,"event":{"mods":["AchievementEnabler","Aspiration","Bard","BaseMod","Beaked The Cultist","Better Altar","Better Match","Better Note","Better Sensory Stone","Better Skull","Better Third Choice","BetterRewards","CCEM","Clawfect","Colored Map","Conspire","Downfall","GifTheSpireLib","Halation","Hermit","Highlight Path","Hubris","Humility","Infinite Spire","Jedi Mod","Jorbs\u0027s Wanderer Trilogy","Mad Scientist","Marisa????????","Mimic Mod","Minty Spire (QoL Compilation)","Permanent Neow","Replay The Spire","Shade Mod","Shop Mod","Spicy Shops","StSLib","Stuff the Spire","The Bug Knight","The Construct","The Cursed","The Disciple","The Gatherer","The Hierophant","The Jungle","The Mystic","The Necromancer","The Runesmith","The Servant 0.9.4","The Spell Scribe","The Witch","Unceasing Turn Reminder","everything is the same but u backflip on backflip","slay the spire mod where everything is the same but ironclad has a cowboy hat","vexMod"],"gold_per_floor":[117,137,137,137,137,169,185,185,217,246,263,2,2,2,2,98,98,112,112,112,130,140,158,174,159,183,193,211,211,181,181,181,383,383,396,415,340,351,366,366,366],"floor_reached":40,"playtime":5615,"items_purged":["Pain"],"score":447,"play_id":"dab292d8-687a-4bf4-8bd1-800d6ed29cc6","local_time":"20201215214634","is_ascension_mode":false,"campfire_choices":[{"data":"beaked:VigorBurst","floor":8,"key":"SMITH"},{"data":"beaked:Ceremony","floor":13,"key":"SMITH"},{"data":"beaked:Foresight","floor":15,"key":"SMITH"},{"data":"beaked:BraceForImpact","floor":29,"key":"SMITH"},{"floor":32,"key":"RECALL"}],"circlet_count":0,"master_deck":["beaked:Strike_Y","beaked:Strike_Y","beaked:Strike_Y","beaked:Strike_Y","beaked:Strike_Y","beaked:Strike_Y","beaked:Defend_Y","beaked:Defend_Y","beaked:Defend_Y","beaked:Defend_Y","beaked:Ceremony","beaked:Ceremony","beaked:Ceremony+1","beaked:BraceForImpact+1","beaked:Foresight+1","beaked:VigorBurst+1","beaked:Overpower","beaked:MaddeningMurmurs","beaked:Foresight","beaked:DigDeep","beaked:Tweet","beaked:VigorBurst+1","beaked:Insight","beaked:BraceForImpact+1","ReplayTheSpireMod:Owlgaze","beaked:Windmill","beaked:Daydream","beaked:WarriorEssence","beaked:StickSmack","ReplayTheSpireMod:Echoes of Time","beaked:WildInstinct","beaked:FeelMyPain","beaked:HuntressSpirit+1","beaked:Poke+1"],"relics":["beaked:MendingPlumage","aspiration:Nostalgia","m_SlimeRing","hubris:Icosahedron","aspiration:HiddenCompartment","WarpedTongs","Simple Rune","infinitespire:FocusingShard","Replay:WaspNest","Ring of Chaos","Anchor","Lantern","vexMod:Cooldron","Replay:Bronze Core","SacredBark"],"acts_visited":["Exordium","TheCity","TheBeyond"],"potions_floor_usage":[6,10,16,18,21,22,23,25,33,33,35,35,35,38,38,38,38,39],"damage_taken":[{"damage":12,"enemies":"Jaw Worm","floor":1,"turns":4},{"damage":15,"enemies":"2 Louse","floor":2,"turns":5},{"damage":27,"enemies":"Lagavulin","floor":6,"turns":7},{"damage":5,"enemies":"conspire:RoseBush","floor":7,"turns":5},{"damage":8,"enemies":"Exordium Thugs","floor":9,"turns":7},{"damage":10,"enemies":"HollowMod:MossKnight","floor":10,"turns":5},{"damage":38,"enemies":"Exordium Thugs","floor":11,"turns":6},{"damage":19,"enemies":"Fading Forest","floor":16,"turns":11},{"damage":19,"enemies":"Shell Parasite","floor":18,"turns":2},{"damage":39,"enemies":"Spheric Guardian","floor":21,"turns":6},{"damage":33,"enemies":"Cultist and Chosen","floor":22,"turns":6},{"damage":25,"enemies":"Centurion and Healer","floor":23,"turns":8},{"damage":40,"enemies":"Snake Plant","floor":24,"turns":7},{"damage":41,"enemies":"conspire:SneckoGhost","floor":25,"turns":8},{"damage":44,"enemies":"Shelled Parasite and Fungi","floor":27,"turns":7},{"damage":38,"enemies":"conspire:HollyBat","floor":28,"turns":9},{"damage":19,"enemies":"Snecko","floor":30,"turns":7},{"damage":78,"enemies":"hubris:MusketHawk","floor":33,"turns":9},{"damage":50,"enemies":"3 Shapes","floor":35,"turns":7},{"damage":68,"enemies":"Orb Walker","floor":36,"turns":6},{"damage":30,"enemies":"Spire Growth","floor":38,"turns":5},{"damage":46,"enemies":"4 Shapes","floor":39,"turns":8},{"damage":97,"enemies":"Giant Head","floor":40,"turns":9}],"seed_played":"1392398130559459394","potions_obtained":[{"floor":2,"key":"PowerPotion"},{"floor":7,"key":"AttackPotion"},{"floor":11,"key":"sneckomod:MuddlingPotion"},{"floor":16,"key":"Venom Potion"},{"floor":21,"key":"SpeedPotion"},{"floor":22,"key":"DistilledChaos"},{"floor":24,"key":"Ancient Potion"},{"floor":30,"key":"FearPotion"},{"floor":33,"key":"EntropicBrew"},{"floor":36,"key":"EntropicBrew"}],"is_trial":false,"path_per_floor":["M","M","?","T","?","E","M","R","MIM","E","M","$","R","$","R","B",null,"M","?","?","M","M","M","M","E","T","M","M","R","M","AVR","R","B",null,"M","M","?","M","M","E"],"character_chosen":"BEAKED_THE_CULTIST","items_purchased":["Replay:WaspNest"],"campfire_rested":0,"item_purchase_floors":[12],"current_hp_per_floor":[44,42,42,42,42,45,53,53,54,53,36,36,36,36,36,55,55,39,44,44,52,51,60,47,55,55,45,49,49,60,60,60,46,60,60,15,15,29,31,0,0],"gold":366,"neow_bonus":"NOSTALGIA","is_daily":false,"chose_seed":false,"campfire_upgraded":4,"win_rate":0.0,"timestamp":1608097594,"path_taken":["M","M","?","?","?","E","M","R","MIM","E","M","$","R","$","R","BOSS","M","?","?","M","M","?","M","E","T","M","M","R","M","AVR","R","BOSS","M","M","?","M","M","E"],"items_purchased_type":["Relic"],"build_version":"2020-12-13","purchased_purges":1,"victory":false,"max_hp_per_floor":[50,50,50,50,50,55,55,55,55,55,55,55,55,55,55,55,55,55,60,60,60,60,60,60,60,60,60,60,60,60,60,60,60,60,60,60,60,60,60,60,60],"card_choices":[{"not_picked":["ReplayTheSpireMod:Prepare the Ceremony","beaked:Tweet"],"picked":"beaked:BraceForImpact","floor":1},{"not_picked":["beaked:Windmill","beaked:Resilience"],"picked":"beaked:Foresight","floor":2},{"not_picked":["beaked:Sacrifice","beaked:RuinSticks"],"picked":"beaked:VigorBurst","floor":6},{"not_picked":["beaked:Windmill","beaked:DigDeeper"],"picked":"beaked:Overpower","floor":7},{"not_picked":["beaked:Overpower","beaked:Tradeoff"],"picked":"beaked:MaddeningMurmurs","floor":9},{"not_picked":["beaked:MimicHuntress","beaked:Windmill"],"picked":"beaked:Foresight","floor":10},{"not_picked":["beaked:WarriorEssence","beaked:Windmill"],"picked":"beaked:DigDeep","floor":11},{"not_picked":["beaked:CursingBlood","beaked:RuinSticks"],"picked":"beaked:Tweet","floor":18},{"not_picked":["beaked:Cower","beaked:Overpower"],"picked":"beaked:Insight","floor":21},{"not_picked":["beaked:Evade+1","beaked:Tweet+1"],"picked":"beaked:BraceForImpact+1","floor":22},{"not_picked":["beaked:Cower","beaked:Redirect+1"],"picked":"ReplayTheSpireMod:Owlgaze","floor":23},{"not_picked":["beaked:Insight+1","beaked:Flinch"],"picked":"beaked:Windmill","floor":24},{"not_picked":["beaked:SurvivalInstinct","beaked:StunningBlow","beaked:Flinch"],"picked":"SKIP","floor":25},{"not_picked":["beaked:Flinch","beaked:Windmill"],"picked":"beaked:Daydream","floor":27},{"not_picked":["beaked:Cower","beaked:Tweet"],"picked":"beaked:WarriorEssence","floor":28},{"not_picked":["beaked:Flinch","beaked:Resilience"],"picked":"beaked:StickSmack","floor":30},{"not_picked":["beaked:DarkTribute","beaked:Caw"],"picked":"beaked:WildInstinct","floor":33},{"not_picked":["beaked:Cower","beaked:MachineSpirit"],"picked":"beaked:FeelMyPain","floor":35},{"not_picked":["beaked:DigDeep+1","beaked:Redirect+1","beaked:Roost+1"],"picked":"SKIP","floor":36},{"not_picked":["beaked:Overpower+1","beaked:Replenish+1"],"picked":"beaked:HuntressSpirit+1","floor":37},{"not_picked":["beaked:BounceBack","beaked:Cower+1"],"picked":"beaked:Poke+1","floor":38},{"not_picked":["beaked:RuinSticks+1","beaked:DigDeep+1","ReplayTheSpireMod:Prepare the Ceremony+1"],"picked":"SKIP","floor":39}],"player_experience":809020,"relics_obtained":[{"floor":4,"key":"aspiration:HiddenCompartment"},{"floor":6,"key":"Simple Rune"},{"floor":10,"key":"infinitespire:FocusingShard"},{"floor":25,"key":"Anchor"},{"floor":26,"key":"Lantern"}],"event_choices":[{"damage_healed":0,"gold_gain":0,"player_choice":"Rummage","damage_taken":0,"relics_obtained":["WarpedTongs"],"max_hp_gain":0,"max_hp_loss":0,"event_name":"Accursed Blacksmith","floor":5,"gold_loss":0,"cards_obtained":["Pain"]},{"damage_healed":0,"gold_gain":0,"player_choice":"Copied","damage_taken":0,"max_hp_gain":0,"max_hp_loss":0,"event_name":"Duplicator","floor":19,"gold_loss":0,"cards_obtained":["beaked:VigorBurst"]},{"cards_removed":["Pain"],"damage_healed":0,"gold_gain":0,"player_choice":"Give","damage_taken":0,"max_hp_gain":0,"max_hp_loss":0,"event_name":"betterNote:BetterNote","floor":20,"gold_loss":0,"cards_obtained":["hexamod:Strike"]},{"damage_healed":0,"gold_gain":0,"player_choice":"2","damage_taken":0,"max_hp_gain":0,"max_hp_loss":0,"event_name":"betterMatch:BetterMatch","floor":37,"gold_loss":0,"cards_obtained":["betterMatch:UncommonCard"]}],"is_beta":false,"boss_relics":[{"not_picked":["hubris:GrandSneckoEye","ChewingGum"],"picked":"Ring of Chaos"},{"not_picked":["Runic Pyramid","Honey Jar"],"picked":"SacredBark"}],"items_purged_floors":[31],"is_endless":false,"potions_floor_spawned":[2,7,11,16,21,22,24,30,33,36],"killed_by":"Giant Head","ascension_level":0}}