{"host":"kos1s9q8ffr8fqos","time":1608092346,"event":{"mods":["2.2 Compatiblity","AchievementEnabler","AlwaysNeverKeys","BaseMod","Bestiary","Better Altar","Better Match","Better Note","Better Sensory Stone","Better Skull","Better Third Choice","Better Vampires","Colored Map","Colored Powertips","Curses Come First","Hermit","Infinite Spire","Jorbs\u0027s Wanderer Trilogy","Minty Spire (QoL Compilation)","Quick Restart","Random Character Button","Relic Stats","Replay The Spire","Shop Mod","StSLib","The Blue Laboratory","The Bug Knight","The Disciple","The Hierophant"],"gold_per_floor":[115,127,127,145,156,186,186,186,186,186,186,201,227,227,227,328,428,448,448,461,461,473,473,486,517,517,527,527,411,427,427,427,528,528,541,553,571,499,518,547,547,547],"floor_reached":41,"playtime":3471,"items_purged":["Regret"],"score":480,"play_id":"6b8d0825-f614-4948-a602-cde58d88e696","local_time":"20201215221906","is_ascension_mode":false,"campfire_choices":[{"data":"HollowMod:DesolateDive","floor":7.0,"key":"SMITH"},{"data":"HollowMod:CycloneSlash","floor":11.0,"key":"SMITH"},{"data":"HollowMod:DoubleDash","floor":15,"key":"SMITH"},{"data":"HollowMod:SoulSplash","floor":23,"key":"SMITH"},{"floor":32,"key":"REST"}],"circlet_count":0,"master_deck":["HollowMod:NailStrikeStart","HollowMod:NailStrikeStart","HollowMod:NailStrikeStart","HollowMod:QuickDashStart","HollowMod:QuickDashStart","HollowMod:QuickDashStart","HollowMod:FocusHealStart+1","HollowMod:PogoStrike","HollowMod:FastStrike","HollowMod:DesolateDive+1","HollowMod:FastStrike","HollowMod:CycloneSlash+1","HollowMod:DreamGate","HollowMod:Hiveblood","HollowMod:DoubleDash+1","HollowMod:Hiveblood+1","HollowMod:MothsMistake","HollowMod:TaintedHusks","HollowMod:SoulSplash+1","HollowMod:ChannelNail","HollowMod:BaldurShell","ReplayTheSpireMod:Black Plague+1","HollowMod:NewGlowingWomb+1","HollowMod:InfectedAttack","HollowMod:Weaversong+1","HollowMod:HowlingWraiths+1","HollowMod:MothsMistake+1","HollowMod:SoulMaster+1","HollowMod:CoiledNail+1"],"relics":["HollowMod:VesselMask","Akabeko","Lantern","Golden Egg","HollowMod:PaleOreRelic","Replay:Wanted Poster","Replay:Blank Codex","Replay:Wax Seal","Replay:Accelerometer","Empty Cage","ReplayTheSpireMod:Ninjato"],"acts_visited":["Exordium","TheCity","TheBeyond"],"potions_floor_usage":[18,22,25,35,40,40,41,41],"damage_taken":[{"damage":1.0,"enemies":"Jaw Worm","floor":1.0,"turns":3.0},{"damage":0.0,"enemies":"Cultist","floor":2.0,"turns":2.0},{"damage":0.0,"enemies":"2 Louse","floor":4.0,"turns":3.0},{"damage":0.0,"enemies":"Looter","floor":5.0,"turns":3.0},{"damage":18.0,"enemies":"Lagavulin","floor":6.0,"turns":4.0},{"damage":2.0,"enemies":"Blue Slaver","floor":12.0,"turns":2.0},{"damage":0,"enemies":"Gremlin Nob","floor":13,"turns":2},{"damage":45,"enemies":"Hexaghost","floor":16,"turns":8},{"damage":16,"enemies":"Shell Parasite","floor":18,"turns":3},{"damage":1,"enemies":"Spheric Guardian","floor":20,"turns":3},{"damage":43,"enemies":"3 Cultists","floor":22,"turns":5},{"damage":64,"enemies":"Snake Plant","floor":24,"turns":5},{"damage":64,"enemies":"HollowMod:Nosk","floor":25,"turns":8},{"damage":56,"enemies":"Snecko","floor":27,"turns":7},{"damage":4,"enemies":"Shelled Parasite and Fungi","floor":30,"turns":4},{"damage":64,"enemies":"Collector","floor":33,"turns":6},{"damage":23,"enemies":"Orb Walker","floor":35,"turns":4},{"damage":66,"enemies":"3 Darklings","floor":36,"turns":5},{"damage":1,"enemies":"Transient","floor":37,"turns":5},{"damage":12,"enemies":"4 Shapes","floor":39,"turns":6},{"damage":32,"enemies":"Reptomancer","floor":40,"turns":5},{"damage":11,"enemies":"Maw","floor":41,"turns":2}],"seed_played":"2957308685247000783","potions_obtained":[{"floor":1.0,"key":"blueLaboratory:BottledHope"},{"floor":4.0,"key":"LiquidMemories"},{"floor":13,"key":"blueLaboratory:BottledHope"},{"floor":24,"key":"Adrenaline Potion"},{"floor":25,"key":"Elixir"},{"floor":27,"key":"ColorlessPotion"},{"floor":33,"key":"Toxic Potion"},{"floor":36,"key":"GamblersBrew"},{"floor":40,"key":"blueLaboratory:CorrosionFlask"}],"is_trial":false,"path_per_floor":["M","M","?","M","M","E","R","?","T","?","R","M","E","?","R","B",null,"M","?","M","?","M","R","M","E","T","M","?","$","M","?","R","B",null,"M","M","M","$","M","E","M"],"character_chosen":"THE_BUGKNIGHT","items_purchased":["HollowMod:NewGlowingWomb","HollowMod:MothsMistake"],"campfire_rested":1,"item_purchase_floors":[29,38],"current_hp_per_floor":[75,75,75,75,75,63,63,56,56,56,56,54,54,54,54,34,75,66,66,65,49,49,49,30,39,39,36,18,18,24,24,46,30,75,54,26,31,31,25,5,0,0],"gold":547,"neow_bonus":"UPGRADE_CARD","is_daily":false,"chose_seed":false,"campfire_upgraded":4,"win_rate":0.0,"timestamp":1608092346,"path_taken":["M","M","?","?","M","E","R","?","T","?","R","M","E","?","R","BOSS","M","?","M","?","?","R","?","E","T","M","?","$","M","?","R","BOSS","M","?","M","$","M","E","M"],"items_purchased_type":["Card","Card"],"build_version":"2020-12-13","purchased_purges":1,"victory":false,"max_hp_per_floor":[75,75,75,75,75,75,75,75,75,75,75,75,75,75,75,75,75,75,75,75,75,75,75,75,75,75,75,75,75,75,75,75,75,75,75,75,75,75,75,75,75,75],"relic_stats":{"counters":[22,95],"obtain_stats":[{"Replay:Wanted Poster":17,"Golden Egg":13,"Replay:Accelerometer":26,"Lantern":9,"ReplayTheSpireMod:Ninjato":40,"HollowMod:VesselMask":0,"HollowMod:PaleOreRelic":14,"Replay:Wax Seal":25,"Empty Cage":34,"Akabeko":6,"Replay:Blank Codex":21},{"Replay:Wanted Poster":8,"Golden Egg":7,"Replay:Accelerometer":13,"Lantern":5,"ReplayTheSpireMod:Ninjato":21,"HollowMod:VesselMask":0,"HollowMod:PaleOreRelic":7,"Replay:Wax Seal":13,"Empty Cage":16,"Akabeko":5,"Replay:Blank Codex":10},{"Replay:Wanted Poster":27,"Golden Egg":19,"Replay:Accelerometer":51,"Lantern":15,"ReplayTheSpireMod:Ninjato":93,"HollowMod:VesselMask":0,"HollowMod:PaleOreRelic":19,"Replay:Wax Seal":51,"Empty Cage":68,"Akabeko":15,"Replay:Blank Codex":33}]},"card_choices":[{"not_picked":["HollowMod:SoulStrike","HollowMod:DoubleDash"],"picked":"HollowMod:FastStrike","floor":1.0},{"not_picked":["HollowMod:DoubleDash","HollowMod:DreamGate"],"picked":"HollowMod:DesolateDive","floor":2.0},{"not_picked":["HollowMod:QuirrelsAssistance","HollowMod:DoubleDash"],"picked":"HollowMod:FastStrike","floor":4.0},{"not_picked":["HollowMod:DescendingDark","HollowMod:BlackTendrils"],"picked":"HollowMod:CycloneSlash","floor":5.0},{"not_picked":["HollowMod:DashSlash","HollowMod:GreatSlash"],"picked":"HollowMod:DreamGate","floor":6.0},{"not_picked":["HollowMod:SoulStrike","HollowMod:HowlingWraiths"],"picked":"HollowMod:Hiveblood","floor":12.0},{"not_picked":["HollowMod:SoulStrike","HollowMod:VengefulVoid"],"picked":"HollowMod:DoubleDash","floor":13},{"not_picked":["HollowMod:AwokenDreamNail","HollowMod:ElderbugsWisdom"],"picked":"HollowMod:Hiveblood","floor":16},{"not_picked":["HollowMod:SoulShaman+1","HollowMod:DescendingDark+1"],"picked":"HollowMod:MothsMistake","floor":18},{"not_picked":["HollowMod:SoulSplash","HollowMod:DesolateDive"],"picked":"HollowMod:TaintedHusks","floor":20},{"not_picked":["HollowMod:ShapeofUnn","HollowMod:CornifersMapStart"],"picked":"HollowMod:SoulSplash","floor":22},{"not_picked":["HollowMod:CrystalDash","HollowMod:InfectedAttack"],"picked":"HollowMod:ChannelNail","floor":24},{"not_picked":["HollowMod:HowlingWraiths","HollowMod:NewLittleFool"],"picked":"HollowMod:BaldurShell","floor":25},{"not_picked":["HollowMod:ShadowDash+1","HollowMod:GoodIntentions","HollowMod:QuirrelsAssistance"],"picked":"SKIP","floor":27},{"not_picked":["infinitespire:Collect","infinitespire:Menacing"],"picked":"ReplayTheSpireMod:Black Plague","floor":28},{"not_picked":["HollowMod:CycloneSlash","HollowMod:VengefulVoid+1"],"picked":"HollowMod:InfectedAttack","floor":30},{"not_picked":["HollowMod:MidwifesHunger","HollowMod:ElderbugsWisdom"],"picked":"HollowMod:Weaversong","floor":33},{"not_picked":["HollowMod:ShapeofUnn+1","HollowMod:QuirrelsAssistance+1"],"picked":"HollowMod:HowlingWraiths+1","floor":35},{"not_picked":["HollowMod:HeavyBlow","HollowMod:VengefulVoid+1","HollowMod:HowlingWraiths"],"picked":"SKIP","floor":36},{"not_picked":["HollowMod:RecoilStrike","HollowMod:SharpenedNail","HollowMod:BaldurShell"],"picked":"SKIP","floor":37},{"not_picked":["HollowMod:AbyssShriek+1","HollowMod:NewLittleFool+1"],"picked":"HollowMod:SoulMaster","floor":39},{"not_picked":["HollowMod:ShadowDash+1","HollowMod:SoulStrike"],"picked":"HollowMod:CoiledNail+1","floor":40}],"player_experience":1223951,"relics_obtained":[{"floor":6.0,"key":"Akabeko"},{"floor":9.0,"key":"Lantern"},{"floor":13,"key":"Golden Egg"},{"floor":21,"key":"Replay:Blank Codex"},{"floor":25,"key":"Replay:Wax Seal"},{"floor":26,"key":"Replay:Accelerometer"},{"floor":40,"key":"ReplayTheSpireMod:Ninjato"}],"event_choices":[{"damage_healed":0.0,"max_hp_gain":0.0,"max_hp_loss":0.0,"gold_gain":0.0,"event_name":"Wheel of Change","player_choice":"Cursed","floor":3.0,"gold_loss":0.0,"damage_taken":0.0,"cards_obtained":["Decay"]},{"cards_removed":["Decay"],"damage_healed":0.0,"max_hp_gain":0.0,"max_hp_loss":0.0,"gold_gain":0.0,"event_name":"Golden Wing","player_choice":"Card Removal","floor":8.0,"gold_loss":0.0,"damage_taken":7.0},{"damage_healed":0,"gold_gain":0,"player_choice":"Box","damage_taken":0,"relics_obtained":["HollowMod:PaleOreRelic"],"max_hp_gain":0,"max_hp_loss":0,"event_name":"Big Fish","floor":14,"gold_loss":0,"cards_obtained":["Regret"]},{"cards_removed":["Regret"],"damage_healed":0,"gold_gain":0,"player_choice":"Give","damage_taken":0,"max_hp_gain":0,"max_hp_loss":0,"event_name":"betterNote:BetterNote","floor":19,"gold_loss":0,"cards_obtained":["Injury"]},{"damage_healed":0,"gold_gain":0,"player_choice":"Obtained Book","damage_taken":16,"max_hp_gain":0,"max_hp_loss":0,"event_name":"Cursed Tome","floor":21,"gold_loss":0},{"damage_healed":0,"gold_gain":0,"player_choice":"Forge","damage_taken":0,"max_hp_gain":0,"max_hp_loss":0,"event_name":"Accursed Blacksmith","floor":31,"gold_loss":0,"cards_upgraded":["ReplayTheSpireMod:Black Plague"]}],"is_beta":false,"boss_relics":[{"not_picked":["Painkiller Herb","Black Star"],"picked":"Replay:Wanted Poster"},{"not_picked":["Replay:Drink Me","SacredBark"],"picked":"Empty Cage"}],"items_purged_floors":[29],"is_endless":false,"potions_floor_spawned":[1,4,13,24,25,27,33,36,40],"killed_by":"Maw","ascension_level":0}}