{"host":"z9grmtg2w0nmz8n1","time":1608081684,"event":{"mods":["Aspiration","Bard","BaseMod","Beaked The Cultist","Better Altar","Better Match","Better Third Choice","BetterRewards","CCEM","Colored Map","Conspire","GifTheSpireLib","Googly Eyes","Highlight Path","Hubris","Infinite Spire","Jedi Mod","Jorbs\u0027s Wanderer Trilogy","Minty Spire (QoL Compilation)","Permanent Neow","Replay The Spire","Spicy Shops","StSLib","Stuff the Spire","The Bug Knight"],"gold_per_floor":[113,113,113,132,157,189,36,67,67,67,78,78,91,118,118,220,220,235,122,47,47,47,47,47,47,47],"floor_reached":25,"playtime":1083,"items_purged":["jedi:BattleThirst"],"score":252,"play_id":"1acfc636-1a13-4dca-9394-b1719e645627","local_time":"20201215232124","is_ascension_mode":true,"campfire_choices":[{"floor":10,"key":"RECALL"},{"floor":15,"key":"REST"}],"circlet_count":0,"master_deck":["Defend_G","Defend_G","Defend_G","Defend_G","Survivor","Neutralize","Poisoned Stab","StuffTheSpire:Incantation","StuffTheSpire:BrimstoneBlast","Poisoned Stab","infinitespire:Neurotoxin","hubris:Disease","Deadly Poison","Infinite Blades","StuffTheSpire:Ambrosia"],"relics":["Ring of the Snake","Bag of Preparation","hubris:Icosahedron","Tiny Chest","infinitespire:Satchel","BranchBurnRelic","infinitespire:BottledMercury","Kintsugi","Gambling Chip"],"acts_visited":["Exordium","TheCity"],"potions_floor_usage":[8,14,16,18],"damage_taken":[{"damage":0,"enemies":"2 Louse","floor":1,"turns":3},{"damage":0,"enemies":"Small Slimes","floor":4,"turns":3},{"damage":0,"enemies":"Lagavulin","floor":6,"turns":1},{"damage":17,"enemies":"Gremlin Nob","floor":8,"turns":4},{"damage":0,"enemies":"Cultist","floor":11,"turns":3},{"damage":8,"enemies":"Large Slime","floor":13,"turns":5},{"damage":4,"enemies":"Lagavulin","floor":14,"turns":5},{"damage":41,"enemies":"Slime Boss","floor":16,"turns":14},{"damage":14,"enemies":"3 Byrds","floor":18,"turns":5},{"damage":62,"enemies":"Slavers","floor":25,"turns":4}],"seed_played":"5439102339189044397","potions_obtained":[{"floor":4,"key":"jedi:StrikingPotion"},{"floor":8,"key":"Venom Potion"},{"floor":13,"key":"PowerPotion"},{"floor":16,"key":"Adrenaline Potion"}],"is_trial":false,"path_per_floor":["M","?","?","M","T","E","$","E","T","R","M","?","M","E","R","B",null,"M","$","?","T","PTL","PTL","$","E"],"character_chosen":"THE_SILENT","items_purchased":["Tiny Chest","Infinite Blades"],"campfire_rested":1,"item_purchase_floors":[7,19],"current_hp_per_floor":[70,70,54,54,54,54,54,37,37,37,46,39,31,27,48,22,70,56,56,56,56,56,56,56,0,0],"gold":47,"neow_bonus":"RANDOM_COMMON_RELIC","is_daily":false,"chose_seed":false,"campfire_upgraded":0,"win_rate":0.0,"timestamp":1608081684,"path_taken":["M","?","?","M","?","E","$","E","T","R","M","?","?","E","R","BOSS","M","$","?","?","PTL","PTL","$","E"],"items_purchased_type":["Relic","Card"],"build_version":"2020-12-13","purchased_purges":1,"victory":false,"max_hp_per_floor":[70,70,70,70,70,70,70,70,70,70,70,70,70,70,70,70,70,70,70,70,70,70,70,70,71,71],"card_choices":[{"not_picked":["Dagger Throw","StuffTheSpire:BumpUp"],"picked":"Poisoned Stab","floor":1},{"not_picked":["infinitespire:FinalStrike","infinitespire:Starlight"],"picked":"infinitespire:SealOfDarkness+","floor":3},{"not_picked":["StuffTheSpire:Python","Flechettes"],"picked":"StuffTheSpire:Incantation","floor":4},{"not_picked":["Atom Bomb","Blur"],"picked":"StuffTheSpire:BrimstoneBlast","floor":6},{"not_picked":["jedi:rejectivetoxin","Caltrops","Dodge and Roll"],"picked":"SKIP","floor":8},{"not_picked":["hubris:Counter","jedi:pocketpoison"],"picked":"Poisoned Stab","floor":11},{"not_picked":["Dagger Throw","Flechettes","PiercingWail"],"picked":"SKIP","floor":13},{"not_picked":["Backflip","Masterful Stab","Blur"],"picked":"SKIP","floor":14},{"not_picked":["StuffTheSpire:FinalStruggle","Tools of the Trade"],"picked":"infinitespire:Neurotoxin","floor":16},{"not_picked":["StuffTheSpire:Sprint","ReplayTheSpireMod:Exploit Weakness"],"picked":"Deadly Poison","floor":18}],"player_experience":562894,"relics_obtained":[{"floor":8,"key":"infinitespire:Satchel"},{"floor":9,"key":"Dead Branch"},{"floor":14,"key":"infinitespire:BottledMercury"},{"floor":21,"key":"Gambling Chip"}],"event_choices":[{"cards_removed":["Strike_G"],"damage_healed":0,"gold_gain":0,"player_choice":"Card Removal","damage_taken":7,"max_hp_gain":0,"max_hp_loss":0,"event_name":"Golden Wing","floor":12,"gold_loss":0}],"is_beta":false,"boss_relics":[{"not_picked":["ChewingGum","aspiration:BeakedSkillbook"],"picked":"Kintsugi"}],"items_purged_floors":[19],"is_endless":false,"potions_floor_spawned":[4,8,13,16],"killed_by":"Slavers","ascension_level":1}}