{"host":"0azimyi6n3ugndj4","time":1608127036,"event":{"mods":["BaseMod","Bestiary","Conspire","Curses Come First","Defuse TimeMaze Blight","Hyrulean Relics","Infinite Spire","Minty Spire (QoL Compilation)","Relic Stats","Replay The Spire","StSLib","SuperFastMode","Uncapped","¡¼?Úª?ø«¡½REMEMod"],"gold_per_floor":[99,99,99,135,135,234,234,267,267,267,267,267,267],"floor_reached":12,"playtime":192,"items_purged":[],"score":323,"play_id":"e4cd48e0-7688-4dcf-a403-5e7a338050cc","local_time":"20201216225716","daily_mods":["Draft","Hoarder","Chimera","Shiny","Specialized","Vintage","ControlledChaos","Allstar","Diverse","Colorless Cards","Heirloom","Time Dilation","Flight","Binary","Elite Swarm","Lethality","Midas","Binary"],"is_ascension_mode":true,"campfire_choices":[],"circlet_count":0,"master_deck":["Demon Form","Wraith Form v2","Echo Form","DevaForm","AscendersBane","Bash","Survivor","Zap","Strike_R","Strike_G","Strike_B","Defend_R","Defend_G","Defend_P","Brilliance","Devotion","Replay:AllIn","LessonLearned","Vault","Alpha","Establishment","REME_WorshipGod","Replay:LoomingThreat","DeusExMachina","Judgement","ConjureBlade","REME_EmptyShield","MasterReality","Blasphemy","Ragnarok","REME_CRH","Scrawl","Wish","Omniscience","SpiritShield","DevaForm","Hyperbeam","REME_ForAll","Machine Learning","Buffer","Mirror Shield","Seek","Echo Form","All For One","Reboot","Fission","Core Surge","Multi-Cast","Thunder Strike","Biased Cognition","REME_Shoggoth","Electrodynamics","ReplayRNGCard","ReplayTheSpireMod:Omega Cannon","Rainbow","Meteor Strike","Creative AI","REME_ShadowForm","ReplayTheSpireMod:Necrosis","Corpse Explosion","Die Die Die","Atom Bomb","ReplayTheSpireMod:From All Sides","Adrenaline","Envenom","Doppelganger","Burst","Wraith Form v2","REME_SpectralBlade","Tools of the Trade","REME_CopyPotion","After Image","Poison Darts","A Thousand Cuts","Venomology","Replay:Bag of Tricks","Malaise","Phantasmal Killer","Night Terror","infinitespire:Neurotoxin","Unload","REME_GrazeFinale","Bullet Time","Storm of Steel","Glass Knife","Grand Finale","Double Tap","Demon Form","REME_ACTH","Fiend Fire","Eclipse","conspire:Purge","Berserk","Impervious","Juggernaut","Brutality","Demonic Infusion","conspire:HitWhereItHurts","Exhume","Offering","REME_Fury","Bludgeon","Feed","Replay:Many Hands","Limit Break","Corruption","Barricade","Hemogenesis","REME_TheLastStrike","Reaper","Immolate","Thinking Ahead","Metamorphosis","Master of Strategy","Magnetism","Chrysalis","Mayhem","REME_PuzzleBox","Secret Weapon","Midas Touch","ReplayTheSpireMod:Brewmster","REME_AllRoundStrike","Poisoned Strike","Sadistic Nature","Replay:Dark Deal","REME_Flogging","ReplayUltimateDefense","Transmutation","REME_BattleFury","HandOfGreed","ReplayTheSpireMod:Necrogeddon","Apotheosis","Panache","Violence","Secret Technique","The Bomb","Crow Ritual","REME_BuildACard","REME_ProfessionalPlagiarism","Blood for Blood","Blood for Blood","Blood for Blood","Blood for Blood","Blood for Blood","Blood for Blood","Blood for Blood","Blood for Blood","Blood for Blood","Blood for Blood","Blood for Blood","Blood for Blood","Blood for Blood","Blood for Blood","Blood for Blood","PiercingWail","PiercingWail","PiercingWail","Static Discharge","Static Discharge","Static Discharge","Reflex","Reflex","Reflex","EmptyBody","EmptyBody","EmptyBody","Sucker Punch","Sucker Punch","Sucker Punch","Replay:Anticipation","Replay:Anticipation","Replay:Anticipation","All Out Attack","All Out Attack","All Out Attack","Cleave","Cleave","Cleave","Anger","Anger","Anger","PiercingWail","PiercingWail","PiercingWail","Replay:Poison Smokescreen","Replay:Poison Smokescreen","Replay:Poison Smokescreen","Perfected Strike","Perfected Strike","Perfected Strike","Bandage Up","Bandage Up","Bandage Up","Outmaneuver","Outmaneuver","Outmaneuver","Leap","Leap","Leap","REME_GreenPollution","REME_GreenPollution","REME_GreenPollution","Fasting2","Fasting2","Fasting2","Fasting2","Fasting2","Fasting2","Fasting2","Fasting2","Fasting2","Fasting2","Fasting2","Fasting2","Fasting2","Fasting2","Fasting2","Panic Button","Panic Button","Panic Button","Infinite Blades","Infinite Blades","Infinite Blades","Stack","Stack","Stack","Footwork","Footwork","Footwork","Redo","Redo","Redo","PiercingWail","PiercingWail","PiercingWail","Defragment","Defragment","Defragment","ReplayTheSpireMod:Speed Training","ReplayTheSpireMod:Speed Training","ReplayTheSpireMod:Speed Training","Heel Hook","Heel Hook","Heel Hook","Blade Dance","Blade Dance","Blade Dance","Halt","Halt","Halt","PiercingWail","PiercingWail","PiercingWail","Halt","Halt","Halt","FollowUp","FollowUp","FollowUp","Blizzard","Blizzard","Blizzard","Cloak And Dagger+1","Cloak And Dagger+1","Cloak And Dagger+1","REME_MusicOfDeath","REME_MusicOfDeath","REME_MusicOfDeath"],"relics":["Cracked Core","Frozen Eye","Busted Crown","REME_ComplimentaryCards","Replay:Multitool","Gambling Chip","Prayer Wheel","Bottled Lightning","zeldaRelics:CouragePiece","infinitespire:WardingShard"],"acts_visited":["Exordium"],"potions_floor_usage":[12,12],"damage_taken":[{"damage":12,"enemies":"2 Louse","floor":4,"turns":3},{"damage":30,"enemies":"3 Sentries","floor":6,"turns":3},{"damage":0,"enemies":"Small Slimes","floor":8,"turns":2},{"damage":64,"enemies":"Lagavulin","floor":12,"turns":6}],"seed_played":"8262370390133388615","potions_obtained":[{"floor":4,"key":"LiquidMemories"},{"floor":11,"key":"DistilledChaos"}],"is_trial":true,"path_per_floor":["WH","?","WH","M","?","E","WH","M","T","WH","?","E"],"character_chosen":"DEFECT","items_purchased":[],"campfire_rested":0,"item_purchase_floors":[],"current_hp_per_floor":[64,64,71,66,66,36,43,43,43,51,51,0,0],"gold":267,"neow_bonus":"TEN_PERCENT_HP_BONUS","is_daily":false,"chose_seed":false,"campfire_upgraded":0,"win_rate":0.0,"timestamp":1608127036,"path_taken":["WH","?","WH","M","?","E","WH","M","T","WH","?","E"],"items_purchased_type":[],"build_version":"2020-12-13","purchased_purges":0,"victory":false,"max_hp_per_floor":[71,71,78,78,78,78,85,85,85,93,93,93,93],"relic_stats":{"Busted Crown":2,"counters":[4,14],"Gambling Chip":[20],"Prayer Wheel":0,"obtain_stats":[{"Frozen Eye":0,"Busted Crown":0,"infinitespire:WardingShard":8,"Gambling Chip":1,"Prayer Wheel":4,"Replay:Multitool":0,"zeldaRelics:CouragePiece":6,"Bottled Lightning":4,"Cracked Core":0,"REME_ComplimentaryCards":0},{"Frozen Eye":0,"Busted Crown":0,"infinitespire:WardingShard":3,"Gambling Chip":0,"Prayer Wheel":1,"Replay:Multitool":0,"zeldaRelics:CouragePiece":2,"Bottled Lightning":1,"Cracked Core":0,"REME_ComplimentaryCards":0},{"Frozen Eye":0,"Busted Crown":0,"infinitespire:WardingShard":8,"Gambling Chip":0,"Prayer Wheel":2,"Replay:Multitool":0,"zeldaRelics:CouragePiece":6,"Bottled Lightning":3,"Cracked Core":0,"REME_ComplimentaryCards":0}]},"card_choices":[{"not_picked":["Acrobatics","Pommel Strike"],"picked":"PiercingWail","floor":0},{"not_picked":["Disarm","Footwork"],"picked":"Static Discharge","floor":0},{"not_picked":["Protect","Loop"],"picked":"Reflex","floor":0},{"not_picked":["Seeing Red","Beam Cell"],"picked":"EmptyBody","floor":0},{"not_picked":["Warcry","Life Link"],"picked":"Sucker Punch","floor":0},{"not_picked":["Chaos","Bloodletting"],"picked":"Replay:Anticipation","floor":0},{"not_picked":["Steam","REME_FirmDetermination"],"picked":"All Out Attack","floor":0},{"not_picked":["Gash","Battle Trance"],"picked":"Cleave","floor":0},{"not_picked":["Eviscerate","Storm"],"picked":"Anger","floor":0},{"not_picked":["ReachHeaven","Genetic Algorithm"],"picked":"PiercingWail","floor":0},{"not_picked":["EmptyFist","Gash"],"picked":"Replay:Poison Smokescreen","floor":0},{"not_picked":["Deadly Poison","Leap"],"picked":"Perfected Strike","floor":0},{"not_picked":["Anger","ReplayTheSpireMod:System Scan"],"picked":"Bandage Up","floor":0},{"not_picked":["Quick Slash","ReplayTheSpireMod:LeadingStrike"],"picked":"Outmaneuver","floor":0},{"not_picked":["Sword Boomerang","Beam Cell"],"picked":"Leap","floor":0},{"not_picked":["Doom and Gloom","Sweeping Beam"],"picked":"Panic Button","floor":1},{"not_picked":["Acrobatics","Body Slam"],"picked":"Infinite Blades","floor":1},{"not_picked":["Deadly Poison","Replay:Cycle"],"picked":"Stack","floor":1},{"not_picked":["Poisoned Stab","PathToVictory"],"picked":"Footwork","floor":1},{"not_picked":["Body Slam","Dagger Spray"],"picked":"Redo","floor":1},{"not_picked":["Weave","Twin Strike"],"picked":"PiercingWail","floor":1},{"not_picked":["conspire:PoisonWeapons","CrushJoints"],"picked":"Defragment","floor":1},{"not_picked":["Expertise","Outmaneuver"],"picked":"ReplayTheSpireMod:Speed Training","floor":1},{"not_picked":["Hidden Blade","Flex"],"picked":"Heel Hook","floor":1},{"not_picked":["Go for the Eyes","Panic Button"],"picked":"Blade Dance","floor":1},{"not_picked":["Slice","Go for the Eyes"],"picked":"Halt","floor":1},{"not_picked":["Blur","Cloak And Dagger"],"picked":"PiercingWail","floor":1},{"not_picked":["PathToVictory","Underhanded Strike"],"picked":"Halt","floor":1},{"not_picked":["Prepared","Run Through"],"picked":"FollowUp","floor":1},{"not_picked":["ClearTheMind","Shrug It Off"],"picked":"Blizzard","floor":1}],"player_experience":1454938,"relics_obtained":[{"floor":4,"key":"Bottled Lightning"},{"floor":6,"key":"zeldaRelics:CouragePiece"},{"floor":8,"key":"infinitespire:WardingShard"},{"floor":9,"key":"zeldaRelics:CouragePiece"}],"event_choices":[{"damage_healed":0,"gold_gain":0,"cards_transformed":["Eruption"],"player_choice":"Change","damage_taken":0,"max_hp_gain":0,"max_hp_loss":0,"event_name":"Living Wall","floor":5,"gold_loss":0,"cards_obtained":["REME_MusicOfDeath"]},{"damage_healed":0,"gold_gain":0,"player_choice":"Got Potions","damage_taken":0,"max_hp_gain":0,"max_hp_loss":0,"event_name":"Lab","floor":11,"gold_loss":0}],"is_beta":false,"boss_relics":[],"items_purged_floors":[],"is_endless":false,"potions_floor_spawned":[4,8],"killed_by":"Lagavulin","ascension_level":20}}