{"host":"oc5h2hqz0xgb0igf","time":1608121482,"event":{"mods":["AchievementEnabler","BaseMod","Card Forge","Colored Map","Colored Powertips","Minty Spire (QoL Compilation)","Rare Cards Sparkle","StSLib"],"gold_per_floor":[109,128,144,159,159,159,194,213,213,56,56,76,131,165,165,260,260,271,290,290,290,304,339,355,380,432,449,449,484,494,504,504,604,604,618,558,573,589,589,589],"floor_reached":39,"playtime":2166,"items_purged":[],"score":767,"play_id":"ee120e4b-76bd-4554-a9fc-de6f54456125","local_time":"20201216042442","is_ascension_mode":true,"campfire_choices":[{"data":"Electrodynamics","floor":6,"key":"SMITH"},{"data":"All For One","floor":15,"key":"SMITH"},{"data":"Meteor Strike","floor":28,"key":"SMITH"},{"floor":32,"key":"RECALL"}],"circlet_count":0,"master_deck":["Steam Power+1","Recycle+1","Meteor Strike+1","Turbo+1","Tempest+1","Meteor Strike+1","Steam Power+1","Recycle+1","Reboot+1","Tempest+1","Turbo+1","Electrodynamics+1","Steam Power+1","Scrape+1","Turbo+1","Steam Power+1","All For One+1","Meteor Strike+1"],"relics":["Cracked Core","Hammer of Thor","Seething Fire","Anvil of the Gods","Bronze Scales","Tiny Chest","Happy Flower","Sozu","Nloth\u0027s Gift","Shuriken","Du-Vu Doll","Potion Belt","War Paint","Blue Candle","Busted Crown"],"acts_visited":["Exordium","TheCity","TheBeyond"],"potions_floor_usage":[37,39,39],"damage_taken":[{"damage":0,"enemies":"Cultist","floor":1,"turns":1},{"damage":0,"enemies":"Small Slimes","floor":2,"turns":1},{"damage":0,"enemies":"Jaw Worm","floor":3,"turns":1},{"damage":0,"enemies":"Exordium Thugs","floor":4,"turns":1},{"damage":0,"enemies":"3 Sentries","floor":7,"turns":1},{"damage":0,"enemies":"Lots of Slimes","floor":8,"turns":1},{"damage":0,"enemies":"2 Fungi Beasts","floor":12,"turns":1},{"damage":0,"enemies":"Lagavulin","floor":14,"turns":1},{"damage":0,"enemies":"The Guardian","floor":16,"turns":1},{"damage":0,"enemies":"Shell Parasite","floor":18,"turns":1},{"damage":0,"enemies":"3 Byrds","floor":19,"turns":1},{"damage":0,"enemies":"Snecko","floor":22,"turns":2},{"damage":0,"enemies":"Slavers","floor":23,"turns":1},{"damage":0,"enemies":"Centurion and Healer","floor":24,"turns":1},{"damage":0,"enemies":"Gremlin Leader","floor":25,"turns":1},{"damage":0,"enemies":"Sentry and Sphere","floor":27,"turns":1},{"damage":0,"enemies":"Book of Stabbing","floor":29,"turns":1},{"damage":0,"enemies":"Snake Plant","floor":30,"turns":1},{"damage":0,"enemies":"Snecko","floor":31,"turns":1},{"damage":0,"enemies":"Automaton","floor":33,"turns":1},{"damage":0,"enemies":"Orb Walker","floor":35,"turns":1},{"damage":0,"enemies":"3 Shapes","floor":37,"turns":1},{"damage":0,"enemies":"Jaw Worm Horde","floor":38,"turns":1},{"damage":127,"enemies":"Transient","floor":39,"turns":4}],"seed_played":"1698732664608493090","potions_obtained":[{"floor":1,"key":"Explosive Potion"},{"floor":4,"key":"BlessingOfTheForge"},{"floor":5,"key":"EntropicBrew"},{"floor":5,"key":"SkillPotion"}],"is_trial":false,"path_per_floor":["M","M","M","M","?","R","E","M","T","$","?","M","T","E","R","B",null,"M","M","?","T","M","E","M","E","T","M","R","E","M","M","R","B",null,"M","?","M","M","M"],"character_chosen":"DEFECT","items_purchased":["Tiny Chest"],"campfire_rested":0,"item_purchase_floors":[10],"current_hp_per_floor":[82,82,82,82,82,82,82,82,82,82,66,66,66,66,66,66,82,82,82,82,82,82,82,82,82,82,82,82,82,82,82,82,82,82,82,82,82,82,0,0],"gold":589,"neow_bonus":"TEN_PERCENT_HP_BONUS","is_daily":false,"chose_seed":false,"campfire_upgraded":3,"win_rate":0.0,"timestamp":1608121482,"path_taken":["M","M","M","M","?","R","E","M","T","?","?","M","?","E","R","BOSS","M","M","?","?","M","E","M","E","T","M","R","E","M","?","R","BOSS","M","?","M","M","?"],"items_purchased_type":["Relic"],"build_version":"2020-12-13","purchased_purges":0,"victory":false,"max_hp_per_floor":[82,82,82,82,82,82,82,82,82,82,82,82,82,82,82,82,82,82,82,82,82,82,82,82,82,82,82,82,82,82,82,82,82,82,82,82,82,82,82,82],"card_choices":[{"not_picked":["Undo","Coolheaded","Cold Snap"],"picked":"SKIP","floor":1},{"not_picked":["Barrage","Coolheaded","Ball Lightning"],"picked":"SKIP","floor":2},{"not_picked":["Conserve Battery","Leap","Aggregate"],"picked":"SKIP","floor":3},{"not_picked":["Double Energy","Redo","Capacitor"],"picked":"SKIP","floor":4},{"not_picked":["Aggregate","Static Discharge","Gash"],"picked":"SKIP","floor":7},{"not_picked":["Compile Driver","Beam Cell","Hologram"],"picked":"SKIP","floor":8},{"not_picked":["Barrage","Coolheaded"],"picked":"All For One","floor":12},{"not_picked":["Compile Driver","Stack","Genetic Algorithm"],"picked":"SKIP","floor":14},{"not_picked":["Machine Learning","Core Surge"],"picked":"Meteor Strike","floor":16},{"not_picked":["Go for the Eyes","Self Repair","Beam Cell"],"picked":"SKIP","floor":18},{"not_picked":["Redo+1","Tempest+1","Reprogram"],"picked":"SKIP","floor":19},{"not_picked":["Machine Learning","Double Energy","Reinforced Body+1"],"picked":"SKIP","floor":22},{"not_picked":["Sweeping Beam","Gash","All For One"],"picked":"SKIP","floor":23},{"not_picked":["Sweeping Beam","Turbo+1","Rebound"],"picked":"SKIP","floor":24},{"not_picked":["Meteor Strike","Rebound+1","Sweeping Beam"],"picked":"SKIP","floor":25},{"not_picked":["Sweeping Beam","Rebound","Storm+1"],"picked":"SKIP","floor":27},{"not_picked":["Leap","Storm","Rainbow"],"picked":"SKIP","floor":29},{"not_picked":["Stack","Static Discharge","Barrage+1"],"picked":"SKIP","floor":30},{"not_picked":["Hologram+1","Darkness","Force Field"],"picked":"SKIP","floor":31},{"not_picked":["Capacitor"],"picked":"SKIP","floor":35},{"not_picked":["Sweeping Beam+1"],"picked":"SKIP","floor":37},{"not_picked":["Sweeping Beam+1"],"picked":"SKIP","floor":37},{"not_picked":["Glacier+1"],"picked":"SKIP","floor":38}],"player_experience":86145,"relics_obtained":[{"floor":7,"key":"Bronze Scales"},{"floor":13,"key":"Happy Flower"},{"floor":14,"key":"Boot"},{"floor":21,"key":"Shuriken"},{"floor":23,"key":"Du-Vu Doll"},{"floor":25,"key":"Potion Belt"},{"floor":26,"key":"War Paint"},{"floor":29,"key":"Blue Candle"}],"event_choices":[{"damage_healed":0,"gold_gain":0,"player_choice":"Got Potions","damage_taken":0,"max_hp_gain":0,"max_hp_loss":0,"event_name":"Lab","floor":5,"gold_loss":0},{"damage_healed":0,"gold_gain":0,"player_choice":"Entered Light","damage_taken":16,"max_hp_gain":0,"max_hp_loss":0,"event_name":"Shining Light","floor":11,"gold_loss":0,"cards_upgraded":["Tempest","Tempest"]},{"damage_healed":0,"gold_gain":0,"player_choice":"Traded Relic","damage_taken":0,"relics_obtained":["Nloth\u0027s Gift"],"max_hp_gain":0,"max_hp_loss":0,"event_name":"N\u0027loth","floor":20,"relics_lost":["Boot"],"gold_loss":0},{"cards_removed":["Scrape"],"damage_healed":0,"gold_gain":0,"player_choice":"Single Remove","damage_taken":0,"max_hp_gain":0,"max_hp_loss":0,"event_name":"Designer","floor":36,"gold_loss":60}],"is_beta":false,"boss_relics":[{"not_picked":["Calling Bell","Cursed Key"],"picked":"Sozu"},{"not_picked":["SlaversCollar","Coffee Dripper"],"picked":"Busted Crown"}],"items_purged_floors":[],"is_endless":false,"potions_floor_spawned":[1,4,8,14,16,19,24,29,31,33,35,38],"killed_by":"Transient","ascension_level":1}}