{"host":"2lqi9xx9scmc3cqh","time":1608138666,"event":{"mods":["AchievementEnabler","BaseMod","Colored Map","Minty Spire (QoL Compilation)","Remove Card Discount Mod","StSLib"],"gold_per_floor":[112,287,303,316,266,291,4982,4982,5008,5043,4764,4764,4776,4796,4796,4898,4898,4913,4930,4361,4361,3797,3797,3826,3826,3826,3855,3865,3865,2924,2939,2939,3042,3042,3059,3059,3071,2524,2524,2524,2551,2569,2569,2603,1926,1955,1965,1979,1979,1979],"floor_reached":51,"playtime":2435,"items_purged":["Strike_B","Strike_B","Defend_B","Doubt","Strike_B","Defend_B","Cold Snap","Pain"],"score":1128,"play_id":"757c3742-b1af-4684-a3d4-5b63ec37ac05","local_time":"20201217021106","is_ascension_mode":true,"campfire_choices":[{"data":"Zap","floor":8.0,"key":"SMITH"},{"data":"Skim","floor":15.0,"key":"SMITH"},{"data":"Loop","floor":23.0,"key":"SMITH"},{"data":"Cold Snap","floor":25.0,"key":"SMITH"},{"data":"Coolheaded","floor":29.0,"key":"SMITH"},{"data":"FTL","floor":32.0,"key":"SMITH"},{"data":"Hologram","floor":40,"key":"SMITH"},{"data":"Cold Snap","floor":49,"key":"SMITH"}],"circlet_count":0,"master_deck":["Defend_B+1","Defend_B","Zap+1","Dualcast+1","Hologram+1","Cold Snap+1","Cold Snap+1","Skim+1","Chill","FTL+1","Loop+1","Coolheaded+1","Biased Cognition+1","Biased Cognition+1"],"relics":["Cracked Core","NeowsBlessing","Boot","Blood Vial","Orrery","Bronze Scales","StoneCalendar","PreservedInsect","Black Star","Gremlin Horn","OrangePellets","Potion Belt","Dream Catcher","Toy Ornithopter","Lee\u0027s Waffle","War Paint","Akabeko","Bag of Marbles","Kunai","Bag of Preparation","Frozen Egg 2","Incense Burner","Medical Kit","Busted Crown","Matryoshka","TungstenRod","WarpedTongs","FossilizedHelix","Regal Pillow","Lantern","Torii","Sundial","Juzu Bracelet","Singing Bowl","Molten Egg 2","ClockworkSouvenir","Art of War","Meat on the Bone"],"acts_visited":["TheBeyond"],"potions_floor_usage":[50,50,50],"damage_taken":[{"damage":0.0,"enemies":"Small Slimes","floor":1.0,"turns":1.0},{"damage":0.0,"enemies":"2 Louse","floor":3.0,"turns":1.0},{"damage":0.0,"enemies":"Cultist","floor":4.0,"turns":1.0},{"damage":24.0,"enemies":"Lagavulin","floor":6.0,"turns":9.0},{"damage":6.0,"enemies":"Gremlin Nob","floor":10.0,"turns":4.0},{"damage":9.0,"enemies":"Exordium Thugs","floor":13.0,"turns":4.0},{"damage":1.0,"enemies":"Looter","floor":14.0,"turns":2.0},{"damage":2.0,"enemies":"Hexaghost","floor":16.0,"turns":8.0},{"damage":0.0,"enemies":"3 Byrds","floor":18.0,"turns":2.0},{"damage":1.0,"enemies":"Spheric Guardian","floor":19.0,"turns":4.0},{"damage":15.0,"enemies":"Gremlin Leader","floor":24.0,"turns":5.0},{"damage":22.0,"enemies":"Slavers","floor":27.0,"turns":3.0},{"damage":0.0,"enemies":"Chosen and Byrds","floor":28.0,"turns":3.0},{"damage":0.0,"enemies":"Snecko","floor":31.0,"turns":5.0},{"damage":0.0,"enemies":"Automaton","floor":33.0,"turns":7.0},{"damage":0,"enemies":"3 Shapes","floor":35,"turns":4},{"damage":0,"enemies":"Orb Walker","floor":37,"turns":2},{"damage":0,"enemies":"Nemesis","floor":41,"turns":3},{"damage":0,"enemies":"4 Shapes","floor":42,"turns":4},{"damage":0,"enemies":"Giant Head","floor":44,"turns":6},{"damage":0,"enemies":"Nemesis","floor":46,"turns":3},{"damage":0,"enemies":"Jaw Worm Horde","floor":47,"turns":2},{"damage":0,"enemies":"Sphere and 2 Shapes","floor":48,"turns":4},{"damage":0,"enemies":"Donu and Deca","floor":50,"turns":8}],"seed_played":"-1575607536235020045","potions_obtained":[{"floor":3.0,"key":"LiquidBronze"},{"floor":4.0,"key":"SteroidPotion"},{"floor":13.0,"key":"SmokeBomb"},{"floor":16.0,"key":"PowerPotion"},{"floor":19.0,"key":"Strength Potion"},{"floor":42,"key":"Block Potion"},{"floor":44,"key":"Strength Potion"}],"is_trial":false,"path_per_floor":["M","?","M","M","?","E","$","R","T","E","$","?","M","M","R","B",null,"M","M","$","?","$","R","E","R","T","E","M","R","$","M","R","B",null,"M","?","M","$","?","R","E","M","T","E","$","E","M","M","R","B",null],"character_chosen":"DEFECT","items_purchased":["Blood Vial","Orrery","PreservedInsect","Regen Potion","ColorlessPotion","Gremlin Horn","OrangePellets","Potion Belt","Loop","Dream Catcher","Toy Ornithopter","Lee\u0027s Waffle","FairyPotion","Frozen Egg 2","Incense Burner","Biased Cognition+1","LiquidBronze","Fire Potion","AttackPotion","Medical Kit","Matryoshka","TungstenRod","Singing Bowl","Molten Egg 2","ClockworkSouvenir","AttackPotion"],"campfire_rested":0,"item_purchase_floors":[7,7,11,11,11,20,20,20,20,22,22,22,22,30,30,30,30,30,30,30,38,38,45,45,45,45],"current_hp_per_floor":[75,75,75,75,75,51,51,51,51,47,47,47,40,41,41,41,75,75,74,74,74,82,82,67,67,67,52,54,54,54,56,56,73,82,82,82,82,82,82,82,82,82,82,82,82,84,86,88,88,88],"gold":1979,"neow_bonus":"THREE_ENEMY_KILL","is_daily":false,"chose_seed":false,"campfire_upgraded":8,"win_rate":0.0,"timestamp":1608138666,"path_taken":["M","?","M","M","?","E","$","R","T","E","$","?","M","?","R","BOSS","M","M","$","?","$","R","E","R","T","E","M","R","$","M","R","BOSS","M","?","M","$","?","R","E","M","T","E","$","E","M","M","R","BOSS"],"items_purchased_type":["Relic","Relic","Relic","Potion","Potion","Relic","Relic","Relic","Card","Relic","Relic","Relic","Potion","Relic","Relic","Card","Potion","Potion","Potion","Relic","Relic","Relic","Relic","Relic","Relic","Potion"],"build_version":"2020-12-13","purchased_purges":8,"victory":true,"max_hp_per_floor":[75,75,75,75,75,75,75,75,75,75,75,75,75,75,75,75,75,75,75,75,75,82,82,82,82,82,82,82,82,82,82,82,82,82,82,82,82,82,82,82,82,82,82,82,82,84,86,88,88,88],"card_choices":[{"not_picked":["Leap","Aggregate"],"picked":"Hologram","floor":1.0},{"not_picked":["Conserve Battery","Consume"],"picked":"Cold Snap","floor":3.0},{"not_picked":["Go for the Eyes","Conserve Battery","Turbo"],"picked":"SKIP","floor":4.0},{"not_picked":["Leap","Turbo"],"picked":"Cold Snap","floor":6.0},{"not_picked":["Ball Lightning","Hologram"],"picked":"Skim","floor":7.0},{"not_picked":["Stack","Scrape"],"picked":"Chill","floor":7.0},{"not_picked":["Compile Driver","Beam Cell"],"picked":"Cold Snap","floor":7.0},{"not_picked":["Stack","Barrage","Steam"],"picked":"SKIP","floor":10.0},{"not_picked":["Auto Shields","Beam Cell","Redo"],"picked":"SKIP","floor":13.0},{"not_picked":["Streamline","Gash","Conserve Battery"],"picked":"SKIP","floor":14.0},{"not_picked":["Streamline","Gash","Conserve Battery"],"picked":"SKIP","floor":14.0},{"not_picked":["Redo","Chill"],"picked":"FTL","floor":18.0},{"not_picked":["Skim+1","Go for the Eyes","Turbo+1"],"picked":"SKIP","floor":19.0},{"not_picked":["Redo+1","Streamline","Leap+1"],"picked":"SKIP","floor":24.0},{"not_picked":["Hologram+1","Hello World","Conserve Battery"],"picked":"SKIP","floor":27.0},{"not_picked":["Cold Snap","Gash+1"],"picked":"Coolheaded","floor":28.0},{"not_picked":["Meteor Strike","Blizzard","Compile Driver"],"picked":"SKIP","floor":31.0},{"not_picked":["All For One","Multi-Cast"],"picked":"Biased Cognition+1","floor":33.0},{"not_picked":["Genetic Algorithm"],"picked":"SKIP","floor":35},{"not_picked":["Storm+1"],"picked":"SKIP","floor":37},{"not_picked":["Loop+1"],"picked":"SKIP","floor":41},{"not_picked":["Auto Shields+1"],"picked":"SKIP","floor":42},{"not_picked":["Stack"],"picked":"SKIP","floor":44},{"not_picked":["Beam Cell+1"],"picked":"Singing Bowl","floor":46},{"not_picked":["Capacitor+1"],"picked":"Singing Bowl","floor":47},{"not_picked":["Melter+1"],"picked":"Singing Bowl","floor":48}],"player_experience":355717,"relics_obtained":[{"floor":6.0,"key":"Boot"},{"floor":9.0,"key":"Bronze Scales"},{"floor":10.0,"key":"StoneCalendar"},{"floor":24.0,"key":"War Paint"},{"floor":24.0,"key":"Akabeko"},{"floor":26.0,"key":"Bag of Marbles"},{"floor":27.0,"key":"Kunai"},{"floor":27.0,"key":"Bag of Preparation"},{"floor":41,"key":"FossilizedHelix"},{"floor":41,"key":"Regal Pillow"},{"floor":43,"key":"Lantern"},{"floor":43,"key":"Torii"},{"floor":44,"key":"Sundial"},{"floor":44,"key":"Juzu Bracelet"},{"floor":46,"key":"Art of War"},{"floor":46,"key":"Meat on the Bone"}],"event_choices":[{"damage_healed":0.0,"max_hp_gain":0.0,"max_hp_loss":0.0,"gold_gain":175.0,"event_name":"Liars Game","player_choice":"AGREE","floor":2.0,"gold_loss":0.0,"damage_taken":0.0,"cards_obtained":["Doubt"]},{"cards_removed":["Strike_B"],"damage_healed":0.0,"max_hp_gain":0.0,"max_hp_loss":0.0,"gold_gain":0.0,"event_name":"The Cleric","player_choice":"Card Removal","floor":5.0,"gold_loss":50.0,"damage_taken":0.0},{"damage_healed":0.0,"max_hp_gain":0.0,"max_hp_loss":0.0,"gold_gain":0.0,"event_name":"NoteForYourself","player_choice":"Ignored","floor":12.0,"gold_loss":0.0,"damage_taken":0.0},{"damage_healed":0.0,"max_hp_gain":0.0,"max_hp_loss":0.0,"gold_gain":0.0,"event_name":"Ghosts","player_choice":"Ignored","floor":21.0,"gold_loss":0.0,"damage_taken":0.0},{"damage_healed":0,"gold_gain":0,"player_choice":"Memory 1","damage_taken":0,"max_hp_gain":0,"max_hp_loss":0,"event_name":"SensoryStone","floor":36,"gold_loss":0},{"damage_healed":0,"gold_gain":0,"player_choice":"Rummage","damage_taken":0,"relics_obtained":["WarpedTongs"],"max_hp_gain":0,"max_hp_loss":0,"event_name":"Accursed Blacksmith","floor":39,"gold_loss":0,"cards_obtained":["Pain"]}],"is_beta":false,"boss_relics":[{"not_picked":["Tiny House","Ectoplasm"],"picked":"Black Star"},{"not_picked":["Snecko Eye","Astrolabe"],"picked":"Busted Crown"}],"items_purged_floors":[7,7,7,7,7,7,30,45],"is_endless":false,"potions_floor_spawned":[3,4,13,16,18,19,31,42,44,47,48],"ascension_level":1}}