{"host":"Crutt","time":1608085496,"event":{"mods":["2.2 Compatiblity","Aspiration","Bard","BaseMod","Better Altar","Better Skull","Better Third Choice","Googly Eyes","Hermit","Jedi Mod","Jorbs\u0027s Wanderer Trilogy","Minty Spire (QoL Compilation)","Optimize The Spire","Potionbrewer","Spicy Shops","StSLib","The Construct","The Cursed","The Disciple","The Hierophant","The Runesmith","The Showman","The Witch","thorton","vexMod"],"gold_per_floor":[139,162,176,176,205,205,14,0,0,100,125,158,158,193,193,204,204,204],"floor_reached":16,"playtime":412,"items_purged":[],"score":146,"play_id":"6610dab0-a1a5-4d88-821d-45affd06e8cd","local_time":"20201215202456","is_ascension_mode":true,"campfire_choices":[{"data":"thethorton:Heckle","floor":6,"key":"SMITH"},{"floor":15,"key":"REST"}],"circlet_count":0,"master_deck":["AscendersBane","thethorton:Strike","thethorton:Strike","thethorton:Strike","thethorton:Strike","thethorton:Defend","thethorton:Defend","thethorton:Defend","thethorton:Defend","thethorton:Heckle+1","thethorton:CreditCard","Normality","thethorton:GoldBuffer","thethorton:CannonShot","thethorton:BusinessBash","thethorton:HitAhead","thethorton:FearfulRun","thethorton:BusinessCard","thethorton:PocketChange","Parasite","thethorton:BusinessCard"],"relics":["thethorton:CouragePotion","NeowsBlessing","Golden Idol","thethorton:Resume","aspiration:FetidBarrel","vexMod:CardConverter"],"acts_visited":["Exordium"],"potions_floor_usage":[14,14],"damage_taken":[{"damage":0,"enemies":"2 Louse","floor":1,"turns":2},{"damage":0,"enemies":"Jaw Worm","floor":2,"turns":1},{"damage":0,"enemies":"Small Slimes","floor":3,"turns":1},{"damage":18,"enemies":"Red Slaver","floor":5,"turns":7},{"damage":12,"enemies":"2 Fungi Beasts","floor":11,"turns":4},{"damage":7,"enemies":"Blue Slaver","floor":12,"turns":4},{"damage":14,"enemies":"Exordium Wildlife","floor":14,"turns":4},{"damage":44,"enemies":"The Guardian","floor":16,"turns":10}],"seed_played":"-1548090347635427287","potions_obtained":[{"floor":2,"key":"Regen Potion"},{"floor":11,"key":"BlessingOfTheForge"}],"is_trial":false,"path_per_floor":["M","M","M","?","M","R","$","?","T","?","M","M","?","M","R","B"],"character_chosen":"THE_THORT","items_purchased":["thethorton:Resume","thethorton:FearfulRun"],"campfire_rested":1,"item_purchase_floors":[7,7],"current_hp_per_floor":[61,61,61,44,26,26,26,26,26,26,14,7,24,22,42,0,0,0],"gold":204,"neow_bonus":"THREE_ENEMY_KILL","is_daily":false,"chose_seed":false,"campfire_upgraded":1,"win_rate":0.0,"timestamp":1608085496,"path_taken":["M","M","M","?","M","R","$","?","T","?","M","?","?","M","R","BOSS"],"items_purchased_type":["Relic","Card"],"build_version":"2020-12-07","purchased_purges":0,"victory":false,"max_hp_per_floor":[68,68,68,68,68,68,68,68,68,68,68,68,68,68,68,68,68,68],"card_choices":[{"not_picked":["thethorton:FearfulRun","thethorton:Hindsight"],"picked":"thethorton:GoldBuffer","floor":1},{"not_picked":["thethorton:CallIn","thethorton:StumblingSlap"],"picked":"thethorton:CannonShot","floor":2},{"not_picked":["thethorton:BusinessCard","thethorton:DownPayment"],"picked":"thethorton:BusinessBash","floor":3},{"not_picked":["thethorton:ShoutAndRun","thethorton:ToxicGreed"],"picked":"thethorton:HitAhead","floor":5},{"not_picked":["thethorton:OddChange","thethorton:SicklyRun"],"picked":"thethorton:BusinessCard","floor":11},{"not_picked":["thethorton:DualBap","thethorton:DesperateRun"],"picked":"thethorton:PocketChange","floor":12},{"not_picked":["thethorton:BookBash","thethorton:SicklyRun"],"picked":"thethorton:BusinessCard","floor":14}],"player_experience":3571896,"relics_obtained":[{"floor":9,"key":"aspiration:FetidBarrel"}],"event_choices":[{"damage_healed":0,"gold_gain":0,"player_choice":"Take Damage","damage_taken":17,"relics_obtained":["Golden Idol"],"max_hp_gain":0,"max_hp_loss":0,"event_name":"Golden Idol","floor":4,"gold_loss":0},{"damage_healed":0,"gold_gain":0,"player_choice":"Left","damage_taken":0,"max_hp_gain":0,"max_hp_loss":0,"event_name":"betterThird:BetterGoop","floor":8,"gold_loss":14},{"damage_healed":0,"gold_gain":100,"player_choice":"Pray","damage_taken":0,"max_hp_gain":0,"max_hp_loss":0,"event_name":"Golden Shrine","floor":10,"gold_loss":0},{"damage_healed":17,"gold_gain":0,"player_choice":"Healed and dodged fight","damage_taken":0,"max_hp_gain":0,"max_hp_loss":0,"event_name":"Mushrooms","floor":13,"gold_loss":0,"cards_obtained":["Parasite"]}],"is_beta":true,"boss_relics":[],"items_purged_floors":[],"is_endless":false,"potions_floor_spawned":[2,11],"killed_by":"The Guardian","ascension_level":11}}