{"host":"5mo0809oo9tcrmpl","time":1608086976,"event":{"mods":["BaseMod","Highlight Path","Minty Spire (QoL Compilation)","Relic Stats","Slay the Relics Exporter"],"gold_per_floor":[216,216,234,252,268,268,303,303,303,344,363,377,49,74,74,164,164,188,188,211,229,229,229,68,68,95,111,145,70,70,91,91,180,180,193,206,206,206,231,231,254,254,254,254,82,82,122,22,22,22,22,22,22,22,22,22],"floor_reached":55,"playtime":3272,"items_purged":["Strike_R","Strike_R"],"score":1990,"play_id":"80319bfd-f5a7-4600-908c-012694b8ff61","local_time":"20201215204936","is_ascension_mode":true,"campfire_choices":[{"data":"Bash","floor":6.0,"key":"SMITH"},{"data":"Armaments","floor":8.0,"key":"SMITH"},{"data":"Metallicize","floor":15.0,"key":"SMITH"},{"data":"Barricade","floor":25.0,"key":"SMITH"},{"floor":32.0,"key":"REST"},{"floor":40.0,"key":"RECALL"},{"data":"Body Slam","floor":42.0,"key":"SMITH"},{"data":"Uppercut","floor":44.0,"key":"SMITH"},{"data":"Shockwave","floor":46.0,"key":"SMITH"},{"data":"Juggernaut","floor":49.0,"key":"SMITH"},{"data":"Impervious","floor":53.0,"key":"SMITH"}],"circlet_count":0,"master_deck":["AscendersBane","Strike_R","Strike_R","Strike_R+1","Defend_R","Defend_R+1","Defend_R","Defend_R+1","Bash+1","Thunderclap+1","Dropkick","Ghostly Armor","Armaments+1","Shrug It Off","Shrug It Off","Metallicize+1","Barricade+1","Whirlwind","Body Slam+1","Iron Wave","Juggernaut+1","Uppercut+1","Impervious+1","Shockwave+1"],"relics":["Burning Blood","Golden Idol","Sundial","Question Card","FossilizedHelix","Anchor","Nunchaku","Busted Crown","War Paint","Bag of Marbles","Whetstone","Runic Pyramid","InkBottle","TheAbacus"],"acts_visited":["Exordium","TheCity","TheBeyond","TheEnding"],"potions_floor_usage":[],"damage_taken":[{"damage":1.0,"enemies":"2 Louse","floor":1.0,"turns":2.0},{"damage":12.0,"enemies":"Small Slimes","floor":3.0,"turns":4.0},{"damage":9.0,"enemies":"Jaw Worm","floor":4.0,"turns":4.0},{"damage":8.0,"enemies":"Large Slime","floor":5.0,"turns":6.0},{"damage":8.0,"enemies":"Gremlin Nob","floor":7.0,"turns":3.0},{"damage":25.0,"enemies":"Lagavulin","floor":10.0,"turns":7.0},{"damage":0.0,"enemies":"2 Fungi Beasts","floor":11.0,"turns":4.0},{"damage":3.0,"enemies":"3 Louse","floor":12.0,"turns":6.0},{"damage":0.0,"enemies":"Blue Slaver","floor":14.0,"turns":5.0},{"damage":10.0,"enemies":"The Guardian","floor":16.0,"turns":13.0},{"damage":4.0,"enemies":"3 Byrds","floor":18.0,"turns":10.0},{"damage":17.0,"enemies":"Spheric Guardian","floor":20.0,"turns":10.0},{"damage":24.0,"enemies":"Cultist and Chosen","floor":21.0,"turns":11.0},{"damage":0.0,"enemies":"Gremlin Leader","floor":23.0,"turns":1.0},{"damage":0.0,"enemies":"Centurion and Healer","floor":27.0,"turns":8.0},{"damage":42.0,"enemies":"Slavers","floor":28.0,"turns":7.0},{"damage":0.0,"enemies":"Sentry and Sphere","floor":31.0,"turns":6.0},{"damage":41.0,"enemies":"Automaton","floor":33.0,"turns":13.0},{"damage":0.0,"enemies":"3 Darklings","floor":35.0,"turns":8.0},{"damage":0.0,"enemies":"3 Shapes","floor":36.0,"turns":10.0},{"damage":3.0,"enemies":"Sphere and 2 Shapes","floor":39.0,"turns":8.0},{"damage":0.0,"enemies":"Nemesis","floor":47.0,"turns":7.0},{"damage":51.0,"enemies":"Donu and Deca","floor":50.0,"turns":13.0},{"damage":0.0,"enemies":"Awakened One","floor":51.0,"turns":14.0},{"damage":71,"enemies":"Shield and Spear","floor":55,"turns":8}],"seed_played":"-5640463841784007506","potions_obtained":[{"floor":1.0,"key":"LiquidMemories"},{"floor":4.0,"key":"Strength Potion"},{"floor":7.0,"key":"Swift Potion"},{"floor":11.0,"key":"BloodPotion"},{"floor":12.0,"key":"Fire Potion"},{"floor":18.0,"key":"ElixirPotion"},{"floor":21.0,"key":"SmokeBomb"},{"floor":28.0,"key":"Ancient Potion"},{"floor":31.0,"key":"SteroidPotion"},{"floor":39.0,"key":"Strength Potion"}],"is_trial":false,"path_per_floor":["M","?","M","M","M","R","E","R","T","E","M","M","$","M","R","B",null,"M","?","M","M","?","E","$","R","T","M","E","$","?","M","R","B",null,"M","M","?","?","M","R","T","R","T","R","$","R","E","$","R","B","B",null,"R","$","E"],"character_chosen":"IRONCLAD","items_purchased":["Anchor","Nunchaku","War Paint","TheAbacus"],"campfire_rested":1,"item_purchase_floors":[13,13,24,45],"current_hp_per_floor":[73,47,41,38,36,36,34,34,34,15,21,39,39,45,45,41,67,69,69,58,40,40,46,46,46,46,52,16,16,16,22,44,9,59,65,71,71,71,74,74,74,74,74,74,74,74,75,75,75,30,36,65,65,65,0,0],"gold":22,"neow_bonus":"HUNDRED_GOLD","is_daily":false,"chose_seed":false,"campfire_upgraded":9,"win_rate":0.0,"timestamp":1608086976,"path_taken":["M","?","M","M","M","R","E","R","T","E","M","M","$","M","R","BOSS","M","?","M","M","?","E","$","R","T","M","E","$","?","M","R","BOSS","M","M","?","?","M","R","?","R","T","R","$","R","E","$","R","BOSS","BOSS","R","$","E"],"items_purchased_type":["Relic","Relic","Relic","Relic"],"build_version":"2020-12-13","purchased_purges":2,"victory":false,"max_hp_per_floor":[75,75,75,75,75,75,75,75,75,75,75,75,75,75,75,75,75,75,75,75,75,75,75,75,75,75,75,75,75,75,75,75,75,75,75,75,75,75,75,75,75,75,75,75,75,75,75,75,75,75,75,75,75,75,75,75],"relic_stats":{"Nunchaku":[27],"Busted Crown":22,"TheAbacus":[66],"counters":[25,188],"Golden Idol":165,"Sundial":[26],"Whetstone":["Strike_R","Thunderclap"],"War Paint":["Defend_R","Defend_R"],"Question Card":16,"obtain_stats":[{"Golden Idol":2,"Whetstone":28,"War Paint":24,"Question Card":9,"Burning Blood":0,"Anchor":13,"Nunchaku":13,"Busted Crown":17,"TheAbacus":45,"Sundial":7,"Bag of Marbles":26,"FossilizedHelix":10,"InkBottle":43,"Runic Pyramid":34},{"Golden Idol":1,"Whetstone":16,"War Paint":14,"Question Card":5,"Burning Blood":0,"Anchor":8,"Nunchaku":8,"Busted Crown":10,"TheAbacus":21,"Sundial":5,"Bag of Marbles":14,"FossilizedHelix":6,"InkBottle":21,"Runic Pyramid":18},{"Golden Idol":2,"Whetstone":101,"War Paint":86,"Question Card":19,"Burning Blood":0,"Anchor":36,"Nunchaku":36,"Busted Crown":54,"TheAbacus":146,"Sundial":19,"Bag of Marbles":86,"FossilizedHelix":26,"InkBottle":146,"Runic Pyramid":120}],"Burning Blood":139,"InkBottle":[18]},"card_choices":[{"not_picked":["Burning Pact","Sword Boomerang"],"picked":"Thunderclap","floor":1.0},{"not_picked":["Body Slam","Bloodletting"],"picked":"Dropkick","floor":3.0},{"not_picked":["Burning Pact","Entrench","Fire Breathing"],"picked":"SKIP","floor":4.0},{"not_picked":["Blood for Blood","Heavy Blade"],"picked":"Ghostly Armor","floor":5.0},{"not_picked":["Spot Weakness","Offering"],"picked":"Armaments","floor":7.0},{"not_picked":["Pummel","Rupture","Flex"],"picked":"Shrug It Off","floor":10.0},{"not_picked":["Armaments","Blood for Blood","Thunderclap","Burning Pact"],"picked":"SKIP","floor":11.0},{"not_picked":["Headbutt","Flex","Havoc"],"picked":"Shrug It Off","floor":12.0},{"not_picked":["Fire Breathing","Heavy Blade","Havoc"],"picked":"Metallicize","floor":14.0},{"not_picked":["Impervious","Offering","Corruption"],"picked":"Barricade","floor":16.0},{"not_picked":["Power Through"],"picked":"Whirlwind","floor":18.0},{"not_picked":["Flex","Havoc"],"picked":"SKIP","floor":20.0},{"not_picked":["Clothesline"],"picked":"Iron Wave","floor":21.0},{"not_picked":["Cleave+1"],"picked":"Juggernaut","floor":27.0},{"not_picked":["Havoc"],"picked":"Uppercut","floor":28.0},{"not_picked":["Headbutt","Thunderclap+1"],"picked":"SKIP","floor":31.0},{"not_picked":["Corruption"],"picked":"Impervious","floor":33.0},{"not_picked":["Heavy Blade+1"],"picked":"Shockwave","floor":35.0},{"not_picked":["Headbutt","Pommel Strike"],"picked":"SKIP","floor":36.0},{"not_picked":["Thunderclap","Clash"],"picked":"SKIP","floor":39.0},{"not_picked":["Spot Weakness","Shrug It Off"],"picked":"SKIP","floor":47.0}],"player_experience":1270773,"relics_obtained":[{"floor":7.0,"key":"Sundial"},{"floor":9.0,"key":"Question Card"},{"floor":10.0,"key":"FossilizedHelix"},{"floor":26.0,"key":"Bag of Marbles"},{"floor":28.0,"key":"Whetstone"},{"floor":43.0,"key":"InkBottle"}],"event_choices":[{"damage_healed":0.0,"max_hp_gain":0.0,"max_hp_loss":0.0,"gold_gain":0.0,"event_name":"Golden Idol","player_choice":"Take Damage","floor":2.0,"gold_loss":0.0,"damage_taken":26.0,"relics_obtained":["Golden Idol"]},{"damage_healed":0.0,"max_hp_gain":0.0,"max_hp_loss":0.0,"gold_gain":0.0,"event_name":"The Library","player_choice":"Read","floor":19.0,"gold_loss":0.0,"damage_taken":0.0,"cards_obtained":["Body Slam"]},{"damage_healed":0.0,"max_hp_gain":0.0,"max_hp_loss":0.0,"gold_gain":0.0,"event_name":"Cursed Tome","player_choice":"Ignored","floor":22.0,"gold_loss":0.0,"damage_taken":0.0},{"damage_healed":0.0,"max_hp_gain":0.0,"max_hp_loss":0.0,"gold_gain":0.0,"event_name":"Vampires","player_choice":"Ignored","floor":30.0,"gold_loss":0.0,"damage_taken":0.0},{"damage_healed":0.0,"max_hp_gain":0.0,"max_hp_loss":0.0,"gold_gain":0.0,"event_name":"Tomb of Lord Red Mask","player_choice":"Ignored","floor":37.0,"gold_loss":0.0,"damage_taken":0.0},{"damage_healed":0.0,"max_hp_gain":0.0,"max_hp_loss":0.0,"gold_gain":0.0,"event_name":"Mysterious Sphere","player_choice":"Ignored","floor":38.0,"gold_loss":0.0,"damage_taken":0.0}],"is_beta":false,"boss_relics":[{"not_picked":["Pandora\u0027s Box","Astrolabe"],"picked":"Busted Crown"},{"not_picked":["Calling Bell","SlaversCollar"],"picked":"Runic Pyramid"}],"items_purged_floors":[29,48],"is_endless":false,"potions_floor_spawned":[1,4,7,11,12,14,18,21,28,31,39],"killed_by":"Shield and Spear","ascension_level":20}}