{"host":"5s7sm4h73jkd9266","time":1608125556,"event":{"mods":["AchievementEnabler","Bartender","BaseMod","Better Match","Better Vampires","BetterRewards","Colored Map","Colored Powertips","Conspire","Downfall","Energized Spire","GifTheSpireLib","Hermit","Hubris","Magitek Elite","Marisa????????","Melee Mod","Minty Spire (QoL Compilation)","Potion Indicator Mod","Rare Cards Sparkle","Relic Stats","Replay The Spire","Robot Space Explorer","Shade Mod","Shop Mod","StSLib","Stuff the Spire","The Bladedancer","The Blue Laboratory","The Cursed","The Disciple","The Dragon Tamer","The Forsaken","The Necromancer","The Servant 0.9.4","The Wild Card","The Witch","Virulent Crown","everything is the same but u backflip on backflip","slay the spire mod where everything is the same but ironclad has a cowboy hat","vexMod"],"gold_per_floor":[112,262,262,276,276,305,305,305,305,323,323,338,351,369,369,369,369],"floor_reached":16,"playtime":824,"items_purged":[],"score":204,"play_id":"c371eb38-1cac-4f92-af3a-3f3262685e5e","local_time":"20201216083236","is_ascension_mode":true,"campfire_choices":[{"floor":8.0,"key":"REST"},{"floor":15,"key":"REST"}],"circlet_count":0,"master_deck":["AscendersBane","Strike_R","Strike_R","Strike_R","Strike_R","Strike_R","Defend_R","Defend_R","Defend_R","Defend_R","Reckless Charge","Inflame","Whirlwind","Injury","Iron Wave","Perfected Strike","Anger","Fire Breathing"],"relics":["Burning Blood","Self Forming Clay","Golden Idol","Turnip","Orichalcum"],"acts_visited":[],"potions_floor_usage":[14,16,16],"damage_taken":[{"damage":4.0,"enemies":"Small Slimes","floor":1.0,"turns":3.0},{"damage":0.0,"enemies":"2 Louse","floor":4.0,"turns":3.0},{"damage":55.0,"enemies":"3 Sentries","floor":6.0,"turns":11.0},{"damage":1.0,"enemies":"Cultist","floor":10.0,"turns":4.0},{"damage":14.0,"enemies":"Red Slaver","floor":12.0,"turns":5.0},{"damage":0,"enemies":"Gremlin Gang","floor":13,"turns":4},{"damage":12,"enemies":"Large Slime","floor":14,"turns":5},{"damage":71,"enemies":"The Guardian","floor":16,"turns":10}],"seed_played":"-7837875421515538914","potions_obtained":[{"floor":1.0,"key":"Energy Potion"},{"floor":10.0,"key":"Dexterity Potion"},{"floor":14,"key":"blueLaboratory:FruitPunch"}],"is_trial":false,"path_per_floor":["M","?","?","M","?","E","?","R","T","M","?","M","M","M","R","B"],"character_chosen":"IRONCLAD","items_purchased":[],"campfire_rested":2,"item_purchase_floors":[],"current_hp_per_floor":[70,70,75,80,73,24,24,48,48,53,53,45,51,45,69,0,0],"gold":369,"neow_bonus":"TRANSFORM_CARD","is_daily":false,"chose_seed":false,"campfire_upgraded":0,"win_rate":0.0,"timestamp":1608125556,"path_taken":["M","?","?","M","?","E","?","R","T","M","?","M","?","M","R","BOSS"],"items_purchased_type":[],"build_version":"2020-12-13","purchased_purges":0,"victory":false,"max_hp_per_floor":[75,75,80,80,80,80,80,80,80,80,80,80,80,80,80,82,82],"relic_stats":{"counters":[3,19],"Self Forming Clay":[27],"Golden Idol":7,"Turnip":[1],"Orichalcum":[36],"obtain_stats":[{"Self Forming Clay":0,"Golden Idol":0,"Turnip":0,"Orichalcum":0,"Burning Blood":0},{"Self Forming Clay":0,"Golden Idol":0,"Turnip":0,"Orichalcum":0,"Burning Blood":0},{"Self Forming Clay":0,"Golden Idol":0,"Turnip":0,"Orichalcum":0,"Burning Blood":0}],"Burning Blood":12},"card_choices":[{"not_picked":["Clash","Pommel Strike"],"picked":"Intimidate","floor":1.0},{"not_picked":["Havoc","Flex"],"picked":"Inflame","floor":4.0},{"not_picked":["Headbutt","Bloodletting"],"picked":"Whirlwind","floor":6.0},{"not_picked":["Headbutt","Body Slam"],"picked":"Iron Wave","floor":10.0},{"not_picked":["Searing Blow","Warcry"],"picked":"Perfected Strike","floor":12.0},{"not_picked":["Pummel","Clash"],"picked":"Anger","floor":13},{"not_picked":["Sentinel","Cleave"],"picked":"Fire Breathing","floor":14}],"player_experience":5308728,"relics_obtained":[{"floor":6.0,"key":"Self Forming Clay"},{"floor":9.0,"key":"Turnip"}],"event_choices":[{"damage_healed":0.0,"max_hp_gain":0.0,"max_hp_loss":0.0,"gold_gain":150.0,"event_name":"Liars Game","player_choice":"AGREE","floor":2.0,"gold_loss":0.0,"damage_taken":0.0,"cards_obtained":["Doubt"]},{"damage_healed":0.0,"max_hp_gain":5.0,"max_hp_loss":0.0,"gold_gain":0.0,"event_name":"Big Fish","player_choice":"Donut","floor":3.0,"gold_loss":0.0,"damage_taken":0.0},{"cards_removed":["Doubt"],"damage_healed":0.0,"max_hp_gain":0.0,"max_hp_loss":0.0,"gold_gain":0.0,"event_name":"Golden Wing","player_choice":"Card Removal","floor":5.0,"gold_loss":0.0,"damage_taken":7.0},{"damage_healed":0.0,"max_hp_gain":0.0,"max_hp_loss":0.0,"gold_gain":0.0,"event_name":"Golden Idol","player_choice":"Take Wound","floor":7.0,"gold_loss":0.0,"damage_taken":0.0,"relics_obtained":["Golden Idol"],"cards_obtained":["Injury"]},{"cards_removed":["Intimidate"],"damage_healed":0.0,"max_hp_gain":0.0,"max_hp_loss":0.0,"gold_gain":0.0,"event_name":"WeMeetAgain","player_choice":"Gave Card","floor":11.0,"gold_loss":0.0,"damage_taken":0.0,"relics_obtained":["Orichalcum"]}],"is_beta":false,"boss_relics":[],"items_purged_floors":[],"is_endless":false,"potions_floor_spawned":[1,10,12,14],"killed_by":"The Guardian","ascension_level":20}}