{"host":"apvnte8t1esriuig","time":1608146347,"event":{"mods":["2.2 Compatiblity","AchievementEnabler","BaseMod","Infinite Spire","Minty Spire (QoL Compilation)","Rare Cards Sparkle","StSLib"],"gold_per_floor":[110,110,110,129,129,170,170,170,170,205,58,133,133,167,167,295,358,379,379,379,379,126,126,126,162,162,197,213,213,228,271,271,399,399,412,412,431,431,465,496,496,496,571,595,216,229,270,22,22,22],"floor_reached":51,"playtime":1802,"items_purged":["Turbo","Go for the Eyes","Gash"],"score":1019,"play_id":"100ee54f-f809-4b30-9751-1150ce72101d","local_time":"20201216201907","daily_mods":["Draft","Vintage","Colorless Cards","Heirloom","Time Dilation","Flight","DeadlyEvents","Elite Swarm"],"is_ascension_mode":true,"campfire_choices":[{"data":"DevaForm","floor":7.0,"key":"SMITH"},{"data":"Echo Form","floor":8.0,"key":"SMITH"},{"floor":13.0,"key":"REST"},{"floor":15.0,"key":"REST"},{"floor":23.0,"key":"REST"},{"floor":29.0,"key":"REST"},{"floor":32.0,"key":"REST"},{"data":"Echo Form","floor":41.0,"key":"SMITH"},{"data":"Buffer","floor":49.0,"key":"SMITH"}],"circlet_count":0,"master_deck":["Demon Form","Wraith Form v2","Echo Form+1","DevaForm+1","Ball Lightning","Defragment","Ball Lightning","Auto Shields+1","Barrage","Coolheaded+1","Cold Snap","Ball Lightning+1","Go for the Eyes","Go for the Eyes","Sweeping Beam","Cold Snap","Seek","Glacier","Static Discharge","Buffer+1","Electrodynamics","Echo Form+1"],"relics":["Cracked Core","infinitespire:Golems Mask","Centennial Puzzle","Golden Idol","War Paint","Bag of Preparation","Emotion Chip","Letter Opener","Strawberry","Thread and Needle","Tiny House","infinitespire:Bottled Soul","infinitespire:ShieldingShard","Symbiotic Virus","infinitespire:Joker Card","Meat on the Bone","MealTicket","Lizard Tail","Omamori","Blood Vial","SlaversCollar","DataDisk","Mummified Hand","TungstenRod","Inserter","Bronze Scales","infinitespire:Eraser","StrikeDummy","Pear","infinitespire:WardingShard","Torii","CeramicFish","Unceasing Top","Regal Pillow"],"acts_visited":["Exordium","TheCity","TheBeyond"],"potions_floor_usage":[],"damage_taken":[{"damage":0.0,"enemies":"Cultist","floor":1.0,"turns":3.0},{"damage":11.0,"enemies":"Jaw Worm","floor":4.0,"turns":3.0},{"damage":6.0,"enemies":"3 Sentries","floor":6.0,"turns":5.0},{"damage":13.0,"enemies":"Lagavulin","floor":10.0,"turns":5.0},{"damage":21.0,"enemies":"3 Sentries","floor":14.0,"turns":5.0},{"damage":15.0,"enemies":"Hexaghost","floor":16.0,"turns":6.0},{"damage":7.0,"enemies":"Chosen","floor":18.0,"turns":5.0},{"damage":20.0,"enemies":"Slavers","floor":25.0,"turns":4.0},{"damage":28.0,"enemies":"Gremlin Leader","floor":27.0,"turns":5.0},{"damage":2.0,"enemies":"Spheric Guardian","floor":28.0,"turns":4.0},{"damage":3.0,"enemies":"Centurion and Healer","floor":30.0,"turns":4.0},{"damage":0.0,"enemies":"Slavers","floor":31.0,"turns":6.0},{"damage":9.0,"enemies":"Champ","floor":33.0,"turns":8.0},{"damage":15.0,"enemies":"3 Darklings","floor":35.0,"turns":3.0},{"damage":4.0,"enemies":"Orb Walker","floor":37.0,"turns":4.0},{"damage":3.0,"enemies":"Reptomancer","floor":39.0,"turns":6.0},{"damage":0.0,"enemies":"Nemesis","floor":40.0,"turns":7.0},{"damage":9.0,"enemies":"Sphere and 2 Shapes","floor":44.0,"turns":4.0},{"damage":26.0,"enemies":"Jaw Worm Horde","floor":46.0,"turns":2.0},{"damage":0.0,"enemies":"Giant Head","floor":47.0,"turns":5.0},{"damage":55,"enemies":"infinitespire:MassOfShapes","floor":50,"turns":8}],"seed_played":"-2360098133288540021","potions_obtained":[{"floor":4.0,"key":"LiquidMemories"},{"floor":10.0,"key":"SpeedPotion"},{"floor":14.0,"key":"FairyPotion"},{"floor":16.0,"key":"Regen Potion"},{"floor":17.0,"key":"PowerPotion"},{"floor":40.0,"key":"PowerPotion"}],"is_trial":true,"path_per_floor":["M","?","?","M","?","E","R","R","T","E","$","?","R","E","R","B",null,"M","AVR","?","?","$","R","?","E","T","E","M","R","M","E","R","B",null,"M","?","M","AVR","E","E","R","T","T","M","$","M","E","$","R","B",null],"character_chosen":"DEFECT","items_purchased":["Strawberry","Symbiotic Virus","Torii","Regal Pillow"],"campfire_rested":5,"item_purchase_floors":[11,22,45,48],"current_hp_per_floor":[75,75,75,64,64,58,58,58,58,45,52,44,68,47,71,56,87,80,80,80,63,63,90,90,70,70,56,54,81,78,78,92,83,92,77,92,88,88,87,89,89,89,99,92,102,76,78,93,93,52],"gold":22,"neow_bonus":"","is_daily":false,"chose_seed":false,"campfire_upgraded":4,"win_rate":0.0,"timestamp":1608146347,"path_taken":["M","?","?","?","?","E","R","R","T","?","$","?","R","?","R","BOSS","M","AVR","?","?","$","R","?","E","T","?","?","R","M","?","R","BOSS","M","?","?","AVR","?","E","R","?","T","?","$","?","?","$","R","BOSS"],"items_purchased_type":["Relic","Relic","Relic","Relic"],"build_version":"2020-12-13","purchased_purges":3,"victory":true,"max_hp_per_floor":[75,75,75,75,75,75,75,75,75,75,82,82,82,82,82,82,87,87,87,87,92,92,92,92,92,92,92,92,92,92,92,92,92,92,92,92,92,92,92,92,92,92,102,102,102,102,102,102,102,102],"card_choices":[{"not_picked":["Skim","Coolheaded"],"picked":"Ball Lightning","floor":0.0},{"not_picked":["Finesse","Gash"],"picked":"Go for the Eyes","floor":0.0},{"not_picked":["Force Field","Barrage"],"picked":"Defragment","floor":0.0},{"not_picked":["Hologram","Streamline"],"picked":"Gash","floor":0.0},{"not_picked":["Genetic Algorithm","Flash of Steel"],"picked":"Ball Lightning","floor":0.0},{"not_picked":["Compile Driver","Go for the Eyes"],"picked":"Auto Shields","floor":0.0},{"not_picked":["Scrape","Streamline"],"picked":"Barrage","floor":0.0},{"not_picked":["Streamline","Scrape"],"picked":"Coolheaded","floor":0.0},{"not_picked":["Streamline","Leap"],"picked":"Cold Snap","floor":0.0},{"not_picked":["Go for the Eyes","Cold Snap"],"picked":"Ball Lightning","floor":0.0},{"not_picked":["Hologram","Reprogram"],"picked":"Rebound","floor":0.0},{"not_picked":["Recycle","Streamline"],"picked":"Go for the Eyes","floor":0.0},{"not_picked":["Steam","Reprogram"],"picked":"Go for the Eyes","floor":0.0},{"not_picked":["Genetic Algorithm","Force Field"],"picked":"Sweeping Beam","floor":0.0},{"not_picked":["Beam Cell","Lockon"],"picked":"Cold Snap","floor":0.0},{"not_picked":["Biased Cognition","Multi-Cast","Secret Technique"],"picked":"SKIP","floor":6.0},{"not_picked":["Core Surge","Chrysalis"],"picked":"Seek","floor":10.0},{"not_picked":["Secret Weapon","Chrysalis","Thinking Ahead"],"picked":"SKIP","floor":14.0},{"not_picked":["Compile Driver","Barrage"],"picked":"Turbo","floor":17.0},{"not_picked":["Rainbow","Metamorphosis","Machine Learning"],"picked":"SKIP","floor":25.0},{"not_picked":["Magnetism","The Bomb","Mayhem"],"picked":"SKIP","floor":27.0},{"not_picked":["Multi-Cast","Violence"],"picked":"Buffer","floor":31.0},{"not_picked":["Apotheosis","Violence"],"picked":"Electrodynamics","floor":39.0},{"not_picked":["Core Surge","Rainbow"],"picked":"Echo Form","floor":40.0},{"not_picked":["Magnetism","Biased Cognition","Secret Weapon"],"picked":"SKIP","floor":47.0}],"player_experience":330368,"relics_obtained":[{"floor":1.0,"key":"Centennial Puzzle"},{"floor":4.0,"key":"War Paint"},{"floor":6.0,"key":"Bag of Preparation"},{"floor":9.0,"key":"Emotion Chip"},{"floor":10.0,"key":"Letter Opener"},{"floor":14.0,"key":"Thread and Needle"},{"floor":18.0,"key":"infinitespire:Bottled Soul"},{"floor":25.0,"key":"infinitespire:Joker Card"},{"floor":26.0,"key":"Meat on the Bone"},{"floor":27.0,"key":"MealTicket"},{"floor":28.0,"key":"Lizard Tail"},{"floor":30.0,"key":"Omamori"},{"floor":31.0,"key":"Blood Vial"},{"floor":35.0,"key":"DataDisk"},{"floor":37.0,"key":"Mummified Hand"},{"floor":39.0,"key":"Bronze Scales"},{"floor":40.0,"key":"infinitespire:Eraser"},{"floor":42.0,"key":"StrikeDummy"},{"floor":43.0,"key":"Pear"},{"floor":44.0,"key":"infinitespire:WardingShard"},{"floor":46.0,"key":"CeramicFish"},{"floor":47.0,"key":"Unceasing Top"}],"event_choices":[{"damage_healed":0.0,"max_hp_gain":0.0,"max_hp_loss":0.0,"gold_gain":0.0,"event_name":"Golden Idol","player_choice":"Take Wound","floor":2.0,"gold_loss":0.0,"damage_taken":0.0,"relics_obtained":["Golden Idol"],"cards_obtained":["Injury"]},{"cards_removed":["Injury"],"damage_healed":0.0,"max_hp_gain":0.0,"max_hp_loss":0.0,"gold_gain":0.0,"event_name":"Wheel of Change","player_choice":"Card Removal","floor":5.0,"gold_loss":0.0,"damage_taken":0.0},{"damage_healed":0.0,"max_hp_gain":0.0,"max_hp_loss":0.0,"gold_gain":75.0,"event_name":"FaceTrader","player_choice":"Touch","floor":12.0,"gold_loss":0.0,"damage_taken":8.0},{"damage_healed":0.0,"max_hp_gain":0.0,"max_hp_loss":0.0,"gold_gain":0.0,"event_name":"The Library","player_choice":"Read","floor":20.0,"gold_loss":0.0,"damage_taken":0.0,"cards_obtained":["Glacier"]},{"damage_healed":0.0,"max_hp_gain":5.0,"max_hp_loss":0.0,"gold_gain":0.0,"event_name":"Forgotten Altar","player_choice":"Shed Blood","floor":21.0,"gold_loss":0.0,"damage_taken":22.0},{"damage_healed":0.0,"max_hp_gain":0.0,"max_hp_loss":0.0,"gold_gain":0.0,"cards_transformed":["Rebound"],"event_name":"Transmorgrifier","player_choice":"Transformed","floor":24.0,"gold_loss":0.0,"damage_taken":0.0,"cards_obtained":["Static Discharge"]},{"damage_healed":23.0,"max_hp_gain":0.0,"max_hp_loss":0.0,"gold_gain":0.0,"event_name":"Winding Halls","player_choice":"Writhe","floor":36.0,"gold_loss":0.0,"damage_taken":0.0,"cards_obtained":["Writhe"]}],"is_beta":false,"boss_relics":[{"not_picked":["SacredBark","Coffee Dripper"],"picked":"Tiny House"},{"not_picked":["Calling Bell","Runic Dome"],"picked":"SlaversCollar"}],"items_purged_floors":[38,45,48],"is_endless":false,"potions_floor_spawned":[4,10,14,16,18,25,33,40,47],"ascension_level":1}}