{"host":"9ndbo4kgsfoemf7y","time":1608118863,"event":{"mods":["AchievementEnabler","BaseMod","Colored Map","DeckTracker","Keyboard Shortcuts","Minty Spire (QoL Compilation)","Permanent Neow","Quick Restart","Relic Stats","StSLib","SuperFastMode"],"gold_per_floor":[113,124,140,157,171,198,198,229,229,229,246,316,316,316,316,392,392,409,420,185,100,110,110,110],"floor_reached":23,"playtime":689,"items_purged":["Strike_R"],"score":386,"play_id":"ed30d16b-393c-4d66-84a7-7c4926e844a0","local_time":"20201216204103","is_ascension_mode":true,"campfire_choices":[{"data":"Madness","floor":7.0,"key":"SMITH"},{"floor":10.0,"key":"REST"},{"data":"Blood for Blood","floor":13.0,"key":"SMITH"},{"data":"Pommel Strike","floor":15.0,"key":"SMITH"}],"circlet_count":0,"master_deck":["AscendersBane","Strike_R","Strike_R","Strike_R","Strike_R","Defend_R","Defend_R","Defend_R","Defend_R","Bash+1","Madness+1","Cleave","Headbutt","Rage","Blood for Blood+1","Pommel Strike+1","Flex+1","Shockwave+1","Limit Break+1","Feel No Pain+1","Dropkick"],"relics":["Burning Blood","Toxic Egg 2","Pen Nib","Sundial","Frozen Egg 2","SlaversCollar","Medical Kit","Gremlin Horn"],"acts_visited":["Exordium","TheCity"],"potions_floor_usage":[23],"damage_taken":[{"damage":12.0,"enemies":"Cultist","floor":1.0,"turns":4.0},{"damage":19.0,"enemies":"Jaw Worm","floor":2.0,"turns":4.0},{"damage":14.0,"enemies":"2 Louse","floor":3.0,"turns":2.0},{"damage":7.0,"enemies":"2 Fungi Beasts","floor":4.0,"turns":2.0},{"damage":5.0,"enemies":"Red Slaver","floor":5.0,"turns":3.0},{"damage":8.0,"enemies":"Gremlin Nob","floor":6.0,"turns":3.0},{"damage":20.0,"enemies":"3 Sentries","floor":8.0,"turns":6.0},{"damage":5.0,"enemies":"Blue Slaver","floor":11.0,"turns":3.0},{"damage":47.0,"enemies":"The Guardian","floor":16.0,"turns":10.0},{"damage":19.0,"enemies":"Chosen","floor":18.0,"turns":4.0},{"damage":12.0,"enemies":"3 Byrds","floor":19.0,"turns":6.0},{"damage":0.0,"enemies":"Snake Plant","floor":22.0,"turns":2.0},{"damage":63,"enemies":"Slavers","floor":23,"turns":3}],"seed_played":"-3329337209153363405","potions_obtained":[{"floor":1.0,"key":"Fire Potion"},{"floor":4.0,"key":"EssenceOfSteel"},{"floor":6.0,"key":"BloodPotion"},{"floor":16.0,"key":"SmokeBomb"},{"floor":19.0,"key":"FearPotion"}],"is_trial":false,"path_per_floor":["M","M","M","M","M","E","R","E","T","R","M","T","R","?","R","B",null,"M","M","$","?","M","E"],"character_chosen":"IRONCLAD","items_purchased":["Medical Kit"],"campfire_rested":1,"item_purchase_floors":[20],"current_hp_per_floor":[62,49,41,40,41,39,39,25,25,47,48,48,48,48,48,7,58,45,39,39,39,45,0,0],"gold":110,"neow_bonus":"RANDOM_COLORLESS","is_daily":false,"chose_seed":false,"campfire_upgraded":3,"win_rate":0.0,"timestamp":1608118863,"path_taken":["M","M","M","M","M","E","R","E","T","R","M","?","R","?","R","BOSS","M","M","$","?","M","E"],"items_purchased_type":["Relic"],"build_version":"2020-12-13","purchased_purges":1,"victory":false,"max_hp_per_floor":[75,75,75,75,75,75,75,75,75,75,75,75,75,75,75,75,75,75,75,75,75,75,75,75],"relic_stats":{"Gremlin Horn":[0,0],"counters":[13,52],"Sundial":[2],"Pen Nib":[4],"Medical Kit":[0],"obtain_stats":[{"SlaversCollar":17,"Gremlin Horn":21,"Sundial":9,"Pen Nib":8,"Toxic Egg 2":6,"Frozen Egg 2":12,"Medical Kit":20,"Burning Blood":0},{"SlaversCollar":9,"Gremlin Horn":11,"Sundial":7,"Pen Nib":7,"Toxic Egg 2":6,"Frozen Egg 2":8,"Medical Kit":11,"Burning Blood":0},{"SlaversCollar":37,"Gremlin Horn":47,"Sundial":24,"Pen Nib":24,"Toxic Egg 2":18,"Frozen Egg 2":27,"Medical Kit":47,"Burning Blood":0}],"Burning Blood":72},"card_choices":[{"not_picked":["Bandage Up","Dark Shackles"],"picked":"Madness","floor":0.0},{"not_picked":["Metallicize","Wild Strike"],"picked":"Cleave","floor":1.0},{"not_picked":["Seeing Red","Spot Weakness"],"picked":"Headbutt","floor":2.0},{"not_picked":["Wild Strike","Havoc"],"picked":"Rage","floor":3.0},{"not_picked":["True Grit","Perfected Strike"],"picked":"Blood for Blood","floor":4.0},{"not_picked":["Rage","Second Wind"],"picked":"Pommel Strike","floor":5.0},{"not_picked":["Warcry+1","Hemokinesis"],"picked":"Flex+1","floor":6.0},{"not_picked":["Carnage","Sentinel+1"],"picked":"Shockwave+1","floor":8.0},{"not_picked":["Headbutt","Iron Wave","Warcry+1"],"picked":"SKIP","floor":11.0},{"not_picked":["Brutality+1","Fiend Fire"],"picked":"Limit Break+1","floor":16.0},{"not_picked":["Ghostly Armor+1","Second Wind+1"],"picked":"Feel No Pain+1","floor":18.0},{"not_picked":["Bloodletting+1","Thunderclap","Clothesline"],"picked":"SKIP","floor":19.0},{"not_picked":["Havoc+1","Wild Strike"],"picked":"Dropkick","floor":22.0}],"player_experience":686208,"relics_obtained":[{"floor":6.0,"key":"Toxic Egg 2"},{"floor":8.0,"key":"Pen Nib"},{"floor":9.0,"key":"Sundial"},{"floor":12.0,"key":"Frozen Egg 2"}],"event_choices":[{"damage_healed":0.0,"max_hp_gain":0.0,"max_hp_loss":0.0,"gold_gain":0.0,"event_name":"Upgrade Shrine","player_choice":"Upgraded","floor":14.0,"gold_loss":0.0,"damage_taken":0.0,"cards_upgraded":["Bash"]},{"damage_healed":0.0,"max_hp_gain":0.0,"max_hp_loss":0.0,"gold_gain":0.0,"event_name":"Addict","player_choice":"Obtained Relic","floor":21.0,"gold_loss":85.0,"damage_taken":0.0,"relics_obtained":["Gremlin Horn"]}],"is_beta":false,"boss_relics":[{"not_picked":["Black Star","Tiny House"],"picked":"SlaversCollar"}],"items_purged_floors":[20],"is_endless":false,"potions_floor_spawned":[1,4,6,16,19],"killed_by":"Slavers","ascension_level":18}}