{"host":"61pxv8qo5t6mwz68","time":1608161975,"event":{"mods":["BaseMod","Block Reminder","Colored Map","Highlight Path","Minty Spire (QoL Compilation)","Permanent Neow"],"gold_per_floor":[111,128,139,158,158,158,186,196,222,83,118,132,132,132,132,236,236,253,267,280,300,300,328,341,352,352,386,405,433,206,224,224,224,224],"floor_reached":33,"playtime":2165,"items_purged":["Sword Boomerang"],"score":348,"play_id":"5f8ea6fc-f2a9-48d6-b846-02a5a7f268c6","local_time":"20201216183935","is_ascension_mode":false,"campfire_choices":[{"data":"Impervious","floor":6,"key":"SMITH"},{"floor":13,"key":"REST"},{"floor":15,"key":"REST"},{"data":"Enlightenment","floor":32,"key":"SMITH"}],"circlet_count":0,"master_deck":["Strike_R","Strike_R","Strike_R","Strike_R","Strike_R","Defend_R","Defend_R","Defend_R","Defend_R","Flex","Cleave","Perfected Strike","Disarm","Impervious+1","Clash","Perfected Strike","Warcry","Enlightenment+1","Pommel Strike","Seeing Red","Perfected Strike","Twin Strike","Offering","Wild Strike","Pommel Strike+1","Wild Strike+1","Clash","Impervious+1","Armaments+1","Wild Strike+1","Evolve","Warcry+1"],"relics":["Burning Blood","Dream Catcher","PreservedInsect","Blood Vial","Centennial Puzzle","Busted Crown","Toxic Egg 2","Paper Frog","Vajra","TungstenRod"],"acts_visited":["Exordium","TheCity"],"potions_floor_usage":[16,33,33,33],"damage_taken":[{"damage":5,"enemies":"Small Slimes","floor":1,"turns":4},{"damage":6,"enemies":"2 Louse","floor":2,"turns":3},{"damage":6,"enemies":"Cultist","floor":3,"turns":3},{"damage":10,"enemies":"2 Fungi Beasts","floor":4,"turns":3},{"damage":39,"enemies":"3 Sentries","floor":7,"turns":9},{"damage":11,"enemies":"Gremlin Gang","floor":8,"turns":5},{"damage":27,"enemies":"Lagavulin","floor":11,"turns":7},{"damage":0,"enemies":"3 Louse","floor":12,"turns":2},{"damage":70,"enemies":"Hexaghost","floor":16,"turns":9},{"damage":5,"enemies":"Spheric Guardian","floor":18,"turns":4},{"damage":13,"enemies":"2 Thieves","floor":19,"turns":4},{"damage":10,"enemies":"Snecko","floor":20,"turns":3},{"damage":10,"enemies":"Shelled Parasite and Fungi","floor":21,"turns":3},{"damage":12,"enemies":"Book of Stabbing","floor":23,"turns":3},{"damage":22,"enemies":"Chosen and Byrds","floor":24,"turns":5},{"damage":0,"enemies":"Centurion and Healer","floor":25,"turns":5},{"damage":9,"enemies":"Slavers","floor":27,"turns":4},{"damage":12,"enemies":"Shelled Parasite and Fungi","floor":28,"turns":4},{"damage":6,"enemies":"Book of Stabbing","floor":29,"turns":2},{"damage":0,"enemies":"Snake Plant","floor":31,"turns":2},{"damage":101,"enemies":"Champ","floor":33,"turns":12}],"seed_played":"8381747668513461796","potions_obtained":[{"floor":3,"key":"EssenceOfSteel"},{"floor":4,"key":"Weak Potion"},{"floor":11,"key":"DistilledChaos"},{"floor":12,"key":"Ancient Potion"},{"floor":19,"key":"Weak Potion"},{"floor":25,"key":"Strength Potion"},{"floor":27,"key":"EntropicBrew"},{"floor":28,"key":"Regen Potion"}],"is_trial":false,"path_per_floor":["M","M","M","M","?","R","E","M","T","$","E","M","R","?","R","B",null,"M","M","M","M","?","E","M","M","T","E","M","E","$","M","R","B"],"character_chosen":"IRONCLAD","items_purchased":["Warcry","Enlightenment","Evolve","Sword Boomerang","Warcry+1"],"campfire_rested":2,"item_purchase_floors":[10,10,30,30,30],"current_hp_per_floor":[88,88,88,84,84,84,51,46,46,46,25,33,59,59,85,23,88,88,81,79,77,77,73,59,67,67,66,62,64,64,72,72,0,0],"gold":224,"neow_bonus":"TEN_PERCENT_HP_BONUS","is_daily":false,"chose_seed":false,"campfire_upgraded":2,"win_rate":0.0,"timestamp":1608161975,"path_taken":["M","M","M","M","?","R","E","M","T","$","E","M","R","?","R","BOSS","M","M","M","?","?","E","M","M","T","E","M","E","$","?","R","BOSS"],"items_purchased_type":["Card","Card","Card","Card","Card"],"build_version":"2020-12-13","purchased_purges":1,"victory":false,"max_hp_per_floor":[88,88,88,88,88,88,88,88,88,88,88,88,88,88,88,88,88,88,88,88,88,88,88,88,88,88,88,88,88,88,88,88,88,88],"card_choices":[{"not_picked":["Thunderclap","Clothesline"],"picked":"Flex","floor":1},{"not_picked":["Clothesline","Heavy Blade"],"picked":"Cleave","floor":2},{"not_picked":["Wild Strike","Sword Boomerang"],"picked":"Perfected Strike","floor":3},{"not_picked":["Wild Strike","Flex"],"picked":"Disarm","floor":4},{"not_picked":["Feel No Pain","Disarm"],"picked":"Clash","floor":7},{"not_picked":["Iron Wave","Headbutt"],"picked":"Perfected Strike","floor":8},{"not_picked":["Heavy Blade","Demon Form"],"picked":"Pommel Strike","floor":11},{"not_picked":["Spot Weakness","Armaments"],"picked":"Seeing Red","floor":12},{"not_picked":["Blood for Blood","Pommel Strike"],"picked":"Perfected Strike","floor":13},{"not_picked":["Thunderclap","Power Through"],"picked":"Twin Strike","floor":15},{"not_picked":["Bludgeon","Impervious"],"picked":"Offering","floor":16},{"not_picked":[],"picked":"Wild Strike","floor":18},{"not_picked":[],"picked":"Pommel Strike+1","floor":19},{"not_picked":[],"picked":"Wild Strike+1","floor":20},{"not_picked":[],"picked":"Clash","floor":21},{"not_picked":["Dark Embrace"],"picked":"SKIP","floor":23},{"not_picked":["Heavy Blade+1"],"picked":"SKIP","floor":24},{"not_picked":[],"picked":"Armaments+1","floor":25},{"not_picked":[],"picked":"Wild Strike+1","floor":27},{"not_picked":["Clothesline"],"picked":"SKIP","floor":28},{"not_picked":["Body Slam"],"picked":"SKIP","floor":29},{"not_picked":["Heavy Blade+1"],"picked":"SKIP","floor":31}],"player_experience":19872,"relics_obtained":[{"floor":7,"key":"Dream Catcher"},{"floor":9,"key":"PreservedInsect"},{"floor":11,"key":"Blood Vial"},{"floor":23,"key":"Toxic Egg 2"},{"floor":26,"key":"Paper Frog"},{"floor":27,"key":"Vajra"},{"floor":29,"key":"TungstenRod"}],"event_choices":[{"damage_healed":0,"gold_gain":0,"cards_transformed":["Bash"],"player_choice":"Change","damage_taken":0,"max_hp_gain":0,"max_hp_loss":0,"event_name":"Living Wall","floor":5,"gold_loss":0,"cards_obtained":["Impervious"]},{"damage_healed":0,"gold_gain":0,"player_choice":"Gave Potion","damage_taken":0,"relics_obtained":["Centennial Puzzle"],"max_hp_gain":0,"max_hp_loss":0,"event_name":"WeMeetAgain","floor":14,"gold_loss":0},{"damage_healed":0,"gold_gain":0,"player_choice":"Copied","damage_taken":0,"max_hp_gain":0,"max_hp_loss":0,"event_name":"Duplicator","floor":22,"gold_loss":0,"cards_obtained":["Impervious"]}],"is_beta":false,"boss_relics":[{"not_picked":["Coffee Dripper","Sozu"],"picked":"Busted Crown"}],"items_purged_floors":[30],"is_endless":false,"potions_floor_spawned":[3,4,11,12,19,25,27,28],"killed_by":"Champ","ascension_level":0}}