{"host":"mlb1cm5m7wv0ylk5","time":1608090466,"event":{"mods":["2.2 Compatiblity","AchievementEnabler","Act Like it!","BaseMod","Colored Powertips","Conspire","Downfall","Gensokyo","GifTheSpireLib","Hermit","Infinite Spire","KomeijiMod","Lobotomy","Minty Spire (QoL Compilation)","Pale of the Ancients","Remilia_Scarlet Moed（蕾米莉亚・斯卡雷特）3.3.5","Remilia（蕾米莉亚）","Replay The Spire","Shop Mod","Spicy Shops","StSLib","The Gatherer","The Jungle","The Mystic","The Showman","WarShipGirlsR/战舰少女R mod","[IsaacMod]以撒尖塔","vexMod","【东方二次创作】八云紫mod"],"gold_per_floor":[116,166,205,62,80,80,117,117,117,166,192,192,208,230,230,346,346,372,12,42,142,142,183,183,207,207,207,207,237,237,290,290,407,407,431,431,431,431,474,474,253,301,301,338,391,427,427,472,526,77,77,77,77,77,28,54,54,54,54],"floor_reached":57,"playtime":4603,"items_purged":["Shame","conspire:NecroticWound","Envy_TH","conspire:NecroticWound","Regret"],"score":792,"play_id":"d137ac3d-a407-46c3-b579-4806dd240787","local_time":"20201216114746","is_ascension_mode":false,"metric_token":1877,"campfire_choices":[{"data":"Gatherer:FruitForce","floor":6.0,"key":"SMITH"},{"floor":12.0,"key":"REST"},{"data":"Gatherer:Centralize","floor":15.0,"key":"SMITH"},{"floor":24.0,"key":"RECALL"},{"floor":28.0,"key":"REST"},{"data":"Gatherer:Bulldoze","floor":32.0,"key":"SMITH"},{"floor":43,"key":"REST"},{"floor":51,"key":"REST"},{"data":"ReplayTheSpireMod:Book of Names","floor":54,"key":"SMITH"}],"circlet_count":0,"master_deck":["Gatherer:Strike_Gatherer","Gatherer:Strike_Gatherer","Gatherer:Strike_Gatherer","Gatherer:Strike_Gatherer","Gatherer:Strike_Gatherer","Gatherer:Defend_Gatherer","Gatherer:Defend_Gatherer","Gatherer:Defend_Gatherer","Gatherer:Defend_Gatherer","Gatherer:Defend_Gatherer","Gatherer:Centralize+1","Gatherer:FlowerWhip","EpicFetus+1","Gatherer:FruitForce+1","Gatherer:Solidify","Hallucinations","Gatherer:PoisonMastery","Clumsy","Gatherer:FlowerShield","ReplayTheSpireMod:Doomed","Gatherer:ScrollOfWall","Gatherer:RecoveryHerb","Gatherer:Pollute","Gatherer:OddSpoils","Gatherer:RottenStipe","Gatherer:Bulldoze+1","Gatherer:Liquidism+1","Flash of Steel","Gatherer:Transmute","Gatherer:Snatch+1","Delirium","Gatherer:Photoscythe","Gatherer:Misfortune","Gatherer:ScherryThrow","Gatherer:DrugPower","ReplayTheSpireMod:Doomed","Gatherer:HeartToFruit+1","Gatherer:Pollute+1","ReplayTheSpireMod:Black Plague","ReplayTheSpireMod:Book of Names+1","Gatherer:FragileHammer","Gatherer:EnergyBasket+1","Gatherer:TreeGrowth","ReplayTheSpireMod:Splinters","CommonCold","Gatherer:MiningStrike","Gatherer:FlowerBeam","Gatherer:ScherryThrow","Gatherer:EnergyBasket","Gatherer:VenomBarrier","Gatherer:CursedBlade","Normality","conspire:Banana","Injury","Gatherer:TacticalStrike+1"],"relics":["Gatherer:AlchemyBag","HushsDoor","TheBean","Ring of Fangs","Ring of Greed","infinitespire:Lucky Rock","MerchantsRug","HowToJump","conspire:RoyalGoblet","vexMod:Cooldron","Pet Ghost","HornCleat","Bag of Preparation","vexMod:TanglingVine","vexMod:InvisibilityCloak","vexMod:EndlessSickness","Membership Card","Lantern","infinitespire:ShieldingShard","Incense Burner","Guide Book","BelialBook","TheAbacus","ScarletDevilRocket"],"acts_visited":["Exordium","TheCity","TheBeyond","TheEnding"],"potions_floor_usage":[46,46,46,48,48,49,49,49,56,56,56,56,56,56,56,56,56,56,56,57,57],"damage_taken":[{"damage":5.0,"enemies":"conspire:RoseBush","floor":1.0,"turns":3.0},{"damage":1.0,"enemies":"2 Louse","floor":3.0,"turns":4.0},{"damage":1.0,"enemies":"Cultist","floor":5.0,"turns":4.0},{"damage":3.0,"enemies":"Replay:BlueRogue","floor":7.0,"turns":5.0},{"damage":35.0,"enemies":"3 Sentries","floor":10.0,"turns":5.0},{"damage":6.0,"enemies":"Blue Slaver","floor":11.0,"turns":3.0},{"damage":4.0,"enemies":"Looter","floor":13.0,"turns":4.0},{"damage":0.0,"enemies":"Exordium Wildlife","floor":14.0,"turns":4.0},{"damage":0.0,"enemies":"Slime Boss","floor":16.0,"turns":6.0},{"damage":20.0,"enemies":"Shell Parasite","floor":18.0,"turns":7.0},{"damage":13.0,"enemies":"3 Byrds","floor":20.0,"turns":4.0},{"damage":7.0,"enemies":"conspire:SneckoGhost","floor":23.0,"turns":5.0},{"damage":7.0,"enemies":"Snake Plant","floor":25.0,"turns":4.0},{"damage":11.0,"enemies":"Cultist and Chosen","floor":29.0,"turns":6.0},{"damage":0.0,"enemies":"3 Cultists","floor":31.0,"turns":3.0},{"damage":43.0,"enemies":"conspire:MysteriousRune","floor":33.0,"turns":8.0},{"damage":17.0,"enemies":"Orb Walker","floor":35.0,"turns":2.0},{"damage":33.0,"enemies":"3 Shapes","floor":39.0,"turns":3.0},{"damage":49.0,"enemies":"Nemesis","floor":42.0,"turns":5.0},{"damage":10,"enemies":"3 Darklings","floor":44,"turns":4},{"damage":1,"enemies":"Spire Growth","floor":46,"turns":4},{"damage":23,"enemies":"Jaw Worm Horde","floor":48,"turns":3},{"damage":2,"enemies":"Nightmare","floor":49,"turns":5},{"damage":0,"enemies":"Replay:Hell Engine","floor":52,"turns":1},{"damage":12,"enemies":"Shield and Spear","floor":56,"turns":3},{"damage":78,"enemies":"The Heart","floor":57,"turns":6}],"seed_played":"-3655137935633013695","potions_obtained":[{"floor":3.0,"key":"FearPotion"},{"floor":5.0,"key":"BottledMiracle"},{"floor":10.0,"key":"Strength Potion"},{"floor":13.0,"key":"Strength Potion"},{"floor":18.0,"key":"Strength Potion"},{"floor":25.0,"key":"EntropicBrew"},{"floor":31.0,"key":"EntropicBrew"},{"floor":33.0,"key":"EntropicBrew"},{"floor":44,"key":"EntropicBrew"},{"floor":48,"key":"EntropicBrew"}],"is_trial":false,"path_per_floor":["M","?","M","$","M","R","E","?","T","E","M","R","M","M","R","B",null,"M","$","M","?","?","E","R","M","T","T","R","M","?","M","R","B",null,"M","AVR","PTL","PTL","M","?","$","E","R","M","T","M","?","M","NM","$","R","B",null,"R","$","E","B"],"character_chosen":"THE_GATHERER","items_purchased":["infinitespire:Lucky Rock","MerchantsRug","vexMod:Cooldron","Pet Ghost","Flash of Steel","Membership Card","Gatherer:EnergyBasket+1","Gatherer:VenomBarrier","Incense Burner","Guide Book","Gatherer:CursedBlade","EntropicBrew","BelialBook","EntropicBrew","conspire:Banana","TheAbacus"],"campfire_rested":4,"item_purchase_floors":[4,4,19,19,19,41,41,50,50,50,50,50,50,50,55,55],"current_hp_per_floor":[71,71,70,70,69,69,66,71,71,36,36,60,59,59,59,62,81,61,61,50,50,50,47,47,40,40,40,64,55,55,55,55,15,81,64,64,64,64,31,47,47,2,26,22,22,27,27,4,2,17,41,41,81,81,81,75,0,0,0],"gold":54,"neow_bonus":"THREE_CARDS","is_daily":false,"chose_seed":false,"campfire_upgraded":4,"win_rate":0.0,"timestamp":1608090466,"path_taken":["M","?","M","?","M","R","E","?","T","E","M","R","?","?","R","BOSS","M","$","M","?","?","E","R","M","T","?","R","M","?","M","R","BOSS","M","AVR","PTL","PTL","M","?","$","E","R","M","T","M","?","M","NM","$","R","BOSS","R","$","E","BOSS"],"items_purchased_type":["Relic","Relic","Relic","Relic","Card","Relic","Card","Card","Relic","Relic","Card","Potion","Relic","Potion","Card","Relic"],"build_version":"2020-12-13","purchased_purges":5,"victory":false,"max_hp_per_floor":[76,76,76,76,76,76,76,81,81,81,81,81,81,81,81,81,81,81,81,81,81,81,81,81,81,81,81,81,81,81,81,81,81,81,81,81,81,81,81,81,81,81,81,81,81,81,81,81,81,81,81,81,81,81,81,81,81,81,81],"card_choices":[{"not_picked":[],"picked":"EpicFetus","floor":0.0},{"not_picked":["Gatherer:WitheringStrike","Gatherer:QuickSynthesis"],"picked":"Gatherer:FruitForce","floor":0.0},{"not_picked":["Gatherer:OddSpoils","Gatherer:FlowerShield"],"picked":"Gatherer:Solidify","floor":1.0},{"not_picked":["Gatherer:SaveValuables","Gatherer:Frenzy"],"picked":"Gatherer:PoisonMastery","floor":3.0},{"not_picked":["Gatherer:Duplicator","Gatherer:GatherMaterial"],"picked":"Gatherer:FlowerShield","floor":5.0},{"not_picked":["Gatherer:BalancedGrowth","Gatherer:Liquidism"],"picked":"Gatherer:ScrollOfWall","floor":7.0},{"not_picked":["Gatherer:EchoOfNature","Gatherer:Examine"],"picked":"Gatherer:RecoveryHerb","floor":10.0},{"not_picked":["Gatherer:CarefulStrike","Gatherer:BambuSword"],"picked":"Gatherer:Pollute","floor":11.0},{"not_picked":["Gatherer:SaveValuables","Gatherer:DrugPower"],"picked":"Gatherer:OddSpoils","floor":13.0},{"not_picked":["Gatherer:AromaProtection","Gatherer:StoneFence"],"picked":"Gatherer:RottenStipe","floor":14.0},{"not_picked":["Gatherer:FlamingBottle","Gatherer:ColorfulGarden"],"picked":"Gatherer:Bulldoze","floor":16.0},{"not_picked":["Gatherer:Solidify","Gatherer:MiningStrike+1"],"picked":"Gatherer:Liquidism+1","floor":18.0},{"not_picked":["Gatherer:AlchemyTrial","Gatherer:WoolGloves"],"picked":"Gatherer:Transmute","floor":20.0},{"not_picked":["Gatherer:Liquidism","Gatherer:TacticalStrike+1"],"picked":"Gatherer:Snatch+1","floor":21.0},{"not_picked":["Gatherer:FlowerShield","Gatherer:RottenStipe"],"picked":"Gatherer:Photoscythe","floor":23.0},{"not_picked":["Gatherer:BambuSword+1","Gatherer:AcidicSpray"],"picked":"Gatherer:Misfortune","floor":25.0},{"not_picked":["Gatherer:AcidicSpray+1","Gatherer:CarefulStrike"],"picked":"Gatherer:ScherryThrow","floor":29.0},{"not_picked":["Gatherer:EnergyBasket","Gatherer:CarefulStrike"],"picked":"Gatherer:DrugPower","floor":31.0},{"not_picked":["Gatherer:CursedBlade","Gatherer:PoisonMastery"],"picked":"Gatherer:HeartToFruit","floor":33.0},{"not_picked":["Gatherer:DrugPower","Gatherer:OddSpoils"],"picked":"Gatherer:Pollute+1","floor":35.0},{"not_picked":["Gatherer:QuickSynthesis","Gatherer:EnergyBasket"],"picked":"Gatherer:FragileHammer","floor":39.0},{"not_picked":["Gatherer:Frenzy","Gatherer:StoneFence"],"picked":"Gatherer:TreeGrowth","floor":42.0},{"not_picked":["Gatherer:EchoOfNature","Gatherer:CarefulStrike"],"picked":"Gatherer:MiningStrike","floor":44},{"not_picked":["Gatherer:VenomBarrier","Gatherer:AromaProtection"],"picked":"Gatherer:FlowerBeam","floor":46},{"not_picked":["Gatherer:FlowerFalling","Gatherer:FragileHammer+1"],"picked":"Gatherer:ScherryThrow","floor":48},{"not_picked":["infinitespire:Punishment","ReplayTheSpireMod:Chaos Vortex"],"picked":"infinitespire:SealOfDarkness+","floor":49},{"not_picked":["Gatherer:FinishingStrike","Gatherer:BambuSword"],"picked":"Gatherer:EnergyBasket","floor":49},{"not_picked":["Gatherer:GatherMaterial","Gatherer:FlowerBeam"],"picked":"Gatherer:TacticalStrike+1","floor":56}],"player_experience":109806,"relics_obtained":[{"floor":2.0,"key":"Ring of Fangs"},{"floor":2.0,"key":"Ring of Greed"},{"floor":2.0,"key":"MawBank"},{"floor":2.0,"key":"Replay:Bandana"},{"floor":7.0,"key":"HowToJump"},{"floor":10.0,"key":"conspire:DecoderRing"},{"floor":23.0,"key":"HornCleat"},{"floor":26.0,"key":"Potion Belt"},{"floor":27.0,"key":"Bag of Preparation"},{"floor":42.0,"key":"Lantern"},{"floor":45,"key":"MealTicket"},{"floor":49,"key":"infinitespire:ShieldingShard"},{"floor":56,"key":"ScarletDevilRocket"}],"event_choices":[{"damage_healed":0.0,"max_hp_gain":5.0,"max_hp_loss":0.0,"gold_gain":0.0,"event_name":"Big Fish","player_choice":"Donut","floor":8.0,"gold_loss":0.0,"damage_taken":0.0},{"damage_healed":0.0,"max_hp_gain":0.0,"max_hp_loss":0.0,"gold_gain":0.0,"event_name":"conspire:Investor","player_choice":"Leave","floor":30.0,"gold_loss":0.0,"damage_taken":0.0},{"damage_healed":0,"gold_gain":0,"player_choice":"Ignored","damage_taken":0,"max_hp_gain":0,"max_hp_loss":0,"event_name":"Mysterious Sphere","floor":47,"gold_loss":0}],"is_beta":false,"boss_relics":[{"not_picked":["Replay:Bronze Core","Replay:Fungal Core"],"picked":"conspire:RoyalGoblet"},{"not_picked":[]},{"not_picked":["Kintsugi","Astrolabe"],"picked":"vexMod:TanglingVine"},{"not_picked":[]}],"items_purged_floors":[19,36,41,50,55],"is_endless":true,"potions_floor_spawned":[3,5,10,13,18,25,31,33,44,48],"killed_by":"The Heart","ascension_level":0}}