{"host":"nvwxkcurnqq848ao","time":1608082079,"event":{"mods":["BaseMod","Block Reminder","Downfall","Infinite Spire","Minty Spire (QoL Compilation)","Relic Sorter","Replay The Spire","StSLib"],"gold_per_floor":[119,134,134,153,82,82,98,126,126,143,172,184,184,23,23,126,126,146,166,166,166,166,166,84,117,140,140,140,140,152,163,163,258,258,272,292,306,306,316,316,349,97,121,121,221,221,256,273,273,273,273,273,53,78,78],"floor_reached":56,"playtime":5028,"items_purged":["Strike_P","BattleHymn+1"],"score":1231,"play_id":"0e652b2f-30a8-4b56-a89a-f4603c9de365","local_time":"20201215192759","is_ascension_mode":true,"campfire_choices":[{"data":"Devotion","floor":6.0,"key":"SMITH"},{"data":"Eruption","floor":13.0,"key":"SMITH"},{"data":"Study","floor":15.0,"key":"SMITH"},{"data":"Vault","floor":23.0,"key":"SMITH"},{"floor":27.0,"key":"REST"},{"data":"Omniscience","floor":32.0,"key":"SMITH"},{"data":"infinitespire:FutureSight","floor":40.0,"key":"SMITH"},{"floor":44.0,"key":"RECALL"},{"data":"infinitespire:Starlight","floor":46.0,"key":"SMITH"},{"data":"Replay:Anticipation","floor":49.0,"key":"SMITH"},{"data":"Establishment","floor":52.0,"key":"SMITH"}],"circlet_count":0,"master_deck":["Vigilance","Devotion+1","Prostrate","Study+1","Establishment+1","WindmillStrike","Vault+1","SandsOfTime","Omniscience+1","ConjureBlade","Protect+1","Worship+1","Replay:Hum","Protect+1","infinitespire:Starlight+1","Replay:Anticipation+1","CarveReality+1","Prostrate+1","WindmillStrike+1","infinitespire:FutureSight+1","infinitespire:NeuralNetwork"],"relics":["Painkiller Herb","Busted Crown","Replay:M_StaffOfTheSnake","Mango","Counterbalance","Potion Belt","Membership Card","Replay:Wax Seal","Pandora\u0027s Box","Replay:Mystery Machine","War Paint","OrangePellets","Astrolabe","Replay:Purple Gloves","Damaru","BargainBundle","Omamori","Pet Ghost","Gremlin Food","Lantern","infinitespire:PuzzleCube","Orichalcum"],"acts_visited":["Exordium","TheCity","TheBeyond","TheEnding"],"potions_floor_usage":[55,55,55],"damage_taken":[{"damage":5.0,"enemies":"Small Slimes","floor":1.0,"turns":4.0},{"damage":6.0,"enemies":"Jaw Worm","floor":2.0,"turns":3.0},{"damage":0.0,"enemies":"2 Louse","floor":7.0,"turns":1.0},{"damage":26.0,"enemies":"Lagavulin","floor":8.0,"turns":4.0},{"damage":0.0,"enemies":"Blue Slaver","floor":10.0,"turns":3.0},{"damage":8.0,"enemies":"Gremlin Nob","floor":11.0,"turns":4.0},{"damage":0.0,"enemies":"Looter","floor":12.0,"turns":2.0},{"damage":12.0,"enemies":"The Guardian","floor":16.0,"turns":9.0},{"damage":12.0,"enemies":"Shell Parasite","floor":18.0,"turns":4.0},{"damage":0.0,"enemies":"Chosen","floor":19.0,"turns":4.0},{"damage":14.0,"enemies":"Snake Plant","floor":24.0,"turns":4.0},{"damage":56.0,"enemies":"Slavers","floor":25.0,"turns":5.0},{"damage":0.0,"enemies":"3 Cultists","floor":30.0,"turns":4.0},{"damage":0.0,"enemies":"Shelled Parasite and Fungi","floor":31.0,"turns":3.0},{"damage":18.0,"enemies":"Collector","floor":33.0,"turns":8.0},{"damage":15.0,"enemies":"Orb Walker","floor":35.0,"turns":4.0},{"damage":20.0,"enemies":"3 Darklings","floor":36.0,"turns":5.0},{"damage":0.0,"enemies":"Spire Growth","floor":37.0,"turns":5.0},{"damage":0.0,"enemies":"Maw","floor":39.0,"turns":4.0},{"damage":49.0,"enemies":"Nightmare","floor":41.0,"turns":7.0},{"damage":24.0,"enemies":"infinitespire:Three Voidlings","floor":45.0,"turns":3.0},{"damage":0.0,"enemies":"Nightmare_Alpha","floor":45.0,"turns":8.0},{"damage":11.0,"enemies":"Nemesis","floor":47.0,"turns":5.0},{"damage":0.0,"enemies":"Writhing Mass","floor":48.0,"turns":5.0},{"damage":8.0,"enemies":"Donu and Deca","floor":50.0,"turns":5.0},{"damage":21.0,"enemies":"Shield and Spear","floor":54.0,"turns":5.0},{"damage":32,"enemies":"The Heart","floor":55,"turns":5}],"seed_played":"-4914481387406742587","potions_obtained":[{"floor":1.0,"key":"SteroidPotion"},{"floor":4.0,"key":"Ancient Potion"},{"floor":4.0,"key":"Fruit Juice"},{"floor":4.0,"key":"Slimebound:ThreeZeroPotion"},{"floor":7.0,"key":"Weak Potion"},{"floor":10.0,"key":"SkillPotion"},{"floor":11.0,"key":"Adrenaline Potion"},{"floor":16.0,"key":"Block Potion"},{"floor":19.0,"key":"FearPotion"},{"floor":30.0,"key":"Adrenaline Potion"},{"floor":31.0,"key":"ColorlessPotion"},{"floor":36.0,"key":"ColorlessPotion"},{"floor":39.0,"key":"Dexterity Potion"},{"floor":45.0,"key":"ColorlessPotion"},{"floor":47.0,"key":"LiquidBronze"},{"floor":54,"key":"BottledMiracle"}],"is_trial":false,"path_per_floor":["?","?","?","?","T","T","?","E","T","?","E","?","T","T","T","B",null,"?","?","?","?","T","T","?","E","T","T","?","AVR","?","?","T","B",null,"?","?","?","AVR","?","T","NM","T","T","T","?","T","E","?","T","B",null,"T","T","E","B",null],"character_chosen":"WATCHER","items_purchased":["Devotion","Membership Card","Replay:Wax Seal","Study","BargainBundle","Omamori","Pet Ghost","PowerPotion","Flashbang","champ:CounterPotion","infinitespire:PuzzleCube","FairyPotion","SteroidPotion","Elixir"],"campfire_rested":1,"item_purchase_floors":[5,14,14,14,42,42,42,42,42,42,53,53,53,53],"current_hp_per_floor":[67,61,61,66,66,66,66,54,54,54,46,46,46,46,46,34,91,79,79,79,79,79,79,65,9,9,36,36,36,46,56,56,48,91,86,76,86,86,91,91,42,42,42,42,42,42,61,91,91,91,91,91,91,91,74],"gold":78,"neow_bonus":"DOUBLE_BOSS_RELIC","is_daily":false,"chose_seed":false,"campfire_upgraded":9,"win_rate":0.0,"timestamp":1608082079,"path_taken":["?","?","?","?","T","T","?","E","T","?","E","?","T","T","T","BOSS","?","?","?","?","?","T","?","E","T","T","?","AVR","?","?","T","BOSS","?","?","?","AVR","?","T","NM","T","T","T","?","T","E","?","T","BOSS","T","T","E","BOSS"],"items_purchased_type":["Card","Relic","Relic","Card","Relic","Relic","Relic","Potion","Potion","Potion","Relic","Potion","Potion","Potion"],"build_version":"2020-12-13","purchased_purges":2,"victory":true,"max_hp_per_floor":[72,72,72,77,77,77,77,91,91,91,91,91,91,91,91,91,91,91,91,91,91,91,91,91,91,91,91,91,91,91,91,91,91,91,91,91,91,91,91,91,91,91,91,91,91,91,91,91,91,91,91,91,91,91,91],"card_choices":[{"not_picked":[],"picked":"EmptyFist","floor":1.0},{"not_picked":["ThirdEye"],"picked":"SKIP","floor":2.0},{"not_picked":[],"picked":"Consecrate","floor":4.0},{"not_picked":[],"picked":"Prostrate","floor":7.0},{"not_picked":["CarveReality"],"picked":"SKIP","floor":8.0},{"not_picked":["Doppelganger"],"picked":"SKIP","floor":10.0},{"not_picked":["Fasting2"],"picked":"SKIP","floor":11.0},{"not_picked":[],"picked":"ClearTheMind","floor":12.0},{"not_picked":[],"picked":"Establishment","floor":16.0},{"not_picked":[],"picked":"Protect","floor":18.0},{"not_picked":["Replay:Cycle"],"picked":"SKIP","floor":19.0},{"not_picked":["Replay:ManipulateFuture"],"picked":"SKIP","floor":24.0},{"not_picked":[],"picked":"Protect+1","floor":25.0},{"not_picked":["CutThroughFate+1"],"picked":"SKIP","floor":30.0},{"not_picked":[],"picked":"Replay:Anticipation","floor":31.0},{"not_picked":["Consecrate+1"],"picked":"SKIP","floor":35.0},{"not_picked":["Wallop"],"picked":"SKIP","floor":36.0},{"not_picked":[],"picked":"BattleHymn+1","floor":37.0},{"not_picked":["CutThroughFate"],"picked":"SKIP","floor":39.0},{"not_picked":["Fasting2"],"picked":"SKIP","floor":41.0},{"not_picked":["ReplayTheSpireMod:Haul","infinitespire:FinalStrike"],"picked":"infinitespire:NeuralNetwork","floor":45.0},{"not_picked":["Halt"],"picked":"SKIP","floor":47.0},{"not_picked":["Weave+1"],"picked":"SKIP","floor":48.0},{"not_picked":["FearNoEvil"],"picked":"SKIP","floor":54}],"player_experience":526199,"relics_obtained":[{"floor":8.0,"key":"Mango"},{"floor":9.0,"key":"Counterbalance"},{"floor":11.0,"key":"Potion Belt"},{"floor":25.0,"key":"Replay:Mystery Machine"},{"floor":26.0,"key":"War Paint"},{"floor":41.0,"key":"Damaru"},{"floor":43.0,"key":"Gremlin Food"},{"floor":47.0,"key":"Lantern"},{"floor":54,"key":"Orichalcum"}],"event_choices":[{"cards_removed":["PathToVictory"],"damage_healed":0.0,"max_hp_gain":0.0,"max_hp_loss":0.0,"gold_gain":0.0,"event_name":"Back to Basics","player_choice":"Elegance","floor":20.0,"gold_loss":0.0,"damage_taken":0.0},{"damage_healed":0.0,"max_hp_gain":0.0,"max_hp_loss":0.0,"gold_gain":0.0,"cards_transformed":["Consecrate","Glass Knife"],"event_name":"Drug Dealer","player_choice":"Became Test Subject","floor":21.0,"gold_loss":0.0,"damage_taken":0.0,"cards_obtained":["Worship","Replay:Hum"]},{"cards_removed":["ReplayTheSpireMod:Splinters"],"damage_healed":0.0,"max_hp_gain":0.0,"max_hp_loss":0.0,"gold_gain":0.0,"event_name":"Purifier","player_choice":"Purged","floor":28.0,"gold_loss":0.0,"damage_taken":0.0}],"is_beta":false,"boss_relics":[{"not_picked":["Sozu","Runic Pyramid"],"picked":"Pandora\u0027s Box"},{"not_picked":["Abe\u0027s Treasure","Philosopher\u0027s Stone"],"picked":"Astrolabe"}],"items_purged_floors":[14,53],"is_endless":false,"potions_floor_spawned":[1,7,10,11,16,19,30,31,36,39,45,45,47,54],"ascension_level":1}}