{"host":"cf32014d19ld5mat","time":1608144277,"event":{"mods":["AchievementEnabler","BaseMod","Block Reminder","Minty Spire (QoL Compilation)","Random Character Button","Relic Stats","StSLib"],"gold_per_floor":[115,127,127,140,160,160,160],"floor_reached":6,"playtime":225,"items_purged":[],"score":76,"play_id":"97c81db0-0bca-4ad8-be62-59cdb791a89a","local_time":"20201216184437","is_ascension_mode":true,"campfire_choices":[],"circlet_count":0,"master_deck":["AscendersBane","Strike_P","Strike_P","Strike_P","Strike_P","Defend_P","Defend_P","Defend_P","Defend_P","Eruption","Vigilance","SandsOfTime","CutThroughFate","FlurryOfBlows","MentalFortress"],"relics":["PureWater","Golden Idol"],"acts_visited":["Exordium"],"potions_floor_usage":[2,6],"damage_taken":[{"damage":0,"enemies":"2 Louse","floor":1,"turns":2},{"damage":14,"enemies":"Small Slimes","floor":2,"turns":4},{"damage":2,"enemies":"Jaw Worm","floor":4,"turns":3},{"damage":9,"enemies":"Red Slaver","floor":5,"turns":2},{"damage":34,"enemies":"3 Sentries","floor":6,"turns":7}],"seed_played":"6781480452909115249","potions_obtained":[{"floor":1,"key":"EntropicBrew"}],"is_trial":false,"path_per_floor":["M","M","?","M","M","E"],"character_chosen":"WATCHER","items_purchased":[],"campfire_rested":0,"item_purchase_floors":[],"current_hp_per_floor":[67,53,53,51,42,8,8],"gold":160,"neow_bonus":"TEN_PERCENT_HP_BONUS","is_daily":false,"chose_seed":false,"campfire_upgraded":0,"win_rate":0.0,"timestamp":1608144277,"path_taken":["M","M","?","M","M","E"],"items_purchased_type":[],"build_version":"2020-12-13","purchased_purges":0,"victory":false,"max_hp_per_floor":[74,74,67,67,67,67,67],"relic_stats":{"counters":[5,18],"Golden Idol":7,"obtain_stats":[{"Golden Idol":3,"PureWater":0},{"Golden Idol":2,"PureWater":0},{"Golden Idol":6,"PureWater":0}]},"card_choices":[{"not_picked":["BowlingBash","Evaluate"],"picked":"SandsOfTime","floor":1},{"not_picked":["Protect","EmptyFist"],"picked":"CutThroughFate","floor":2},{"not_picked":["Halt","EmptyMind"],"picked":"FlurryOfBlows","floor":4},{"not_picked":["ForeignInfluence","PathToVictory"],"picked":"MentalFortress","floor":5}],"player_experience":952080,"relics_obtained":[],"event_choices":[{"damage_healed":0,"gold_gain":0,"player_choice":"Lose Max HP","damage_taken":0,"relics_obtained":["Golden Idol"],"max_hp_gain":0,"max_hp_loss":7,"event_name":"Golden Idol","floor":3,"gold_loss":0}],"is_beta":false,"boss_relics":[],"items_purged_floors":[],"is_endless":false,"potions_floor_spawned":[1],"killed_by":"3 Sentries","ascension_level":20}}