{"host":"bpszg8uald72z2zd","time":1608135605,"event":{"mods":["AchievementEnabler","BaseMod","Colored Map","DeckTracker","Keyboard Shortcuts","Minty Spire (QoL Compilation)","Relic Stats","SuperFastMode"],"gold_per_floor":[112,112,126,201,201,201,228,228,228,263,263,263,291,311,311,411,411,425,425,444,461,338,338,338],"floor_reached":23,"playtime":612,"items_purged":["Strike_G"],"score":371,"play_id":"10fa4712-24a1-444c-9c3a-e5b5f1ed9971","local_time":"20201217012005","is_ascension_mode":true,"campfire_choices":[{"data":"Footwork","floor":6.0,"key":"SMITH"},{"data":"Neutralize","floor":8.0,"key":"SMITH"},{"data":"Survivor","floor":12.0,"key":"SMITH"},{"data":"Blade Dance","floor":15.0,"key":"SMITH"}],"circlet_count":0,"master_deck":["AscendersBane","Strike_G","Strike_G","Defend_G","Defend_G","Defend_G","Defend_G","Survivor+1","Neutralize+1","Dagger Throw","Footwork+1","Backflip","Backflip","Blade Dance+1","Noxious Fumes","Envenom","Acrobatics+1","Endless Agony","PiercingWail"],"relics":["Ring of the Snake","NeowsBlessing","Gremlin Horn","Snake Skull","StrikeDummy","Pantograph","Dead Branch","Empty Cage","Mummified Hand","FaceOfCleric"],"acts_visited":["Exordium","TheCity"],"potions_floor_usage":[23],"damage_taken":[{"damage":0.0,"enemies":"Jaw Worm","floor":1.0,"turns":1.0},{"damage":0.0,"enemies":"Small Slimes","floor":3.0,"turns":1.0},{"damage":0.0,"enemies":"Gremlin Nob","floor":7.0,"turns":1.0},{"damage":3.0,"enemies":"Lagavulin","floor":10.0,"turns":8.0},{"damage":9.0,"enemies":"Gremlin Nob","floor":13.0,"turns":5.0},{"damage":0.0,"enemies":"Cultist","floor":14.0,"turns":3.0},{"damage":21.0,"enemies":"Slime Boss","floor":16.0,"turns":9.0},{"damage":14,"enemies":"Shell Parasite","floor":18,"turns":5},{"damage":7,"enemies":"Chosen","floor":20,"turns":4},{"damage":5,"enemies":"Centurion and Healer","floor":21,"turns":4},{"damage":57,"enemies":"Slavers","floor":23,"turns":5}],"seed_played":"770447670668639927","potions_obtained":[{"floor":1.0,"key":"Poison Potion"},{"floor":10.0,"key":"LiquidBronze"},{"floor":13.0,"key":"SkillPotion"},{"floor":18,"key":"Weak Potion"}],"is_trial":false,"path_per_floor":["M","?","M","?","T","R","E","R","T","E","?","R","E","M","R","B",null,"M","?","M","M","$","E"],"character_chosen":"THE_SILENT","items_purchased":["PiercingWail"],"campfire_rested":0,"item_purchase_floors":[22],"current_hp_per_floor":[63,68,68,57,57,57,57,57,57,54,54,54,45,45,45,49,69,55,55,49,45,45,0,0],"gold":338,"neow_bonus":"THREE_ENEMY_KILL","is_daily":false,"chose_seed":false,"campfire_upgraded":4,"win_rate":0.0,"timestamp":1608135605,"path_taken":["M","?","M","?","?","R","E","R","T","E","?","R","E","M","R","BOSS","M","?","M","M","$","E"],"items_purchased_type":["Card"],"build_version":"2020-12-13","purchased_purges":1,"victory":false,"max_hp_per_floor":[70,75,75,75,75,75,75,75,75,75,75,75,75,75,75,75,75,75,75,76,77,77,77,77],"relic_stats":{"Gremlin Horn":[4,4],"FaceOfCleric":2,"counters":[11,46],"Mummified Hand":[15],"Pantograph":25,"Dead Branch":[58],"Snake Skull":[65],"obtain_stats":[{"NeowsBlessing":0,"Gremlin Horn":5,"FaceOfCleric":19,"Mummified Hand":18,"Pantograph":10,"Dead Branch":13,"Snake Skull":7,"StrikeDummy":9,"Empty Cage":17,"Ring of the Snake":0},{"NeowsBlessing":0,"Gremlin Horn":2,"FaceOfCleric":8,"Mummified Hand":8,"Pantograph":4,"Dead Branch":5,"Snake Skull":3,"StrikeDummy":3,"Empty Cage":7,"Ring of the Snake":0},{"NeowsBlessing":0,"Gremlin Horn":2,"FaceOfCleric":33,"Mummified Hand":29,"Pantograph":11,"Dead Branch":16,"Snake Skull":3,"StrikeDummy":3,"Empty Cage":28,"Ring of the Snake":0}],"Ring of the Snake":[22]},"card_choices":[{"not_picked":["Well Laid Plans","PiercingWail"],"picked":"Dagger Throw","floor":1.0},{"not_picked":["Flechettes","Deflect"],"picked":"Footwork","floor":3.0},{"not_picked":["Reflex","Acrobatics"],"picked":"Backflip","floor":7.0},{"not_picked":["Night Terror","Accuracy"],"picked":"Backflip","floor":10.0},{"not_picked":["Bane","Backstab"],"picked":"Blade Dance","floor":13.0},{"not_picked":["Dagger Throw","Quick Slash"],"picked":"Noxious Fumes","floor":14.0},{"not_picked":["A Thousand Cuts","Wraith Form v2"],"picked":"Envenom","floor":16.0},{"not_picked":["Underhanded Strike","Flying Knee","Dagger Throw"],"picked":"SKIP","floor":18},{"not_picked":["Poisoned Stab","Outmaneuver"],"picked":"Acrobatics+1","floor":20},{"not_picked":["Poisoned Stab","Heel Hook"],"picked":"Endless Agony","floor":21}],"player_experience":431154,"relics_obtained":[{"floor":5.0,"key":"Gremlin Horn"},{"floor":7.0,"key":"Snake Skull"},{"floor":9.0,"key":"StrikeDummy"},{"floor":10.0,"key":"Pantograph"},{"floor":13.0,"key":"Dead Branch"}],"event_choices":[{"damage_healed":0.0,"max_hp_gain":5.0,"max_hp_loss":0.0,"gold_gain":0.0,"event_name":"Big Fish","player_choice":"Donut","floor":2.0,"gold_loss":0.0,"damage_taken":0.0},{"damage_healed":0.0,"max_hp_gain":0.0,"max_hp_loss":0.0,"gold_gain":75.0,"event_name":"World of Goop","player_choice":"Gather Gold","floor":4.0,"gold_loss":0.0,"damage_taken":11.0},{"cards_removed":["Strike_G"],"damage_healed":0.0,"max_hp_gain":0.0,"max_hp_loss":0.0,"gold_gain":0.0,"event_name":"Living Wall","player_choice":"Forget","floor":11.0,"gold_loss":0.0,"damage_taken":0.0},{"damage_healed":0,"gold_gain":0,"player_choice":"Trade","damage_taken":0,"relics_obtained":["FaceOfCleric"],"max_hp_gain":0,"max_hp_loss":0,"event_name":"FaceTrader","floor":19,"gold_loss":0}],"is_beta":false,"boss_relics":[{"not_picked":["Runic Pyramid","Black Star"],"picked":"Empty Cage"}],"items_purged_floors":[22],"is_endless":false,"potions_floor_spawned":[1,10,13,18,20],"killed_by":"Slavers","ascension_level":12}}