{"host":"4pmzrw6j7p9u06vv","time":1608090799,"event":{"mods":["BaseMod","BetterRewards","Downfall","MarisaÅiñ∂âJÅ@ñÇóùçπÅj","Minty Spire (QoL Compilation)","Replay The Spire","StSLib","The Disciple","The Jungle"],"gold_per_floor":[115,115,126,126,76,108,108,119,196,73,73,92,92,102,102,198,198,210,210,210,9,0,0,30,30,57,68,82,99,116,116,116,214,214,233,278,278,35,35,35],"floor_reached":39,"playtime":1847,"items_purged":["Defend_B","Languid"],"score":397,"play_id":"53b3ef23-90a6-4360-bcd6-a05b71ee3e1c","local_time":"20201216005319","is_ascension_mode":false,"campfire_choices":[{"floor":7,"key":"REST"},{"data":"Cold Snap","floor":15,"key":"SMITH"},{"data":"Mirror Shield","floor":23,"key":"SMITH"},{"floor":25,"key":"REST"}],"circlet_count":0,"master_deck":["Strike_B","Zap+1","Dualcast+1","Genetic Algorithm+1","Cold Snap+1","Conserve Battery+1","Panic Button+1","Mirror Shield+1","CommonCold","Lockon+1","Lockon+1","Electrodynamics"],"relics":["Cracked Core","TungstenRod","PreservedInsect","Replay:Accelerometer","Replay:Antivirus Software","Kintsugi","Boot","War Paint","Philosopher\u0027s Stone","Torii","Gremlin Food"],"acts_visited":["Exordium","TheCity","TheBeyond"],"potions_floor_usage":[16,16,16,33,36,36,39,39,39],"damage_taken":[{"damage":0,"enemies":"Cultist","floor":1,"turns":3},{"damage":0,"enemies":"Jaw Worm","floor":3,"turns":4},{"damage":29,"enemies":"Lagavulin","floor":6,"turns":8},{"damage":0,"enemies":"2 Louse","floor":8,"turns":2},{"damage":0,"enemies":"Blue Slaver","floor":12,"turns":3},{"damage":9,"enemies":"Gremlin Gang","floor":14,"turns":4},{"damage":19,"enemies":"Hexaghost","floor":16,"turns":8},{"damage":0,"enemies":"Spheric Guardian","floor":18,"turns":4},{"damage":11,"enemies":"Book of Stabbing","floor":24,"turns":4},{"damage":0,"enemies":"Shell Parasite","floor":27,"turns":4},{"damage":0,"enemies":"Centurion and Healer","floor":28,"turns":7},{"damage":0,"enemies":"Snecko","floor":29,"turns":4},{"damage":5,"enemies":"Cultist and Chosen","floor":30,"turns":5},{"damage":40,"enemies":"Collector","floor":33,"turns":13},{"damage":0,"enemies":"Orb Walker","floor":35,"turns":3},{"damage":54,"enemies":"2 Orb Walkers","floor":36,"turns":5},{"damage":19,"enemies":"3 Darklings","floor":39,"turns":2}],"seed_played":"5270978703043063875","potions_obtained":[{"floor":1,"key":"Venom Potion"},{"floor":12,"key":"hexamod:EctoCoolerPotion"},{"floor":28,"key":"SteroidPotion"},{"floor":33,"key":"Venom Potion"}],"is_trial":false,"path_per_floor":["M","$","M","?","?","E","R","M","T","$","?","M","T","M","R","B",null,"M","?","?","$","?","R","E","R","T","M","M","M","M","?","R","B",null,"M","?","?","$","M"],"character_chosen":"DEFECT","items_purchased":["ColorlessPotion","champ:CounterPotion","Block Potion","champ:CounterPotion","AttackPotion","Gremlin Food"],"campfire_rested":2,"item_purchase_floors":[10,21,21,38,38,38],"current_hp_per_floor":[68,68,68,68,68,39,59,59,59,59,59,59,59,50,50,31,68,68,56,56,56,56,56,45,65,65,65,65,65,60,60,68,28,68,68,14,14,14,0,0],"gold":35,"neow_bonus":"ONE_RARE_RELIC","is_daily":false,"chose_seed":false,"campfire_upgraded":2,"win_rate":0.0,"timestamp":1608090799,"path_taken":["M","$","?","?","?","E","R","M","T","$","?","?","?","M","R","BOSS","M","?","?","$","?","R","E","R","T","M","M","M","?","?","R","BOSS","M","?","?","$","M"],"items_purchased_type":["Potion","Potion","Potion","Potion","Potion","Relic"],"build_version":"2020-12-13","purchased_purges":2,"victory":false,"max_hp_per_floor":[68,68,68,68,68,68,68,68,68,68,68,68,68,68,68,68,68,68,68,68,68,68,68,68,68,68,68,68,68,68,68,68,68,68,68,68,68,68,68,68],"card_choices":[{"not_picked":["Stack","Redo"],"picked":"Genetic Algorithm","floor":1},{"not_picked":["Static Discharge","Gash"],"picked":"Cold Snap","floor":3},{"not_picked":["Go for the Eyes","Streamline"],"picked":"Conserve Battery","floor":6},{"not_picked":["Double Energy","Redo"],"picked":"Panic Button","floor":8},{"not_picked":["Hologram","Steam","Conserve Battery"],"picked":"SKIP","floor":12},{"not_picked":["Go for the Eyes","Storm","Genetic Algorithm"],"picked":"SKIP","floor":14},{"not_picked":["All For One","ReplayRNGCard"],"picked":"Mirror Shield","floor":16},{"not_picked":["Doom and Gloom","Stack"],"picked":"Lockon+1","floor":18},{"not_picked":["Storm","Steam+1","Skim+1"],"picked":"SKIP","floor":24},{"not_picked":["Rebound","Beam Cell","Chill"],"picked":"SKIP","floor":27},{"not_picked":["Conserve Battery","Compile Driver"],"picked":"Lockon+1","floor":28},{"not_picked":["Loop","Sweeping Beam"],"picked":"Ball Lightning+1","floor":29},{"not_picked":["Glacier+1","Beam Cell","BasicCrystalCard"],"picked":"SKIP","floor":30},{"not_picked":["Mirror Shield","Reboot"],"picked":"Electrodynamics","floor":33},{"not_picked":["Coolheaded+1","ReplayTheSpireMod:Repulse","Stack+1"],"picked":"SKIP","floor":35}],"player_experience":29417,"relics_obtained":[{"floor":6,"key":"PreservedInsect"},{"floor":9,"key":"Replay:Accelerometer"},{"floor":13,"key":"Replay:Antivirus Software"},{"floor":24,"key":"Boot"},{"floor":26,"key":"War Paint"},{"floor":36,"key":"Torii"}],"event_choices":[{"cards_removed":["Strike_B"],"damage_healed":0,"gold_gain":0,"player_choice":"Card Removal","damage_taken":0,"max_hp_gain":0,"max_hp_loss":0,"event_name":"The Cleric","floor":5,"gold_loss":50},{"damage_healed":0,"gold_gain":0,"player_choice":"Upgraded","damage_taken":0,"max_hp_gain":0,"max_hp_loss":0,"event_name":"Upgrade Shrine","floor":11,"gold_loss":0,"cards_upgraded":["Genetic Algorithm"]},{"damage_healed":0,"gold_gain":0,"player_choice":"Obtained Book","damage_taken":16,"max_hp_gain":0,"max_hp_loss":0,"event_name":"Cursed Tome","floor":19,"gold_loss":0},{"damage_healed":0,"gold_gain":0,"player_choice":"Ignored","damage_taken":0,"max_hp_gain":0,"max_hp_loss":0,"event_name":"Ghosts","floor":20,"gold_loss":0},{"damage_healed":0,"gold_gain":0,"player_choice":"Paid Fearfully","damage_taken":0,"max_hp_gain":0,"max_hp_loss":0,"event_name":"Masked Bandits","floor":22,"gold_loss":9},{"damage_healed":0,"gold_gain":0,"player_choice":"Fight","damage_taken":0,"max_hp_gain":0,"max_hp_loss":0,"event_name":"Mysterious Sphere","floor":36,"gold_loss":0},{"cards_removed":["Ball Lightning"],"damage_healed":0,"gold_gain":0,"player_choice":"Removed Attack","damage_taken":0,"max_hp_gain":0,"max_hp_loss":0,"event_name":"Falling","floor":37,"gold_loss":0}],"is_beta":false,"boss_relics":[{"not_picked":["Snecko Eye","Replay:Drink Me"],"picked":"Kintsugi"},{"not_picked":["Abe\u0027s Treasure","ReplayTheSpireMod:DimensionalGlitch"],"picked":"Philosopher\u0027s Stone"}],"items_purged_floors":[10,21],"is_endless":false,"potions_floor_spawned":[1,12,14,28,30,33],"killed_by":"3 Darklings","ascension_level":0}}