{"host":"6bsan6hkua32tfq7","time":1608104401,"event":{"mods":["BaseMod","Better Third Choice","Colored Map","Highlight Path","Minty Spire (QoL Compilation)","StSLib"],"gold_per_floor":[11,25,25,25,48,48,73,73,96,96,96,46,46,60,60,60,60],"floor_reached":16,"playtime":409,"items_purged":["Defend_G"],"score":180,"play_id":"ec383f2e-c73f-4f7d-aa26-2d17df7e5024","local_time":"20201216084001","is_ascension_mode":true,"campfire_choices":[{"data":"Terror","floor":6,"key":"SMITH"},{"data":"Wraith Form v2","floor":8,"key":"SMITH"},{"data":"Neutralize","floor":13,"key":"SMITH"},{"data":"Dagger Throw","floor":15,"key":"SMITH"}],"circlet_count":0,"master_deck":["AscendersBane","Strike_G","Strike_G","Strike_G","Strike_G","Strike_G","Defend_G","Defend_G","Defend_G","Defend_G+1","Survivor","Neutralize+1","Wraith Form v2+1","Dagger Throw+1","Terror+1","Slice+1","Endless Agony","Slice"],"relics":["Ring of the Snake","Golden Idol","Orichalcum","Ancient Tea Set","Smiling Mask"],"acts_visited":["Exordium"],"potions_floor_usage":[16],"damage_taken":[{"damage":0,"enemies":"2 Louse","floor":1,"turns":5},{"damage":8,"enemies":"Small Slimes","floor":2,"turns":5},{"damage":0,"enemies":"Cultist","floor":5,"turns":4},{"damage":4,"enemies":"Exordium Wildlife","floor":7,"turns":5},{"damage":0,"enemies":"3 Louse","floor":14,"turns":3},{"damage":48,"enemies":"The Guardian","floor":16,"turns":10}],"seed_played":"-4239758299442093609","potions_obtained":[{"floor":2,"key":"Dexterity Potion"},{"floor":5,"key":"SkillPotion"}],"is_trial":false,"path_per_floor":["M","M","?","?","M","R","M","R","T","?","?","$","R","M","R","B"],"character_chosen":"THE_SILENT","items_purchased":[],"campfire_rested":0,"item_purchase_floors":[],"current_hp_per_floor":[59,51,51,51,51,51,47,47,47,29,24,24,24,24,24,0,0],"gold":60,"neow_bonus":"THREE_RARE_CARDS","is_daily":false,"chose_seed":false,"campfire_upgraded":4,"win_rate":0.0,"timestamp":1608104401,"path_taken":["M","M","?","?","?","R","M","R","T","?","?","$","R","M","R","BOSS"],"items_purchased_type":[],"build_version":"2020-12-13","purchased_purges":1,"victory":false,"max_hp_per_floor":[66,66,60,60,60,60,60,60,60,60,60,60,60,60,60,60,60],"card_choices":[{"not_picked":["Storm of Steel","Bullet Time"],"picked":"Wraith Form v2","floor":0},{"not_picked":["Eviscerate","Finisher"],"picked":"Dagger Throw","floor":1},{"not_picked":["Bane","All Out Attack"],"picked":"Terror","floor":2},{"not_picked":["Blade Dance","Skewer"],"picked":"Slice","floor":5},{"not_picked":["Catalyst","Blur"],"picked":"Endless Agony","floor":7},{"not_picked":["Deadly Poison","Riddle With Holes"],"picked":"Slice","floor":14}],"player_experience":5173088,"relics_obtained":[{"floor":9,"key":"Ancient Tea Set"}],"event_choices":[{"damage_healed":0,"gold_gain":0,"player_choice":"Lose Max HP","damage_taken":0,"relics_obtained":["Golden Idol"],"max_hp_gain":0,"max_hp_loss":6,"event_name":"Golden Idol","floor":3,"gold_loss":0},{"damage_healed":0,"gold_gain":0,"player_choice":"Gave Potion","damage_taken":0,"relics_obtained":["Orichalcum"],"max_hp_gain":0,"max_hp_loss":0,"event_name":"WeMeetAgain","floor":4,"gold_loss":0},{"damage_healed":47,"gold_gain":0,"player_choice":"Upgrade","damage_taken":18,"max_hp_gain":0,"max_hp_loss":60,"event_name":"betterThird:BetterShining","floor":10,"gold_loss":0,"cards_upgraded":["Defend_G","Slice"]},{"damage_healed":0,"gold_gain":0,"player_choice":"Relic ","damage_taken":5,"max_hp_gain":0,"max_hp_loss":0,"event_name":"betterThird:BetterScrap","floor":11,"gold_loss":0,"cards_obtained":["Force Field"]}],"is_beta":false,"boss_relics":[],"items_purged_floors":[12],"is_endless":false,"potions_floor_spawned":[2,5],"killed_by":"The Guardian","ascension_level":20}}