{"host":"90zmhqhem9nbzoc6","time":1608095697,"event":{"mods":["AchievementEnabler","BaseMod","Better Note","Better Third Choice","BetterRewards","Colored Map","Colored Powertips","Conspire","Downfall","Energized Spire","Friendly Minions","GifTheSpireLib","Hermit","Hubris","Infinite Spire","Minty Spire (QoL Compilation)","Quick Restart","Replay The Spire","StSLib","Stuff the Spire","The Blue Laboratory","The Jungle"],"gold_per_floor":[111,111,126,139,157,185,197,197,197,210,210,12,12,12,12,108,108,118,94,94,109,129,129,129],"floor_reached":23,"playtime":1338,"items_purged":[],"score":193,"play_id":"0c6211b5-efef-4e87-9234-0c675ed66760","local_time":"20201215211457","is_ascension_mode":false,"campfire_choices":[{"floor":8,"key":"RECALL"},{"floor":13,"key":"REST"},{"data":"hermit:Covet","floor":15,"key":"SMITH"}],"circlet_count":0,"master_deck":["hermit:Strike_Hermit","hermit:Strike_Hermit","hermit:Strike_Hermit","hermit:Strike_Hermit","hermit:Defend_Hermit","hermit:Defend_Hermit","hermit:Defend_Hermit","hermit:Defend_Hermit","hermit:Snapshot","hermit:Covet+1","The Bomb","hermit:Glare","hermit:BodyArmor","hermit:TrackingShot","hermit:Enervate","hermit:Deadeye","hermit:Enervate","hermit:HighCaliber","hermit:HighCaliber","hermit:Maintenance+1","hermit:RoundhouseKick","hermit:Maintenance","hermit:GhostlyPresence","hermit:Headshot+1","hermit:TakeCover"],"relics":["hermit:Momento","Blue Doll","ReplayTheSpireMod:Shallot","Strawberry","Tiny Chest","conspire:Dentures","infinitespire:PuzzleCube"],"acts_visited":["Exordium","TheCity"],"potions_floor_usage":[5,5,10,16,21],"damage_taken":[{"damage":0,"enemies":"2 Louse","floor":1,"turns":2},{"damage":0,"enemies":"Cultist","floor":3,"turns":4},{"damage":7,"enemies":"Small Slimes","floor":4,"turns":4},{"damage":0,"enemies":"Blue Slaver","floor":5,"turns":1},{"damage":12,"enemies":"3 Sentries","floor":6,"turns":4},{"damage":0,"enemies":"Exordium Thugs","floor":7,"turns":4},{"damage":1,"enemies":"2 Fungi Beasts","floor":10,"turns":3},{"damage":33,"enemies":"The Guardian","floor":16,"turns":10},{"damage":0,"enemies":"Shell Parasite","floor":18,"turns":4},{"damage":19,"enemies":"2 Thieves","floor":21,"turns":4},{"damage":16,"enemies":"Snake Plant","floor":22,"turns":5},{"damage":47,"enemies":"Book of Stabbing","floor":23,"turns":5}],"seed_played":"-1132556711750935960","potions_obtained":[{"floor":3,"key":"PowerPotion"},{"floor":4,"key":"Toxic Potion"},{"floor":6,"key":"sneckomod:MuddlingPotion"},{"floor":7,"key":"Milkshake"},{"floor":18,"key":"Adrenaline Potion"}],"is_trial":false,"path_per_floor":["M","?","M","M","M","E","M","R","T","M","?","$","R","T","R","B",null,"M","$","?","M","M","E"],"character_chosen":"HERMIT","items_purchased":["Blue Doll","The Bomb","hermit:Glare","hermit:BodyArmor","hermit:TrackingShot","hermit:Maintenance+1","Tiny Chest","hermit:GhostlyPresence"],"campfire_rested":1,"item_purchase_floors":[0,0,0,0,0,12,12,19],"current_hp_per_floor":[75,75,75,68,68,56,56,56,63,62,62,62,82,82,82,49,82,82,82,82,63,47,0,0],"gold":129,"neow_bonus":"","is_daily":false,"chose_seed":false,"campfire_upgraded":1,"win_rate":0.0,"timestamp":1608095697,"path_taken":["M","?","?","?","M","E","M","R","T","M","?","$","R","?","R","BOSS","M","$","?","M","M","E"],"items_purchased_type":["Relic","Card","Card","Card","Card","Card","Relic","Card"],"build_version":"2020-12-13","purchased_purges":0,"victory":false,"max_hp_per_floor":[75,75,75,75,75,75,75,75,82,82,82,82,82,82,82,82,82,82,82,82,82,82,82,82],"card_choices":[{"not_picked":["hermit:BodyArmor","hermit:Cheat"],"picked":"hermit:Enervate","floor":1},{"not_picked":["hermit:WideOpen","hermit:ItchyTrigger","hermit:DeadMansHand"],"picked":"SKIP","floor":3},{"not_picked":["hermit:TakeAim","hermit:LowProfile"],"picked":"hermit:Deadeye","floor":4},{"not_picked":["hermit:Midnight","hermit:ItchyTrigger","hermit:TakeAim"],"picked":"SKIP","floor":5},{"not_picked":["hermit:CursedWeapon","hermit:HighCaliber"],"picked":"hermit:Enervate","floor":6},{"not_picked":["hermit:Brawl","hermit:Coalescence"],"picked":"hermit:HighCaliber","floor":7},{"not_picked":["hermit:LowProfile","hermit:Cheat"],"picked":"hermit:HighCaliber","floor":10},{"not_picked":["hermit:FatalDesire","hermit:Adapt"],"picked":"hermit:RoundhouseKick","floor":16},{"not_picked":["hermit:TakeCover+1","hermit:WideOpen"],"picked":"hermit:Maintenance","floor":18},{"not_picked":["hermit:TrackingShot","hermit:NoHoldsBarred"],"picked":"hermit:Headshot+1","floor":21},{"not_picked":["hermit:LowProfile","hermit:ShadowCloak"],"picked":"hermit:TakeCover","floor":22}],"player_experience":200796,"relics_obtained":[{"floor":6,"key":"ReplayTheSpireMod:Shallot"},{"floor":9,"key":"Strawberry"},{"floor":14,"key":"conspire:Dentures"},{"floor":20,"key":"infinitespire:PuzzleCube"}],"event_choices":[{"damage_healed":0,"gold_gain":0,"player_choice":"Ignored","damage_taken":0,"max_hp_gain":0,"max_hp_loss":0,"event_name":"betterNote:BetterNote","floor":2,"gold_loss":0,"cards_obtained":["Dualcast"]},{"damage_healed":0,"gold_gain":0,"player_choice":"Leave","damage_taken":0,"max_hp_gain":0,"max_hp_loss":0,"event_name":"conspire:Investor","floor":11,"gold_loss":0},{"damage_healed":0,"gold_gain":0,"player_choice":"Relic","damage_taken":0,"max_hp_gain":0,"max_hp_loss":0,"event_name":"Wheel of Change","floor":20,"gold_loss":0}],"is_beta":false,"boss_relics":[{"not_picked":["Honey Jar","Velvet Choker","Painkiller Herb"]}],"items_purged_floors":[],"is_endless":false,"potions_floor_spawned":[3,4,6,7,18],"killed_by":"Book of Stabbing","ascension_level":0}}