{"host":"wfuprrvhjp4xs686","time":1608143466,"event":{"mods":["BaseMod","Better Match","Better Skull","Better Third Choice","Minty Spire (QoL Compilation)","Quick Restart","Replay The Spire","Spicy Shops","StSLib","Uncapped","Unceasing Turn Reminder"],"gold_per_floor":[115,115,125,136,136,136,149,149,219,144,172,204,247,279,291,303,303],"floor_reached":16,"playtime":1057,"items_purged":["Replay:Undeath\u0027s Touch"],"score":224,"play_id":"7e1186ee-1647-4886-819a-579ca24c97ae","local_time":"20201216133106","daily_mods":["SealedDeck","DeadlyEvents","Elite Swarm","Uncertain Future"],"is_ascension_mode":true,"campfire_choices":[{"data":"Body Slam","floor":6,"key":"SMITH"},{"data":"Rampage","floor":8,"key":"SMITH"}],"circlet_count":0,"master_deck":["AscendersBane","Body Slam+1","Thunderclap+1","Replay:Undeath\u0027s Touch","Shrug It Off","Rampage+1","Wild Strike","Fire Breathing","Pommel Strike","Barricade"],"relics":["Burning Blood","Kunai","MawBank","Replay:Multitool"],"acts_visited":[],"potions_floor_usage":[13,13],"damage_taken":[{"damage":10,"enemies":"Small Slimes","floor":1,"turns":3},{"damage":0,"enemies":"Cultist","floor":3,"turns":3},{"damage":4,"enemies":"Jaw Worm","floor":4,"turns":2},{"damage":0,"enemies":"2 Fungi Beasts","floor":7,"turns":2},{"damage":11,"enemies":"3 Sentries","floor":11,"turns":3},{"damage":5,"enemies":"Blue Slaver","floor":12,"turns":2},{"damage":29,"enemies":"Lagavulin","floor":13,"turns":4},{"damage":14,"enemies":"Red Slaver","floor":14,"turns":3},{"damage":70,"enemies":"Hexaghost","floor":16,"turns":7}],"seed_played":"4843227306967018028","potions_obtained":[{"floor":11,"key":"Dexterity Potion"},{"floor":12,"key":"FearPotion"},{"floor":14,"key":"Explosive Potion"}],"is_trial":true,"path_per_floor":["M","?","M","M","?","R","M","R","T","$","E","M","E","M","R","B"],"character_chosen":"IRONCLAD","items_purchased":[],"campfire_rested":0,"item_purchase_floors":[],"current_hp_per_floor":[64,69,75,75,80,80,80,80,80,80,75,76,53,45,69,0,0],"gold":303,"neow_bonus":"","is_daily":false,"chose_seed":false,"campfire_upgraded":2,"win_rate":0.0,"timestamp":1608143466,"path_taken":["M","?","?","M","?","R","M","R","T","$","E","M","E","M","R","BOSS"],"items_purchased_type":[],"build_version":"2020-12-13","purchased_purges":1,"victory":false,"max_hp_per_floor":[75,75,75,75,80,80,80,80,80,80,80,80,80,80,80,80,80],"card_choices":[{"not_picked":["Flex","Twin Strike","Heavy Blade"],"picked":"SKIP","floor":1},{"not_picked":["ReplayTheSpireMod:Muscle Training","Thunderclap","Pommel Strike"],"picked":"SKIP","floor":3},{"not_picked":["Anger","Iron Wave","Body Slam"],"picked":"SKIP","floor":4},{"not_picked":["Sentinel","Pummel","Clothesline"],"picked":"SKIP","floor":7},{"not_picked":["Replay:Many Hands","Fiend Fire","Brutality"],"picked":"SKIP","floor":11},{"not_picked":["Replay:Undeath\u0027s Touch","True Grit","Warcry"],"picked":"SKIP","floor":12},{"not_picked":["Exhume","Berserk"],"picked":"Barricade","floor":13},{"not_picked":["Second Wind","Ghostly Armor","Replay:Undeath\u0027s Touch"],"picked":"SKIP","floor":14}],"player_experience":2332398,"relics_obtained":[{"floor":9,"key":"Kunai"},{"floor":11,"key":"MawBank"},{"floor":13,"key":"Replay:Multitool"}],"event_choices":[{"cards_removed":["Cleave"],"damage_healed":5,"gold_gain":0,"player_choice":"Offered Common","damage_taken":0,"max_hp_gain":0,"max_hp_loss":0,"event_name":"Bonfire Elementals","floor":2,"gold_loss":0},{"cards_removed":["Cleave"],"damage_healed":5,"gold_gain":0,"player_choice":"Offered Special","damage_taken":0,"max_hp_gain":0,"max_hp_loss":0,"event_name":"Bonfire Elementals","floor":2,"gold_loss":0},{"damage_healed":0,"gold_gain":0,"player_choice":"Donut","damage_taken":0,"max_hp_gain":5,"max_hp_loss":0,"event_name":"Big Fish","floor":5,"gold_loss":0}],"is_beta":false,"boss_relics":[],"items_purged_floors":[10],"is_endless":true,"potions_floor_spawned":[11,12,14],"killed_by":"Hexaghost","ascension_level":20}}