{"host":"m9i7qe3hvz6jihjh","time":1608144921,"event":{"mods":["BaseMod","Colored Powertips","Infinite Spire","Minty Spire (QoL Compilation)","Quick Restart","StSLib","The Animator","Waifu the Spire"],"gold_per_floor":[111,129,147,164,174,174,190,190,213,233,253,268,268,268,268,372,372,389,422,441,0,0,0],"floor_reached":22,"playtime":838,"items_purged":[],"score":182,"play_id":"11b32dbe-581a-4c32-b68e-890f6998e0fd","local_time":"20201216195521","is_ascension_mode":false,"campfire_choices":[{"data":"Adaptation","floor":6,"key":"SMITH"},{"data":"ForeignInfluence","floor":8,"key":"SMITH"},{"floor":13,"key":"REST"},{"data":"Omniscience","floor":15,"key":"SMITH"}],"circlet_count":0,"master_deck":["Strike_P","Strike_P","Strike_P","Strike_P","Defend_P","Defend_P","Defend_P","Defend_P","Eruption+1","Vigilance","Halt","Protect","ClearTheMind","ForeignInfluence+1","Adaptation+1","ForeignInfluence","Omniscience+1","EmptyBody","Crescendo","ReachHeaven","Establishment","EmptyFist","Apotheosis","FollowUp"],"relics":["Cracked Core","Dream Catcher","infinitespire:Cubic Diamond","Busted Crown","Red Mask","infinitespire:ShieldingShard"],"acts_visited":["Exordium","TheCity"],"potions_floor_usage":[4,7,11,11,16],"damage_taken":[{"damage":0,"enemies":"Cultist","floor":1,"turns":3},{"damage":0,"enemies":"Jaw Worm","floor":2,"turns":3},{"damage":8,"enemies":"Small Slimes","floor":3,"turns":2},{"damage":16,"enemies":"Exordium Thugs","floor":4,"turns":5},{"damage":0,"enemies":"Red Slaver","floor":5,"turns":3},{"damage":0,"enemies":"Blue Slaver","floor":7,"turns":3},{"damage":12,"enemies":"Gremlin Gang","floor":10,"turns":6},{"damage":3,"enemies":"Large Slime","floor":11,"turns":3},{"damage":0,"enemies":"Lots of Slimes","floor":12,"turns":1},{"damage":26,"enemies":"Slime Boss","floor":16,"turns":6},{"damage":15,"enemies":"3 Byrds","floor":18,"turns":6},{"damage":45,"enemies":"Masked Bandits","floor":19,"turns":6},{"damage":0,"enemies":"Spheric Guardian","floor":20,"turns":2},{"damage":17,"enemies":"Centurion and Healer","floor":22,"turns":2}],"seed_played":"4184498712797610891","potions_obtained":[{"floor":1,"key":"AttackPotion"},{"floor":2,"key":"FearPotion"},{"floor":4,"key":"AttackPotion"},{"floor":5,"key":"Swift Potion"},{"floor":11,"key":"Dexterity Potion"},{"floor":20,"key":"Fire Potion"}],"is_trial":false,"path_per_floor":["M","M","M","M","M","R","M","R","T","M","M","M","R","?","R","B",null,"M","?","M","$","M"],"character_chosen":"WATCHER","items_purchased":["Apotheosis","infinitespire:ShieldingShard","FollowUp"],"campfire_rested":1,"item_purchase_floors":[21,21,21],"current_hp_per_floor":[72,72,64,48,48,48,48,48,48,36,33,33,54,54,54,28,72,57,12,12,12,0,0],"gold":0,"neow_bonus":"UPGRADE_CARD","is_daily":false,"chose_seed":false,"campfire_upgraded":3,"win_rate":0.0,"timestamp":1608144921,"path_taken":["M","M","M","?","?","R","M","R","T","M","M","M","R","?","R","BOSS","M","?","M","?","?"],"items_purchased_type":["Card","Relic","Card"],"build_version":"2020-12-13","purchased_purges":0,"victory":false,"max_hp_per_floor":[72,72,72,72,72,72,72,72,72,72,72,72,72,72,72,72,72,72,72,72,72,72,72],"card_choices":[{"not_picked":["CrushJoints","Vengeance"],"picked":"Halt","floor":1},{"not_picked":["SashWhip","FlyingSleeves"],"picked":"Protect","floor":2},{"not_picked":["Blasphemy","EmptyBody"],"picked":"ClearTheMind","floor":3},{"not_picked":["WreathOfFlame","DeceiveReality"],"picked":"ForeignInfluence","floor":4},{"not_picked":["Perseverance","Protect"],"picked":"Adaptation","floor":5},{"not_picked":["Crescendo","CutThroughFate"],"picked":"ForeignInfluence","floor":7},{"not_picked":["FlyingSleeves","Protect"],"picked":"Omniscience","floor":10},{"not_picked":["ThirdEye","Fasting2"],"picked":"EmptyBody","floor":11},{"not_picked":["BowlingBash","Fasting2"],"picked":"Crescendo","floor":12},{"not_picked":["Conclude","SandsOfTime"],"picked":"ReachHeaven","floor":13},{"not_picked":["Omniscience","SpiritShield"],"picked":"Establishment","floor":16},{"not_picked":[],"picked":"EmptyFist","floor":18},{"not_picked":["Conclude+1"],"picked":"SKIP","floor":20}],"player_experience":863261,"relics_obtained":[{"floor":9,"key":"Dream Catcher"},{"floor":19,"key":"Red Mask"}],"event_choices":[{"damage_healed":0,"gold_gain":0,"player_choice":"Fought Bandits","damage_taken":0,"max_hp_gain":0,"max_hp_loss":0,"event_name":"Masked Bandits","floor":19,"gold_loss":0}],"is_beta":false,"boss_relics":[{"not_picked":["Philosopher\u0027s Stone","Runic Dome"],"picked":"Busted Crown"}],"items_purged_floors":[],"is_endless":false,"potions_floor_spawned":[1,2,4,5,11,20],"killed_by":"Centurion and Healer","ascension_level":0}}