{"host":"55yei7x27djrlaep","time":1608120682,"event":{"mods":["Act Like it!","BaseMod","BetterRewards","Colored Map","Conspire","Ekko","Friendly Minions","GifTheSpireLib","Marisa????????","Minty Spire (QoL Compilation)","Replay The Spire","StSLib","The Mystic"],"gold_per_floor":[13,26,26,26,40,81,81,115,115,115,115,115,129,170,170,170,170],"floor_reached":16,"playtime":641,"items_purged":[],"score":161,"play_id":"13c53c75-f763-4b47-ae1c-82b20221b125","local_time":"20201216151122","is_ascension_mode":true,"campfire_choices":[{"data":"Eclipse","floor":7,"key":"SMITH"},{"data":"Armaments","floor":10,"key":"SMITH"},{"data":"Searing Blow","floor":15,"key":"SMITH"}],"circlet_count":0,"master_deck":["Strike_R","Strike_R","Strike_R","Strike_R","Strike_R","Defend_R","Defend_R","Defend_R","Defend_R","Bash","Bludgeon","conspire:ExplosiveBarrier","Searing Blow+1","Shockwave","Eclipse+1","Armaments+1","Iron Wave","Flex"],"relics":["Burning Blood","Question Card","Golden Idol","Mango","conspire:BottledYoYo","conspire:Flyswatter","conspire:TopHat"],"acts_visited":["Exordium"],"potions_floor_usage":[6,6,16,16],"damage_taken":[{"damage":12,"enemies":"Jaw Worm","floor":1,"turns":2},{"damage":0,"enemies":"Small Slimes","floor":2,"turns":3},{"damage":7,"enemies":"2 Louse","floor":5,"turns":3},{"damage":13,"enemies":"3 Sentries","floor":6,"turns":8},{"damage":20,"enemies":"Gremlin Nob","floor":8,"turns":4},{"damage":1,"enemies":"2 Fungi Beasts","floor":13,"turns":4},{"damage":29,"enemies":"3 Sentries","floor":14,"turns":9},{"damage":65,"enemies":"Fading Forest","floor":16,"turns":9}],"seed_played":"-6986065813071919647","potions_obtained":[{"floor":1,"key":"Reflective Coating"},{"floor":2,"key":"Doom Potion"},{"floor":5,"key":"HeartOfIron"},{"floor":8,"key":"DuplicationPotion"}],"is_trial":false,"path_per_floor":["M","M","?","?","M","E","R","E","T","R","?","?","M","E","R","B"],"character_chosen":"IRONCLAD","items_purchased":[],"campfire_rested":0,"item_purchase_floors":[],"current_hp_per_floor":[74,80,73,53,52,59,59,45,45,45,45,45,50,31,31,0,0],"gold":170,"neow_bonus":"THREE_RARE_CARDS","is_daily":false,"chose_seed":false,"campfire_upgraded":3,"win_rate":0.0,"timestamp":1608120682,"path_taken":["M","M","?","?","M","E","R","E","T","R","?","?","?","E","R","BOSS"],"items_purchased_type":[],"build_version":"2020-12-13","purchased_purges":0,"victory":false,"max_hp_per_floor":[80,80,80,80,80,94,94,94,94,94,94,94,94,98,98,98,98],"card_choices":[{"not_picked":["Corruption","Limit Break"],"picked":"Bludgeon","floor":0},{"not_picked":["Bloodletting","Thunderclap"],"picked":"conspire:ExplosiveBarrier","floor":1},{"not_picked":["Cleave","Perfected Strike"],"picked":"Searing Blow","floor":2},{"not_picked":["Thunderclap","Perfected Strike","Body Slam"],"picked":"Shockwave","floor":5},{"not_picked":["Blood for Blood","Dark Embrace","Headbutt"],"picked":"Eclipse","floor":6},{"not_picked":["Evolve","Impervious","Life Link"],"picked":"Armaments","floor":8},{"not_picked":["Clothesline","Havoc","Body Slam"],"picked":"Iron Wave","floor":13},{"not_picked":["Anger","Sentinel","True Grit"],"picked":"Flex","floor":14}],"player_experience":357423,"relics_obtained":[{"floor":6,"key":"Mango"},{"floor":8,"key":"conspire:BottledYoYo"},{"floor":14,"key":"conspire:TopHat"}],"event_choices":[{"damage_healed":0,"gold_gain":0,"player_choice":"Success","damage_taken":7,"relics_obtained":["Question Card"],"max_hp_gain":0,"max_hp_loss":0,"event_name":"Scrap Ooze","floor":3,"gold_loss":0},{"damage_healed":0,"gold_gain":0,"player_choice":"Take Damage","damage_taken":20,"relics_obtained":["Golden Idol"],"max_hp_gain":0,"max_hp_loss":0,"event_name":"Golden Idol","floor":4,"gold_loss":0},{"damage_healed":0,"gold_gain":0,"player_choice":"Box","damage_taken":0,"relics_obtained":["conspire:Flyswatter"],"max_hp_gain":0,"max_hp_loss":0,"event_name":"Big Fish","floor":11,"gold_loss":0,"cards_obtained":["Regret"]},{"cards_removed":["Regret"],"damage_healed":0,"gold_gain":0,"player_choice":"Purged","damage_taken":0,"max_hp_gain":0,"max_hp_loss":0,"event_name":"Purifier","floor":12,"gold_loss":0}],"is_beta":false,"boss_relics":[],"items_purged_floors":[],"is_endless":false,"potions_floor_spawned":[1,2,5,8],"killed_by":"Fading Forest","ascension_level":3}}