{"host":"65bhxfoqsqjg61le","time":1608089592,"event":{"mods":["2.2 Compatiblity","AchievementEnabler","BaseMod","Better Third Choice","Colored Powertips","Conspire","DeckTracker","Downfall","Energized Spire","GifTheSpireLib","Googly Eyes","Hubris","Infinite Spire","Minty Spire (QoL Compilation)","Quick Restart","RRrroohrrRGHHhhh!!","Random Character Button","Rare Cards Sparkle","Replay The Spire","Shade Mod","StSLib","Stuff the Spire","The IronCluck","Wandering Minibosses","egg","everything is the same but u backflip on backflip","slay the spire mod where everything is the same but ironclad has a cowboy hat","thorton"],"gold_per_floor":[117,17,17,33,57,57,136,136,136,136,213,238,238,87,87,257,257,276,126,76,120,147,147,147,147,174,216,368,368,380,498,498,625,625,663,741,791,813,813,941,970,970],"floor_reached":41,"playtime":4343,"items_purged":[],"score":557,"play_id":"a1b1f4a9-bee1-4f76-9a21-595a56484aca","local_time":"20201215223312","is_ascension_mode":true,"campfire_choices":[{"data":"conspire:SpireCoStock","floor":6.0,"key":"SMITH"},{"data":"Zap","floor":10.0,"key":"SMITH"},{"floor":13.0,"key":"REST"},{"floor":15.0,"key":"REST"},{"floor":23.0,"key":"REST"},{"floor":29.0,"key":"REST"},{"floor":32.0,"key":"REST"}],"circlet_count":0,"master_deck":["Strike_B","Strike_B","Strike_B","Defend_B","Defend_B","Defend_B","Defend_B","Zap+1","Dualcast","Ball Lightning","conspire:SpireCoStock","Echo Form","rorgmod:Biogeneration","Strike_B","conspire:Banana","infinitespire:Oblivion","Cold Snap","Seek","conspire:SharedLibrary","Electrodynamics","StuffTheSpire:Synthwave+1","Crystallizer+1"],"relics":["Cracked Core","NeowsBlessing","conspire:Dentures","rorgmod:Ceramic Fish","infinitespire:Broken Mirror","Geode","Replay:Grab Bag","energizedSpire:OgreHead","hubris:TerracottaHorce","SacredBark","hubris:HollowSoul","Blue Doll","energizedSpire:HugeHouse","OrangePellets","Ring of Peace","Ring of Hypnosis","Orichalcum","Regal Pillow","Replay:Bandana","Nuclear Battery","infinitespire:CursedDice","Smiling Mask"],"acts_visited":["Exordium","TheCity","TheBeyond"],"potions_floor_usage":[40],"damage_taken":[{"damage":0.0,"enemies":"Jaw Worm","floor":1.0,"turns":1.0},{"damage":0.0,"enemies":"2 Louse","floor":4.0,"turns":1.0},{"damage":0.0,"enemies":"Cultist","floor":5.0,"turns":1.0},{"damage":30.0,"enemies":"3 Sentries","floor":7.0,"turns":6.0},{"damage":38.0,"enemies":"Exordium Wildlife","floor":11.0,"turns":5.0},{"damage":33.0,"enemies":"Fading Forest","floor":16.0,"turns":11.0},{"damage":14.0,"enemies":"2 Thieves","floor":18.0,"turns":4.0},{"damage":24.0,"enemies":"conspire:FuzzyDice","floor":21.0,"turns":4.0},{"damage":18.0,"enemies":"Chosen and Byrds","floor":22.0,"turns":5.0},{"damage":7.0,"enemies":"Centurion and Healer","floor":27.0,"turns":8.0},{"damage":18.0,"enemies":"Book of Stabbing","floor":28.0,"turns":5.0},{"damage":7.0,"enemies":"Snake Plant","floor":30.0,"turns":3.0},{"damage":18.0,"enemies":"Gremlin Leader","floor":31.0,"turns":6.0},{"damage":61.0,"enemies":"Collector","floor":33.0,"turns":12.0},{"damage":5.0,"enemies":"3 Darklings","floor":35.0,"turns":3.0},{"damage":0.0,"enemies":"Mind Bloom Boss Battle","floor":36.0,"turns":7.0},{"damage":6.0,"enemies":"Orb Walker","floor":37.0,"turns":3.0},{"damage":24.0,"enemies":"Maw","floor":38.0,"turns":7.0},{"damage":0,"enemies":"Reptomancer","floor":40,"turns":4},{"damage":18,"enemies":"infinitespire:Three Voidlings","floor":41,"turns":2},{"damage":21,"enemies":"Nightmare_Alpha","floor":41,"turns":7}],"seed_played":"4891943576215193766","potions_obtained":[{"floor":1.0,"key":"Adrenaline Potion"},{"floor":5.0,"key":"SpeedPotion"},{"floor":7.0,"key":"PotionOfCapacity"},{"floor":11.0,"key":"PowerPotion"},{"floor":28.0,"key":"Languid Potion"},{"floor":30.0,"key":"champ:CounterPotion"},{"floor":35.0,"key":"ColorlessPotion"},{"floor":38.0,"key":"ColorlessPotion"}],"is_trial":false,"path_per_floor":["M","?","?","M","M","R","E","?","T","R","M","T","R","$","R","B",null,"M","?","AVR","M","M","R","$","?","T","M","E","R","M","E","R","B",null,"M","?","M","M","?","E","?"],"character_chosen":"DEFECT","items_purchased":["Geode"],"campfire_rested":5,"item_purchase_floors":[14],"current_hp_per_floor":[75,75,75,75,75,75,45,45,45,45,7,7,29,29,51,50,69,55,55,55,32,15,36,36,36,36,30,13,50,43,26,63,3,58,54,56,51,28,28,29,0,0],"gold":970,"neow_bonus":"THREE_ENEMY_KILL","is_daily":false,"chose_seed":false,"campfire_upgraded":2,"win_rate":0.0,"timestamp":1608089592,"path_taken":["M","?","?","M","?","R","E","?","T","R","M","?","R","$","R","BOSS","M","?","AVR","M","?","R","?","?","T","?","E","R","M","E","R","BOSS","M","?","M","M","?","E","?"],"items_purchased_type":["Relic"],"build_version":"2020-12-13","purchased_purges":0,"victory":false,"max_hp_per_floor":[75,75,75,75,75,75,75,75,75,75,75,75,75,75,75,75,75,75,75,70,71,72,72,72,72,72,73,74,74,74,75,75,76,76,77,79,80,81,81,82,85,85],"card_choices":[{"not_picked":["Chill","Reboot"],"picked":"Ball Lightning","floor":1.0},{"not_picked":["Crystallizer","ReplayTheSpireMod:Reroute Power","Ball Lightning"],"picked":"SKIP","floor":4.0},{"not_picked":["Rebound","rorgmod:Fragmentation"],"picked":"Echo Form","floor":5.0},{"not_picked":["StuffTheSpire:Coldhearted","rorgmod:Refrigerate","rorgmod:Leap"],"picked":"SKIP","floor":7.0},{"not_picked":["Hologram","StuffTheSpire:SnapShoot","rorgmod:Antivirus"],"picked":"SKIP","floor":11.0},{"not_picked":["ReplayRNGCard","ReplayTheSpireMod:Omega Cannon"],"picked":"rorgmod:Biogeneration","floor":16.0},{"not_picked":["rorgmod:Overcurrent","Barrage","StuffTheSpire:Plugnplay"],"picked":"SKIP","floor":18.0},{"not_picked":["rorgmod:Antivirus","Double Energy"],"picked":"Cold Snap","floor":21.0},{"not_picked":["Double Energy+1","Force Field","rorgmod:Fusion"],"picked":"SKIP","floor":22.0},{"not_picked":["rorgmod:Overcurrent","rorgmod:Refrigerate","Sunder"],"picked":"SKIP","floor":27.0},{"not_picked":["Turbo","Force Field"],"picked":"Seek","floor":28.0},{"not_picked":["Panic Button","Coolheaded"],"picked":"conspire:SharedLibrary","floor":30.0},{"not_picked":["Turbo","rorgmod:Biogeneration","rorgmod:Antivirus"],"picked":"SKIP","floor":31.0},{"not_picked":["Mirror Shield","Multi-Cast"],"picked":"Electrodynamics","floor":33.0},{"not_picked":["Panic Button","rorgmod:SQL Injection"],"picked":"StuffTheSpire:Synthwave+1","floor":35.0},{"not_picked":["Barrage","rorgmod:SQL Injection","Multi-Cast"],"picked":"SKIP","floor":37.0},{"not_picked":["rorgmod:Steady Aim+1","StuffTheSpire:Plugnplay+1"],"picked":"Crystallizer+1","floor":38.0},{"not_picked":["rorgmod:Overcurrent","ReplaySort+1","rorgmod:Storm"],"picked":"SKIP","floor":40}],"player_experience":1013203,"relics_obtained":[{"floor":7.0,"key":"conspire:Dentures"},{"floor":9.0,"key":"infinitespire:Broken Mirror"},{"floor":25.0,"key":"Ring of Peace"},{"floor":25.0,"key":"Ring of Hypnosis"},{"floor":26.0,"key":"Orichalcum"},{"floor":28.0,"key":"Regal Pillow"},{"floor":31.0,"key":"Replay:Bandana"},{"floor":36.0,"key":"infinitespire:CursedDice"},{"floor":40,"key":"Smiling Mask"}],"event_choices":[{"damage_healed":0.0,"max_hp_gain":0.0,"max_hp_loss":0.0,"gold_gain":0.0,"event_name":"conspire:Investor","player_choice":"Invest 2","floor":2.0,"gold_loss":0.0,"damage_taken":0.0},{"cards_removed":["Strike_B"],"damage_healed":0.0,"max_hp_gain":0.0,"max_hp_loss":0.0,"gold_gain":0.0,"event_name":"Bonfire Elementals","player_choice":"Offered Basic","floor":3.0,"gold_loss":0.0,"damage_taken":0.0},{"damage_healed":0.0,"max_hp_gain":0.0,"max_hp_loss":0.0,"gold_gain":0.0,"event_name":"Dead Adventurer","player_choice":"Searched \u00272\u0027 times","floor":8.0,"gold_loss":0.0,"damage_taken":0.0,"relics_obtained":["rorgmod:Ceramic Fish"]},{"damage_healed":0.0,"max_hp_gain":0.0,"max_hp_loss":0.0,"gold_gain":0.0,"event_name":"WeMeetAgain","player_choice":"Paid Gold","floor":19.0,"gold_loss":150.0,"damage_taken":0.0,"relics_obtained":["Blue Doll"]},{"damage_healed":0.0,"max_hp_gain":0.0,"max_hp_loss":0.0,"gold_gain":0.0,"event_name":"MindBloom","player_choice":"Fight","floor":36.0,"gold_loss":0.0,"damage_taken":0.0}],"is_beta":false,"boss_relics":[{"not_picked":["conspire:SlowCooker","Pandora\u0027s Box"],"picked":"Replay:Grab Bag"},{"not_picked":["energizedSpire:CursedPentagram","Replay:Bronze Core"],"picked":"energizedSpire:OgreHead"},{"not_picked":["conspire:SeveredTorchhead","energizedSpire:OldTV"],"picked":"hubris:TerracottaHorce"},{"not_picked":["rorgmod:Empty Cage","FrozenCore"],"picked":"SacredBark"},{"not_picked":["hubris:ScarierMask","Runic Pyramid"],"picked":"hubris:HollowSoul"},{"not_picked":["Replay:Drink Me","energizedSpire:MagnifyingGlass"],"picked":"Nuclear Battery"}],"items_purged_floors":[],"is_endless":false,"potions_floor_spawned":[1,5,7,11,28,30,35,38],"killed_by":"Nightmare_Alpha","ascension_level":2}}