{"host":"f0gpob8hq9vgebej","time":1608129562,"event":{"mods":["AchievementEnabler","BaseMod","Googly Eyes","Minty Spire (QoL Compilation)","Quick Restart","SuperFastMode"],"gold_per_floor":[118,118,145,43,59,59,97,97,121,137,137,161,194,41,41,172,172,188,63,63,63,63,107,32,32,32,32,4,4,4,42,42,42,42],"floor_reached":33,"playtime":514,"items_purged":["Strike_G","Strike_G","Defend_G"],"score":399,"play_id":"b26510cb-a2aa-4e9b-80f5-faced4c3e553","local_time":"20201216233922","is_ascension_mode":true,"campfire_choices":[{"data":"Noxious Fumes","floor":6.0,"key":"SMITH"},{"data":"Bouncing Flask","floor":8.0,"key":"SMITH"},{"floor":11,"key":"REST"},{"data":"Burst","floor":15,"key":"SMITH"},{"data":"Envenom","floor":25,"key":"SMITH"},{"data":"Neutralize","floor":27,"key":"SMITH"},{"data":"Well Laid Plans","floor":29,"key":"SMITH"},{"floor":32,"key":"REST"}],"circlet_count":0,"master_deck":["Strike_G","Strike_G","Defend_G","Defend_G","Defend_G","Survivor","Neutralize+1","Noxious Fumes+1","Acrobatics","Bouncing Flask+1","Dagger Spray","Glass Knife","Blade Dance","Burst+1","Blade Dance","Envenom+1","Well Laid Plans+1","Doppelganger","Riddle With Holes","Concentrate+1","Escape Plan","Choke+1"],"relics":["Ring of the Snake","Bird Faced Urn","Golden Idol","Anchor","Ancient Tea Set","Pen Nib","Philosopher\u0027s Stone","Juzu Bracelet","The Courier","Sundial"],"acts_visited":["Exordium","TheCity"],"potions_floor_usage":[13,16],"damage_taken":[{"damage":0.0,"enemies":"2 Louse","floor":1.0,"turns":4.0},{"damage":0.0,"enemies":"Jaw Worm","floor":5.0,"turns":5.0},{"damage":31.0,"enemies":"Gremlin Nob","floor":7.0,"turns":5.0},{"damage":8,"enemies":"Small Slimes","floor":10,"turns":3},{"damage":6,"enemies":"3 Louse","floor":12,"turns":3},{"damage":12,"enemies":"Lagavulin","floor":13,"turns":5},{"damage":13,"enemies":"Hexaghost","floor":16,"turns":6},{"damage":0,"enemies":"Chosen","floor":18,"turns":4},{"damage":6,"enemies":"Gremlin Leader","floor":23,"turns":6},{"damage":50,"enemies":"Book of Stabbing","floor":31,"turns":5},{"damage":32,"enemies":"Collector","floor":33,"turns":2}],"seed_played":"-6991679159071790558","potions_obtained":[{"floor":1.0,"key":"PowerPotion"},{"floor":7.0,"key":"LiquidBronze"},{"floor":10,"key":"Poison Potion"},{"floor":16,"key":"SpeedPotion"},{"floor":31,"key":"Fire Potion"}],"is_trial":false,"path_per_floor":["M","?","T","$","M","R","E","R","T","M","R","M","E","$","R","B",null,"M","$","?","?","?","E","?","R","T","R","$","R","?","E","R","B"],"character_chosen":"THE_SILENT","items_purchased":["Acrobatics","Blade Dance","Escape Plan"],"campfire_rested":2,"item_purchase_floors":[4,14,28],"current_hp_per_floor":[63,48,48,48,50,50,21,21,21,15,33,29,19,19,19,10,50,54,54,54,54,54,52,52,52,52,52,52,52,52,8,26,0,0],"gold":42,"neow_bonus":"ONE_RARE_RELIC","is_daily":false,"chose_seed":false,"campfire_upgraded":6,"win_rate":0.0,"timestamp":1608129562,"path_taken":["M","?","?","$","M","R","E","R","T","M","R","M","E","$","R","BOSS","M","$","?","?","?","E","?","R","T","R","$","R","?","E","R","BOSS"],"items_purchased_type":["Card","Card","Card"],"build_version":"2020-12-13","purchased_purges":3,"victory":false,"max_hp_per_floor":[63,63,63,63,63,63,63,63,63,63,63,63,63,63,63,63,63,63,63,63,63,63,63,63,63,63,63,63,63,63,63,63,63,63],"card_choices":[{"not_picked":["Predator","Terror"],"picked":"Noxious Fumes","floor":1.0},{"not_picked":["Sucker Punch","Finisher"],"picked":"Bouncing Flask","floor":5.0},{"not_picked":["Endless Agony","Dodge and Roll"],"picked":"Dagger Spray","floor":7.0},{"not_picked":["Poisoned Stab","Underhanded Strike"],"picked":"Glass Knife","floor":10},{"not_picked":["Underhanded Strike","Eviscerate"],"picked":"Blade Dance","floor":12},{"not_picked":["PiercingWail","Dagger Throw"],"picked":"Burst","floor":13},{"not_picked":["Die Die Die","Corpse Explosion"],"picked":"Envenom","floor":16},{"not_picked":["Flechettes","Dagger Spray"],"picked":"Well Laid Plans","floor":18},{"not_picked":["Acrobatics","Dodge and Roll+1"],"picked":"Concentrate+1","floor":23},{"not_picked":["Unload","Eviscerate"],"picked":"Choke+1","floor":31}],"player_experience":153179,"relics_obtained":[{"floor":3.0,"key":"Anchor"},{"floor":9.0,"key":"Ancient Tea Set"},{"floor":13,"key":"Pen Nib"},{"floor":23,"key":"Juzu Bracelet"},{"floor":26,"key":"The Courier"},{"floor":31,"key":"Sundial"}],"event_choices":[{"damage_healed":0.0,"max_hp_gain":0.0,"max_hp_loss":0.0,"gold_gain":0.0,"event_name":"Golden Idol","player_choice":"Take Damage","floor":2.0,"gold_loss":0.0,"damage_taken":15.0,"relics_obtained":["Golden Idol"]},{"damage_healed":0,"gold_gain":0,"cards_transformed":["Strike_G","Defend_G"],"player_choice":"Became Test Subject","damage_taken":0,"max_hp_gain":0,"max_hp_loss":0,"event_name":"Drug Dealer","floor":20,"gold_loss":0,"cards_obtained":["Doppelganger","Riddle With Holes"]},{"damage_healed":0,"gold_gain":0,"player_choice":"Read","damage_taken":0,"max_hp_gain":0,"max_hp_loss":0,"event_name":"The Library","floor":22,"gold_loss":0,"cards_obtained":["Setup"]},{"cards_removed":["Setup"],"damage_healed":0,"gold_gain":0,"player_choice":"Gave Gold","damage_taken":0,"max_hp_gain":0,"max_hp_loss":0,"event_name":"Beggar","floor":24,"gold_loss":75},{"damage_healed":0,"gold_gain":0,"player_choice":"Ignored","damage_taken":0,"max_hp_gain":0,"max_hp_loss":0,"event_name":"Vampires","floor":30,"gold_loss":0}],"is_beta":false,"boss_relics":[{"not_picked":["Sozu","Runic Dome"],"picked":"Philosopher\u0027s Stone"}],"items_purged_floors":[4,14,19],"is_endless":false,"potions_floor_spawned":[1,7,10,16,31],"killed_by":"Collector","ascension_level":8}}