{"host":"41zuqv3z4fqqx8y0","time":1608079454,"event":{"mods":["BaseMod","Minty Spire (QoL Compilation)","Replay The Spire","StSLib","The Poker Player"],"gold_per_floor":[118,134,153,13,13,13,88,88,111,36,36,36,36,36,70,70,70,165,165,178,195,285,302,321,321,355,98,98,115,135,135,145,160,160,256,256,271,283,293,393,119,119,137,137,160,160,172,22,50,64,64,64,64,64],"floor_reached":52,"playtime":5826,"items_purged":["Looming Evil","PokerPlayerMod:Diamond1","PokerPlayerMod:Spade1","PokerPlayerMod:Spade2"],"score":835,"play_id":"e4c0db7e-67fc-4234-b293-0dbefb02d9c7","local_time":"20201216014414","is_ascension_mode":true,"metric_token":344,"campfire_choices":[{"data":"PokerPlayerMod:HiddenCard","floor":6,"key":"SMITH"},{"data":"PokerPlayerMod:Mulligan","floor":8,"key":"SMITH"},{"data":"PokerPlayerMod:Club1","floor":13,"key":"SMITH"},{"floor":17,"key":"REST"},{"data":"PokerPlayerMod:Duplicate","floor":25,"key":"SMITH"},{"data":"PokerPlayerMod:ClubDance","floor":31,"key":"SMITH"},{"data":"PokerPlayerMod:Extraction","floor":34,"key":"PURGE"},{"data":"PokerPlayerMod:Raise","floor":42,"key":"SMITH"},{"floor":44,"key":"REST"},{"floor":46,"key":"REST"},{"data":"PokerPlayerMod:ClubDance","floor":51,"key":"PURGE"}],"circlet_count":0,"master_deck":["PokerPlayerMod:Diamond3","PokerPlayerMod:Diamond3","PokerPlayerMod:Diamond4","PokerPlayerMod:Diamond5","PokerPlayerMod:Spade3","PokerPlayerMod:Spade4","PokerPlayerMod:Club2","PokerPlayerMod:Club2","PokerPlayerMod:Heart2","PokerPlayerMod:TrumpStrike+1","PokerPlayerMod:BadJoker","PokerPlayerMod:Mulligan+1","PokerPlayerMod:HiddenCard+1","PokerPlayerMod:GamblerForm","PokerPlayerMod:Club2","PokerPlayerMod:Club3","PokerPlayerMod:Club4","PokerPlayerMod:Club5","PokerPlayerMod:Club6","PokerPlayerMod:ChangeRules","PokerPlayerMod:Duplicate+1","PokerPlayerMod:Club8","PokerPlayerMod:CardBurn+1","PokerPlayerMod:JackOfSpades","PokerPlayerMod:FillThePot+1","PokerPlayerMod:DamnStraight","PokerPlayerMod:RoyalStrike","PokerPlayerMod:ClubsClub+1","PokerPlayerMod:ClubDance+1","PokerPlayerMod:Club4","PokerPlayerMod:StackedDeck","PokerPlayerMod:Raise+1","PokerPlayerMod:Club4","PokerPlayerMod:CardBurn+1","PokerPlayerMod:Raise+1","PokerPlayerMod:HeartStrike"],"relics":["PokerPlayerMod:DeckCase","Ring of Misfortune","Ring of Peace","Happy Flower","Replay:Bottled Steam","Honey Jar","Replay:Bottled Flurry","BargainBundle","Bottled Tornado","SlaversCollar","Pet Ghost","Gremlin Food","Chameleon Ring"],"acts_visited":["Exordium","TheCity","TheBeyond"],"potions_floor_usage":[39],"damage_taken":[{"damage":9,"enemies":"2 Louse","floor":1,"turns":2},{"damage":9,"enemies":"Jaw Worm","floor":2,"turns":3},{"damage":0,"enemies":"Cultist","floor":3,"turns":2},{"damage":10,"enemies":"3 Sentries","floor":15,"turns":3},{"damage":39,"enemies":"Fading Forest","floor":18,"turns":11},{"damage":0,"enemies":"Spheric Guardian","floor":20,"turns":3},{"damage":0,"enemies":"3 Byrds","floor":21,"turns":1},{"damage":0,"enemies":"Sentry and Sphere","floor":23,"turns":4},{"damage":9,"enemies":"Centurion and Healer","floor":24,"turns":5},{"damage":0,"enemies":"Replay:Snechameleon","floor":26,"turns":4},{"damage":0,"enemies":"Snake Plant","floor":29,"turns":2},{"damage":0,"enemies":"Sentry and Sphere","floor":30,"turns":3},{"damage":0,"enemies":"Centurion and Healer","floor":32,"turns":2},{"damage":9,"enemies":"Shelled Parasite and Fungi","floor":33,"turns":4},{"damage":30,"enemies":"Pondfish","floor":35,"turns":9},{"damage":7,"enemies":"3 Shapes","floor":37,"turns":3},{"damage":0,"enemies":"Orb Walker","floor":38,"turns":3},{"damage":17,"enemies":"4 Shapes","floor":39,"turns":2},{"damage":28,"enemies":"Spire Growth","floor":43,"turns":4},{"damage":0,"enemies":"Maw","floor":47,"turns":5},{"damage":0,"enemies":"Giant Head","floor":49,"turns":4},{"damage":6,"enemies":"3 Darklings","floor":50,"turns":4},{"damage":58,"enemies":"Awakened One","floor":52,"turns":7}],"seed_played":"-8303981606141926376","potions_obtained":[{"floor":1,"key":"FairyPotion"},{"floor":2,"key":"Block Potion"},{"floor":21,"key":"GamblersBrew"},{"floor":24,"key":"Explosive Potion"},{"floor":26,"key":"SpeedPotion"},{"floor":30,"key":"Languid Potion"},{"floor":33,"key":"ColorlessPotion"},{"floor":35,"key":"Adrenaline Potion"},{"floor":37,"key":"SkillPotion"},{"floor":39,"key":"Elixir"},{"floor":50,"key":"Fire Potion"}],"is_trial":false,"path_per_floor":["M","M","M","$","?","R","?","R","T","$","PTL","PTL","R","?","E","$","R","B",null,"M","M","?","M","M","R","E","$","T","M","M","R","M","M","R","B",null,"M","M","M","?","$","R","M","R","T","R","M","$","E","M","R","B"],"character_chosen":"THE_POKER_PLAYER","items_purchased":["PokerPlayerMod:GamblerForm","BargainBundle","PokerPlayerMod:RoyalStrike","Adrenaline Potion","Pet Ghost"],"campfire_rested":3,"item_purchase_floors":[4,27,27,27,41],"current_hp_per_floor":[46,39,45,45,45,45,34,34,34,34,34,34,34,34,24,24,39,16,52,52,52,40,42,36,36,38,38,38,38,44,44,44,35,35,8,52,45,48,31,31,31,31,6,21,21,36,52,52,52,46,46,0,0,0],"gold":64,"neow_bonus":"UPGRADE_CARD","is_daily":false,"chose_seed":false,"campfire_upgraded":6,"win_rate":0.0,"timestamp":1608079454,"path_taken":["M","M","M","$","?","R","?","R","T","$","PTL","PTL","R","?","E","?","R","BOSS","M","M","?","M","?","R","E","?","T","?","M","R","M","M","R","BOSS","M","M","M","?","$","R","M","R","T","R","M","$","E","?","R","BOSS"],"items_purchased_type":["Card","Relic","Card","Potion","Relic"],"build_version":"2020-12-13","purchased_purges":4,"victory":false,"max_hp_per_floor":[52,52,52,52,52,52,52,52,52,52,52,52,52,52,52,52,52,52,52,52,52,52,52,52,52,52,52,52,52,52,52,52,52,52,52,52,52,52,52,52,52,52,52,52,52,52,52,52,52,52,52,52,52,52],"card_choices":[{"not_picked":["PokerPlayerMod:Spade1","PokerPlayerMod:Fold","PokerPlayerMod:Spade5"],"picked":"SKIP","floor":1},{"not_picked":["PokerPlayerMod:Diamond4","PokerPlayerMod:Harden"],"picked":"PokerPlayerMod:HiddenCard","floor":2},{"not_picked":["PokerPlayerMod:Heart1","PokerPlayerMod:Spade4","PokerPlayerMod:CloakAndDiamond"],"picked":"SKIP","floor":3},{"not_picked":["PokerPlayerMod:Spade8","PokerPlayerMod:Spade3"],"picked":"PokerPlayerMod:ChangeRules","floor":15},{"not_picked":["PokerPlayerMod:StackedDeck","PokerPlayerMod:Club10+"],"picked":"PokerPlayerMod:Duplicate","floor":18},{"not_picked":["PokerPlayerMod:CardPrinter+1","PokerPlayerMod:Diamond4","PokerPlayerMod:FlyingCard"],"picked":"PokerPlayerMod:Club8","floor":20},{"not_picked":["PokerPlayerMod:DiamondStrike+1","PokerPlayerMod:SpadeStrike","PokerPlayerMod:Overdeal"],"picked":"PokerPlayerMod:CardBurn+1","floor":21},{"not_picked":["PokerPlayerMod:Diamond3","PokerPlayerMod:Overdeal","PokerPlayerMod:Spade4"],"picked":"PokerPlayerMod:JackOfSpades","floor":23},{"not_picked":["PokerPlayerMod:DartThrow","PokerPlayerMod:Fold","PokerPlayerMod:Spade5"],"picked":"PokerPlayerMod:FillThePot+1","floor":24},{"not_picked":["PokerPlayerMod:Diamond6","PokerPlayerMod:Sharpen","PokerPlayerMod:RiskyBet"],"picked":"PokerPlayerMod:DamnStraight","floor":26},{"not_picked":["PokerPlayerMod:Diamond8","PokerPlayerMod:Sharpen","PokerPlayerMod:Heart2"],"picked":"PokerPlayerMod:ClubsClub+1","floor":29},{"not_picked":["PokerPlayerMod:Diamond4","PokerPlayerMod:Heart1","PokerPlayerMod:Diamond5"],"picked":"PokerPlayerMod:ClubDance","floor":30},{"not_picked":["PokerPlayerMod:SecondChance+1","PokerPlayerMod:SpadeStrike","PokerPlayerMod:Configure"],"picked":"PokerPlayerMod:Club4","floor":32},{"not_picked":["PokerPlayerMod:Spade3","PokerPlayerMod:CloakAndDiamond","PokerPlayerMod:CardPrinter"],"picked":"PokerPlayerMod:Extraction","floor":33},{"not_picked":["PokerPlayerMod:FakeSymbols","PokerPlayerMod:VarietyAttack","PokerPlayerMod:GamblerForm"],"picked":"PokerPlayerMod:StackedDeck","floor":35},{"not_picked":["PokerPlayerMod:MagicTrick+1","PokerPlayerMod:PoorCopy","PokerPlayerMod:ClubsClub"],"picked":"PokerPlayerMod:Raise","floor":37},{"not_picked":["PokerPlayerMod:FlyingCard","PokerPlayerMod:Spade1","PokerPlayerMod:Club1"],"picked":"PokerPlayerMod:Club4","floor":38},{"not_picked":["PokerPlayerMod:CloakAndDiamond","PokerPlayerMod:Spade4","PokerPlayerMod:Diamond4"],"picked":"PokerPlayerMod:CardBurn+1","floor":39},{"not_picked":["PokerPlayerMod:Diamond4","PokerPlayerMod:Spade1","PokerPlayerMod:Diamond5"],"picked":"PokerPlayerMod:Raise+1","floor":43},{"not_picked":["PokerPlayerMod:HiddenCard","PokerPlayerMod:ClubsClub","PokerPlayerMod:Club2"],"picked":"PokerPlayerMod:HeartStrike","floor":47},{"not_picked":["PokerPlayerMod:CloakAndDiamond+1","PokerPlayerMod:PoorCopy+1","PokerPlayerMod:Club6","PokerPlayerMod:ClubsClub"],"picked":"SKIP","floor":49},{"not_picked":["PokerPlayerMod:Diamond1","PokerPlayerMod:MagicTrick","PokerPlayerMod:CloakAndDiamond+1"],"picked":"PokerPlayerMod:ClubDance","floor":50}],"player_experience":613251,"relics_obtained":[{"floor":5,"key":"Ring of Misfortune"},{"floor":5,"key":"Ring of Peace"},{"floor":9,"key":"Happy Flower"},{"floor":15,"key":"Replay:Bottled Steam"},{"floor":26,"key":"Replay:Bottled Flurry"},{"floor":28,"key":"Bottled Tornado"},{"floor":45,"key":"Gremlin Food"},{"floor":49,"key":"Chameleon Ring"}],"event_choices":[{"damage_healed":0,"gold_gain":75,"player_choice":"Gather Gold","damage_taken":11,"max_hp_gain":0,"max_hp_loss":0,"event_name":"World of Goop","floor":7,"gold_loss":0},{"damage_healed":0,"gold_gain":0,"player_choice":"Jackpot","damage_taken":0,"max_hp_gain":0,"max_hp_loss":0,"event_name":"PokerPlayerMod:ExordiumClub","floor":14,"gold_loss":0,"cards_obtained":["PokerPlayerMod:Club2","PokerPlayerMod:Club3","PokerPlayerMod:Club4","PokerPlayerMod:Club5","PokerPlayerMod:Club6"]},{"damage_healed":0,"gold_gain":0,"player_choice":"Jackpot","damage_taken":0,"max_hp_gain":0,"max_hp_loss":0,"event_name":"PokerPlayerMod:ExordiumClub","floor":14,"gold_loss":0,"cards_obtained":["PokerPlayerMod:Club2","PokerPlayerMod:Club3","PokerPlayerMod:Club4","PokerPlayerMod:Club5","PokerPlayerMod:Club6"]},{"damage_healed":0,"gold_gain":0,"player_choice":"Jackpot","damage_taken":0,"max_hp_gain":0,"max_hp_loss":0,"event_name":"PokerPlayerMod:ExordiumClub","floor":14,"gold_loss":0,"cards_obtained":["PokerPlayerMod:Club2","PokerPlayerMod:Club3","PokerPlayerMod:Club4","PokerPlayerMod:Club5","PokerPlayerMod:Club6"]},{"damage_healed":0,"gold_gain":0,"player_choice":"Jackpot","damage_taken":0,"max_hp_gain":0,"max_hp_loss":0,"event_name":"PokerPlayerMod:ExordiumClub","floor":14,"gold_loss":0,"cards_obtained":["PokerPlayerMod:Club2","PokerPlayerMod:Club3","PokerPlayerMod:Club4","PokerPlayerMod:Club5","PokerPlayerMod:Club6"]},{"damage_healed":0,"gold_gain":0,"player_choice":"Jackpot","damage_taken":0,"max_hp_gain":0,"max_hp_loss":0,"event_name":"PokerPlayerMod:ExordiumClub","floor":14,"gold_loss":0,"cards_obtained":["PokerPlayerMod:Club2","PokerPlayerMod:Club3","PokerPlayerMod:Club4","PokerPlayerMod:Club5","PokerPlayerMod:Club6"]},{"damage_healed":0,"gold_gain":90,"player_choice":"GOLD ","damage_taken":12,"max_hp_gain":0,"max_hp_loss":0,"event_name":"Knowing Skull","floor":22,"potions_obtained":[],"gold_loss":0,"cards_obtained":[]},{"damage_healed":0,"gold_gain":100,"player_choice":"Pray","damage_taken":0,"max_hp_gain":0,"max_hp_loss":0,"event_name":"Golden Shrine","floor":40,"gold_loss":0}],"is_beta":false,"boss_relics":[{"not_picked":["Velvet Choker","Fusion Hammer"],"picked":"Honey Jar"},{"not_picked":["SacredBark","Sozu"],"picked":"SlaversCollar"}],"items_purged_floors":[10,27,41,48],"is_endless":false,"potions_floor_spawned":[1,2,21,24,26,30,33,35,37,39,50],"killed_by":"Awakened One","ascension_level":3}}