{"host":"991v0ipwgcse91hg","time":1608116522,"event":{"mods":["BaseMod","Better Vampires","Minty Spire (QoL Compilation)","MostiFishMod","Quick Restart","Shop Mod","StSLib","TestMod","[IsaacMod]????","??????REMEMod"],"gold_per_floor":[117,117,117,135,155,155,185,185,185,185,265,312,360,377,377,456,456,470,486,446,496,524,561,521,562,562,581,603,603,625,657,657,753,753,770,794,1145,1177,1177,1226,1226,1270,1295,1322,1322,1351,1400,1366,1366,1390,1430,1430,1430,1230,1284,1322,1322],"floor_reached":56,"playtime":3773,"items_purged":["Strike_G","Defend_G","Defend_G","Strike_G","Strike_G","MostiFishMod:PreservedThorns","Infinite Blades","Backflip"],"score":2684,"play_id":"8d330913-a524-42f8-b612-044db24313e9","local_time":"20201216190201","is_ascension_mode":true,"campfire_choices":[{"floor":6,"key":"RECALL"},{"data":"MostiFishMod:VineMother","floor":8,"key":"SMITH"},{"data":"MostiFishMod:Listen","floor":15,"key":"SMITH"},{"data":"Turbo","floor":32,"key":"SMITH"},{"data":"Dark Embrace","floor":41,"key":"SMITH"},{"data":"Creative AI","floor":45,"key":"SMITH"},{"data":"REME_FirmDetermination","floor":49,"key":"SMITH"},{"data":"Blade Dance","floor":53,"key":"SMITH"}],"circlet_count":0,"master_deck":["AscendersBane","MostiFishMod:VineMother+1","Deflect","Reflex","Dark Embrace+1","Blade Dance+1","Self Repair","MostiFishMod:Listen+1","Dagger Throw+1","Master of Strategy","Turbo+1","Creative AI+1","REME_FirmDetermination+1","Panache","REME_Scribble+1","REME_CopyPotion","testmod-PerfectCombo","Terror","testmod-AutoReboundSystem"],"relics":["Ring of the Snake","testmod-TestBox","HushsDoor","REME_ComplimentaryCards","BookofShadows","DiscerningMonocle","NeowsBlessing","Question Card","PrismaticShard","DaveBox","MerchantsRug","Ornamental Fan","testmod-CrystalShield","TuHaoJin","DeathBook","TwistedFunnel","OrangePellets","DeadEye","Pantograph","ImportantClient","HandDrill","testmod-Acrobat","Singing Bowl","Frozen Eye","BloodDonationMachine","Mercury Hourglass","Bag of Preparation","Letter Opener","BookOfRevelations","Ice Cream","testmod-LifeArmor","Orichalcum","testmod-TurbochargingSystem","testmod-RealStoneCalender","Sling","Kunai"],"acts_visited":["Exordium","TheCity","TheBeyond","TheEnding"],"potions_floor_usage":[50,54,56,56,56],"damage_taken":[{"damage":0,"enemies":"2 Louse","floor":1,"turns":1},{"damage":0,"enemies":"Jaw Worm","floor":4,"turns":1},{"damage":0,"enemies":"Small Slimes","floor":5,"turns":1},{"damage":7,"enemies":"3 Sentries","floor":7,"turns":4},{"damage":12,"enemies":"Gremlin Gang","floor":14,"turns":2},{"damage":7,"enemies":"The Guardian","floor":16,"turns":4},{"damage":3,"enemies":"2 Thieves","floor":18,"turns":2},{"damage":3,"enemies":"Chosen","floor":19,"turns":2},{"damage":3,"enemies":"Shelled Parasite and Fungi","floor":22,"turns":2},{"damage":5,"enemies":"Gremlin Leader","floor":23,"turns":3},{"damage":3,"enemies":"Slavers","floor":25,"turns":2},{"damage":3,"enemies":"Cultist and Chosen","floor":27,"turns":2},{"damage":0,"enemies":"Snecko","floor":28,"turns":2},{"damage":0,"enemies":"Centurion and Healer","floor":30,"turns":1},{"damage":0,"enemies":"Book of Stabbing","floor":31,"turns":2},{"damage":9,"enemies":"Champ","floor":33,"turns":3},{"damage":1,"enemies":"3 Darklings","floor":35,"turns":1},{"damage":2,"enemies":"3 Shapes","floor":36,"turns":2},{"damage":0,"enemies":"Maw","floor":38,"turns":3},{"damage":0,"enemies":"Nemesis","floor":40,"turns":1},{"damage":0,"enemies":"Reptomancer","floor":42,"turns":1},{"damage":3,"enemies":"Sphere and 2 Shapes","floor":44,"turns":1},{"damage":17,"enemies":"4 Shapes","floor":46,"turns":2},{"damage":3,"enemies":"Transient","floor":47,"turns":6},{"damage":45,"enemies":"Time Eater","floor":50,"turns":7},{"damage":3,"enemies":"Awakened One","floor":51,"turns":2},{"damage":3,"enemies":"Shield and Spear","floor":55,"turns":1},{"damage":125,"enemies":"Delirium","floor":56,"turns":14}],"seed_played":"-164178311866495540","potions_obtained":[{"floor":14,"key":"FairyPotion"},{"floor":19,"key":"testmod-SpacePotion"},{"floor":23,"key":"GamblersBrew"},{"floor":25,"key":"Energy Potion"},{"floor":42,"key":"SteroidPotion"},{"floor":47,"key":"testmod-EscapePotion"}],"is_trial":false,"path_per_floor":["M","?","$","M","M","R","E","R","T","?","$","?","$","M","R","B",null,"M","M","$","?","M","E","$","E","T","M","M","?","M","E","R","B",null,"M","M","$","M","?","E","R","E","T","M","R","M","M","$","R","B","B",null,"R","$","E","B"],"character_chosen":"THE_SILENT","items_purchased":["MerchantsRug","Well Laid Plans","Reflex","Backflip","testmod-TimePotion","Swift Potion","Ornamental Fan","testmod-CrystalShield","Slice","DeathBook","Strawberry","TwistedFunnel","Block Potion","CultistPotion","FearPotion","OrangePellets","DeadEye","Pantograph","PowerPotion","Poison Potion","SteroidPotion","MostiFishMod:Listen","HandDrill","Pear","testmod-Acrobat","Weak Potion","Energy Potion","Dexterity Potion","Master of Strategy","Frozen Eye","BloodDonationMachine","Mercury Hourglass","DistilledChaos","LiquidBronze","EssenceOfSteel","Infinite Blades","BookOfRevelations","GamblersBrew","PowerPotion","Regen Potion","Panache","Ninja Scroll","Explosive Potion","SpeedPotion","SkillPotion","testmod-TurbochargingSystem","testmod-RealStoneCalender","Sling","Terror","PowerPotion","Block Potion","ColorlessPotion","testmod-AutoReboundSystem"],"campfire_rested":0,"item_purchase_floors":[3,3,3,3,3,3,3,3,3,11,11,11,11,11,11,13,13,13,13,13,13,13,20,20,20,20,20,20,20,24,24,24,24,24,24,24,37,37,37,37,37,37,48,48,48,48,54,54,54,54,54,54,54],"current_hp_per_floor":[59,59,59,59,59,59,52,52,52,52,59,44,44,32,32,57,69,73,70,80,80,77,81,81,80,80,79,79,79,81,90,90,91,93,94,95,95,97,97,99,99,99,99,101,101,94,94,94,94,75,100,112,112,112,114,0,0],"gold":1322,"neow_bonus":"THREE_ENEMY_KILL","is_daily":false,"chose_seed":false,"campfire_upgraded":7,"win_rate":0.0,"timestamp":1608116521,"path_taken":["M","?","$","M","M","R","E","R","T","?","$","?","$","M","R","BOSS","M","M","$","?","M","E","$","E","T","M","M","?","?","E","R","BOSS","M","M","$","M","?","E","R","E","T","M","R","M","M","$","R","BOSS","BOSS","R","$","E","BOSS"],"items_purchased_type":["Relic","Card","Card","Card","Potion","Potion","Relic","Relic","Card","Relic","Relic","Relic","Potion","Potion","Potion","Relic","Relic","Relic","Potion","Potion","Potion","Card","Relic","Relic","Relic","Potion","Potion","Potion","Card","Relic","Relic","Relic","Potion","Potion","Potion","Card","Relic","Potion","Potion","Potion","Card","Relic","Potion","Potion","Potion","Relic","Relic","Relic","Card","Potion","Potion","Potion","Card"],"build_version":"2020-12-13","purchased_purges":8,"victory":false,"max_hp_per_floor":[66,66,66,66,66,66,66,66,66,66,73,73,73,73,73,73,73,73,73,83,83,83,85,85,87,87,89,89,89,91,93,93,93,93,95,95,95,97,97,99,99,99,99,104,104,107,110,110,110,113,116,116,116,116,121,124,124],"card_choices":[{"not_picked":[],"picked":"ChaosCard","floor":0},{"not_picked":["Underhanded Strike","Prepared"],"picked":"Deflect","floor":1},{"not_picked":["Clash","Protect","Sucker Punch"],"picked":"Dark Embrace","floor":4},{"not_picked":["PanicButton","Loop","CutThroughFate"],"picked":"Blade Dance","floor":5},{"not_picked":["All Out Attack","Double Energy","Wireheading"],"picked":"Self Repair","floor":7},{"not_picked":["Streamline","Rebound","Shrug It Off"],"picked":"Deflect","floor":14},{"not_picked":["Crippling Poison","Consecrate","Poisoned Stab","Dash"],"picked":"SKIP","floor":18},{"not_picked":["CutThroughFate","Cleave","Halt+1","Ball Lightning"],"picked":"SKIP","floor":19},{"not_picked":["Clash","Pommel Strike","Compile Driver"],"picked":"Beam Cell+1","floor":22},{"not_picked":["FearNoEvil+1","Rebound+1","Hemokinesis","ForeignInfluence"],"picked":"Singing Bowl","floor":23},{"not_picked":["Blur","Cold Snap","ClearTheMind","MostiFishMod:PreservedThorns"],"picked":"Singing Bowl","floor":25},{"not_picked":["Warcry","LessonLearned","FollowUp","testmod-Bloodthirsty"],"picked":"Singing Bowl","floor":27},{"not_picked":["SignatureMove","Steam","Blade Dance"],"picked":"Turbo","floor":28},{"not_picked":["Dagger Spray","Underhanded Strike","FlyingSleeves+1","testmod-Bloodthirsty"],"picked":"Singing Bowl","floor":30},{"not_picked":["Collect+1","Burning Pact","Conserve Battery","Swift Strike"],"picked":"Singing Bowl","floor":31},{"not_picked":["DeusExMachina","testmod-Arrangement","Mayhem"],"picked":"Creative AI","floor":33},{"not_picked":["Deflect","Halt+1","Anger+1","EmptyBody"],"picked":"Singing Bowl","floor":35},{"not_picked":["Panacea","Armaments","Backflip"],"picked":"REME_FirmDetermination","floor":36},{"not_picked":["Sweeping Beam","Crippling Poison","JustLucky+1","Clothesline"],"picked":"Singing Bowl","floor":38},{"not_picked":["Go for the Eyes","Searing Blow","Backstab","EpicFetus"],"picked":"Singing Bowl","floor":40},{"not_picked":["Ball Lightning+1","Barrage","Thunder Strike"],"picked":"REME_Scribble+1","floor":42},{"not_picked":["testmod-RabbitOfFibonacci+1","Gash+1","EmptyFist+1","Havoc"],"picked":"Singing Bowl","floor":44},{"not_picked":["Ball Lightning","Shrug It Off","FlurryOfBlows"],"picked":"REME_CopyPotion","floor":46},{"not_picked":["SignatureMove","Quick Slash","EmptyFist"],"picked":"testmod-PerfectCombo","floor":47},{"not_picked":["Iron Wave","Capacitor","Bouncing Flask","Warcry"],"picked":"Singing Bowl","floor":55}],"player_experience":38227,"relics_obtained":[{"floor":1,"key":"Question Card"},{"floor":1,"key":"PrismaticShard"},{"floor":7,"key":"TuHaoJin"},{"floor":16,"key":"ImportantClient"},{"floor":23,"key":"Singing Bowl"},{"floor":25,"key":"Bag of Preparation"},{"floor":26,"key":"Letter Opener"},{"floor":31,"key":"TheBean"},{"floor":40,"key":"Ice Cream"},{"floor":42,"key":"testmod-LifeArmor"},{"floor":43,"key":"Orichalcum"},{"floor":55,"key":"Kunai"}],"event_choices":[{"damage_healed":0,"gold_gain":0,"player_choice":"Swap Relic","damage_taken":0,"relics_obtained":["DaveBox"],"max_hp_gain":0,"max_hp_loss":0,"event_name":"??????","floor":2,"relics_lost":["DaveBox"],"gold_loss":0},{"damage_healed":0,"gold_gain":0,"cards_transformed":["Strike_G"],"player_choice":"Change","damage_taken":0,"max_hp_gain":0,"max_hp_loss":0,"event_name":"Living Wall","floor":10,"gold_loss":0,"cards_obtained":["MostiFishMod:PreservedThorns"]},{"damage_healed":0,"gold_gain":50,"player_choice":"Stole From Cult","damage_taken":0,"max_hp_gain":0,"max_hp_loss":0,"event_name":"Nest","floor":21,"gold_loss":0},{"damage_healed":0,"gold_gain":0,"player_choice":"Ignored","damage_taken":0,"max_hp_gain":0,"max_hp_loss":0,"event_name":"Ghosts","floor":29,"gold_loss":0},{"cards_removed":["Beam Cell"],"damage_healed":0,"gold_gain":0,"player_choice":"Removed Attack","damage_taken":0,"max_hp_gain":0,"max_hp_loss":0,"event_name":"Falling","floor":39,"gold_loss":0}],"is_beta":false,"boss_relics":[{"not_picked":["Snecko Eye","HereWithMe"],"picked":"Astrolabe"},{"not_picked":[]},{"not_picked":["Transparent","testmod-EnergyCheck"],"picked":"testmod-KeyOfTheVoid"},{"not_picked":[]}],"items_purged_floors":[3,11,13,20,24,37,48,54],"is_endless":false,"potions_floor_spawned":[7,14,16,19,23,25,28,33,35,42,44,47],"killed_by":"Delirium","ascension_level":20}}