{"host":"iptgt7xajlx4idp5","time":1608097560,"event":{"mods":["BaseMod","Bestiary","Colored Map","Minty Spire (QoL Compilation)","Rare Cards Sparkle","Slay-I"],"gold_per_floor":[114,43,55,68,78,78,94,94,94,114,131,15,33,33,33,128,128,144,144,159,172,17,17,17,0,26,26,26],"floor_reached":27,"playtime":4236,"items_purged":["Strike_G"],"score":207,"play_id":"97b1f0ce-587b-4c9b-a715-f554a8be2b63","local_time":"20201215224600","is_ascension_mode":false,"campfire_choices":[{"data":"Catalyst","floor":6,"key":"SMITH"},{"data":"Neutralize","floor":8,"key":"SMITH"},{"floor":15,"key":"REST"},{"floor":23,"key":"REST"}],"circlet_count":0,"master_deck":["Strike_G","Strike_G","Strike_G","Strike_G","Defend_G","Defend_G","Defend_G","Defend_G","Defend_G","Survivor","Neutralize+1","Cloak And Dagger","Poisoned Stab","Cloak And Dagger","Sucker Punch","Catalyst+1","Poisoned Stab","Terror+1","Catalyst"],"relics":["Ring of the Snake","Juzu Bracelet","Vajra","Blood Vial","Bronze Scales"],"acts_visited":["Exordium","TheCity"],"potions_floor_usage":[11,16,20,21,27],"damage_taken":[{"damage":0,"enemies":"Jaw Worm","floor":1,"turns":6},{"damage":0,"enemies":"2 Louse","floor":3,"turns":3},{"damage":0,"enemies":"Cultist","floor":4,"turns":4},{"damage":0,"enemies":"3 Louse","floor":5,"turns":6},{"damage":2,"enemies":"2 Fungi Beasts","floor":7,"turns":5},{"damage":0,"enemies":"Blue Slaver","floor":10,"turns":3},{"damage":14,"enemies":"Exordium Wildlife","floor":11,"turns":7},{"damage":4,"enemies":"Red Slaver","floor":13,"turns":5},{"damage":25,"enemies":"The Guardian","floor":16,"turns":8},{"damage":11,"enemies":"Spheric Guardian","floor":18,"turns":7},{"damage":8,"enemies":"3 Byrds","floor":20,"turns":7},{"damage":43,"enemies":"Sentry and Sphere","floor":21,"turns":9},{"damage":14,"enemies":"Colosseum Slavers","floor":27,"turns":5},{"damage":47,"enemies":"Colosseum Nobs","floor":27,"turns":3}],"seed_played":"-6461255309656536920","potions_obtained":[{"floor":3,"key":"Weak Potion"},{"floor":5,"key":"AttackPotion"},{"floor":11,"key":"Swift Potion"},{"floor":13,"key":"BlessingOfTheForge"},{"floor":21,"key":"Ancient Potion"}],"is_trial":false,"path_per_floor":["M","$","M","M","M","R","M","R","T","M","M","$","M","?","R","B",null,"M","?","M","M","$","R","?","?","T","?"],"character_chosen":"THE_SILENT","items_purchased":["Poisoned Stab","Cloak And Dagger","Terror","Blood Vial"],"campfire_rested":2,"item_purchase_floors":[2,2,12,22],"current_hp_per_floor":[77,77,77,77,77,77,75,75,75,75,61,61,57,57,77,52,77,66,66,58,15,15,38,38,38,38,0,0],"gold":26,"neow_bonus":"TEN_PERCENT_HP_BONUS","is_daily":false,"chose_seed":false,"campfire_upgraded":2,"win_rate":0.0,"timestamp":1608097560,"path_taken":["M","$","M","M","M","R","M","R","T","M","M","$","M","?","R","BOSS","M","?","M","M","$","R","?","?","T","?"],"items_purchased_type":["Card","Card","Card","Relic"],"build_version":"2020-12-13","purchased_purges":1,"victory":false,"max_hp_per_floor":[77,77,77,77,77,77,77,77,77,77,77,77,77,77,77,77,77,77,77,77,77,77,77,77,77,77,77,77],"card_choices":[{"not_picked":["Outmaneuver","Underhanded Strike"],"picked":"Cloak And Dagger","floor":1},{"not_picked":["Reflex","Backflip"],"picked":"Sucker Punch","floor":3},{"not_picked":["Flying Knee","Quick Slash"],"picked":"Catalyst","floor":4},{"not_picked":["Caltrops","Bane","Reflex"],"picked":"SKIP","floor":5},{"not_picked":["Dodge and Roll","Sucker Punch"],"picked":"Poisoned Stab","floor":7},{"not_picked":["Escape Plan","Calculated Gamble","PiercingWail"],"picked":"SKIP","floor":10},{"not_picked":["Cloak And Dagger","Backflip","Sucker Punch"],"picked":"SKIP","floor":11},{"not_picked":["Poisoned Stab","Dodge and Roll","Dagger Throw"],"picked":"SKIP","floor":13},{"not_picked":["Quick Slash+1","Backflip","Slice"],"picked":"SKIP","floor":18},{"not_picked":["Escape Plan","Well Laid Plans","Setup"],"picked":"SKIP","floor":20},{"not_picked":["Concentrate","Bane"],"picked":"Catalyst","floor":21}],"player_experience":480401,"relics_obtained":[{"floor":9,"key":"Juzu Bracelet"},{"floor":26,"key":"Bronze Scales"}],"event_choices":[{"damage_healed":0,"gold_gain":0,"player_choice":"Ignored","damage_taken":0,"max_hp_gain":0,"max_hp_loss":0,"event_name":"Liars Game","floor":14,"gold_loss":0},{"damage_healed":0,"gold_gain":0,"player_choice":"Opened","damage_taken":0,"relics_obtained":["Vajra"],"max_hp_gain":0,"max_hp_loss":0,"event_name":"The Mausoleum","floor":19,"gold_loss":0},{"damage_healed":0,"gold_gain":0,"player_choice":"Upgraded","damage_taken":0,"max_hp_gain":0,"max_hp_loss":0,"event_name":"Upgrade Shrine","floor":24,"gold_loss":0,"cards_upgraded":["Terror"]},{"damage_healed":0,"gold_gain":0,"player_choice":"Paid Fearfully","damage_taken":0,"max_hp_gain":0,"max_hp_loss":0,"event_name":"Masked Bandits","floor":25,"gold_loss":17},{"damage_healed":0,"gold_gain":0,"player_choice":"Fight","damage_taken":0,"max_hp_gain":0,"max_hp_loss":0,"event_name":"Colosseum","floor":27,"gold_loss":0},{"damage_healed":0,"gold_gain":0,"player_choice":"Fought Nobs","damage_taken":0,"max_hp_gain":0,"max_hp_loss":0,"event_name":"Colosseum","floor":27,"gold_loss":0}],"is_beta":false,"boss_relics":[{"not_picked":["Ring of the Serpent","Runic Dome","Philosopher\u0027s Stone"]}],"items_purged_floors":[12],"is_endless":false,"potions_floor_spawned":[3,5,11,13,21],"killed_by":"Colosseum Nobs","ascension_level":0}}