{"host":"v7tp7bgmerva31qt","time":1608111061,"event":{"mods":["AchievementEnabler","BaseMod","BetterRewards","Downfall","Googly Eyes","Minty Spire (QoL Compilation)","Replay The Spire","Shop Mod","StSLib","The Hierophant","The Poker Player","The Runesmith"],"gold_per_floor":[118,130,110,126,51,81,81,33,105,117,132,146,158,176,176,271,271,291,303,303,303,319,319,339,95,95,95,95,121,134,149,149,245,245,261,95,0,0,10,10,10,10,34,44,44,61,61,11,11,11,11,11],"floor_reached":50,"playtime":2991,"items_purged":["PokerPlayerMod:Diamond1"],"score":516,"play_id":"4d3d37d5-696c-4978-a1d3-af4e01f47fcc","local_time":"20201216193101","is_ascension_mode":false,"metric_token":786,"campfire_choices":[{"floor":7,"key":"REST"},{"floor":15,"key":"REST"},{"data":"PokerPlayerMod:Raise","floor":23,"key":"SMITH"},{"floor":28,"key":"REST"},{"data":"PokerPlayerMod:GamblerForm","floor":32,"key":"SMITH"},{"data":"PokerPlayerMod:StackedDeck","floor":42,"key":"SMITH"},{"data":"PokerPlayerMod:CardPrinter","floor":45,"key":"SMITH"},{"data":"PokerPlayerMod:CardPrinter","floor":47,"key":"SMITH"},{"data":"PokerPlayerMod:CardPrinter","floor":49,"key":"SMITH"}],"circlet_count":0,"master_deck":["PokerPlayerMod:Diamond2","PokerPlayerMod:Diamond3","PokerPlayerMod:Diamond4","PokerPlayerMod:Diamond5","PokerPlayerMod:Spade1","PokerPlayerMod:Spade2","PokerPlayerMod:Spade4","PokerPlayerMod:Spade4","PokerPlayerMod:Club1","PokerPlayerMod:Club2","PokerPlayerMod:Heart2","PokerPlayerMod:TrumpStrike","PokerPlayerMod:BadJoker","PokerPlayerMod:Mulligan","PokerPlayerMod:Overdeal","PokerPlayerMod:CardPrinter+1","PokerPlayerMod:CardPrinter+1","PokerPlayerMod:Raise+1","PokerPlayerMod:Raise+1","PokerPlayerMod:Spade4","PokerPlayerMod:Extraction+1","PokerPlayerMod:Raise+1","PokerPlayerMod:TheDieIsCast+1","PokerPlayerMod:MagicTrick+1","PokerPlayerMod:ThinkingTime+1","PokerPlayerMod:Diamond1","PokerPlayerMod:WasteCollection+1","PokerPlayerMod:Heart4","PokerPlayerMod:GamblerForm+1","PokerPlayerMod:CardPrinter+1","PokerPlayerMod:StackedDeck+1","Apotheosis+1","Doubt","PokerPlayerMod:Club3","Secret Technique+1","PokerPlayerMod:Club4","PokerPlayerMod:Spade5","PokerPlayerMod:Diamond5"],"relics":["PokerPlayerMod:DeckCase","Oddly Smooth Stone","Toxic Egg 2","Replay:Grab Bag","Runesmith:UraniumAnvil","Sozu","PokerPlayerMod:AceCard","SlaversCollar","Meat on the Bone","Replay:Bottled Eggs","Eternal Feather","Philosopher\u0027s Stone","Red Mask","Ring of Hypnosis"],"acts_visited":["Exordium","TheCity","TheBeyond"],"potions_floor_usage":[16,16,16],"damage_taken":[{"damage":1,"enemies":"2 Louse","floor":1,"turns":2},{"damage":0,"enemies":"Cultist","floor":2,"turns":3},{"damage":22,"enemies":"Jaw Worm","floor":4,"turns":4},{"damage":8,"enemies":"Gremlin Nob","floor":6,"turns":4},{"damage":10,"enemies":"Exordium Wildlife","floor":10,"turns":3},{"damage":11,"enemies":"Looter","floor":11,"turns":3},{"damage":5,"enemies":"2 Fungi Beasts","floor":12,"turns":3},{"damage":16,"enemies":"Blue Slaver","floor":13,"turns":3},{"damage":0,"enemies":"Looter","floor":14,"turns":2},{"damage":17,"enemies":"Slime Boss","floor":16,"turns":7},{"damage":0,"enemies":"3 Byrds","floor":18,"turns":2},{"damage":15,"enemies":"2 Thieves","floor":19,"turns":4},{"damage":32,"enemies":"Centurion and Healer","floor":22,"turns":5},{"damage":22,"enemies":"Shelled Parasite and Fungi","floor":24,"turns":5},{"damage":0,"enemies":"Gremlin Leader","floor":29,"turns":4},{"damage":13,"enemies":"Snake Plant","floor":30,"turns":3},{"damage":0,"enemies":"3 Cultists","floor":31,"turns":3},{"damage":29,"enemies":"Pondfish","floor":33,"turns":10},{"damage":41,"enemies":"3 Shapes","floor":35,"turns":4},{"damage":3,"enemies":"Orb Walker","floor":39,"turns":2},{"damage":9,"enemies":"3 Darklings","floor":44,"turns":2},{"damage":0,"enemies":"4 Shapes","floor":46,"turns":3},{"damage":58,"enemies":"Time Eater","floor":50,"turns":6}],"seed_played":"5571906325676983679","potions_obtained":[{"floor":3,"key":"Milkshake"},{"floor":6,"key":"LiquidBronze"},{"floor":12,"key":"ColorlessPotion"},{"floor":16,"key":"Strength Potion"}],"is_trial":false,"path_per_floor":["M","M","?","M","$","E","R","$","T","M","M","M","M","M","R","B",null,"M","M","?","?","M","R","M","$","T","?","R","E","M","M","R","B",null,"M","$","?","?","M","$","?","R","T","M","R","M","R","$","R","B"],"character_chosen":"THE_POKER_PLAYER","items_purchased":["PokerPlayerMod:Raise","Meat on the Bone","Apotheosis+1","PokerPlayerMod:Diamond5"],"campfire_rested":3,"item_purchase_floors":[8,25,36,48],"current_hp_per_floor":[56,57,57,36,36,30,47,47,47,37,30,25,12,12,29,14,57,57,42,42,42,22,22,29,29,29,29,46,57,57,57,57,32,57,33,33,33,33,30,30,30,51,51,48,57,57,57,57,57,0,0,0],"gold":11,"neow_bonus":"TEN_PERCENT_HP_BONUS","is_daily":false,"chose_seed":false,"campfire_upgraded":6,"win_rate":0.0,"timestamp":1608111061,"path_taken":["M","M","?","M","?","E","R","$","T","M","M","M","M","M","R","BOSS","M","M","?","?","M","R","M","$","T","?","R","E","M","?","R","BOSS","M","$","?","?","M","?","?","R","T","M","R","M","R","$","R","BOSS"],"items_purchased_type":["Card","Relic","Card","Card"],"build_version":"2020-12-13","purchased_purges":1,"victory":false,"max_hp_per_floor":[57,57,57,57,57,57,57,57,57,57,57,57,57,57,57,57,57,57,57,57,57,57,57,57,57,57,57,57,57,57,57,57,57,57,57,57,57,57,57,57,57,57,57,57,57,57,57,57,57,57,57,57],"card_choices":[{"not_picked":["PokerPlayerMod:DartThrow","PokerPlayerMod:Diamond2"],"picked":"PokerPlayerMod:Overdeal","floor":1},{"not_picked":["PokerPlayerMod:Club2","PokerPlayerMod:Spade5"],"picked":"PokerPlayerMod:CardPrinter","floor":2},{"not_picked":["PokerPlayerMod:ClubsClub","PokerPlayerMod:Spade3"],"picked":"PokerPlayerMod:CardPrinter","floor":4},{"not_picked":["PokerPlayerMod:ClubsClub","PokerPlayerMod:ClubShade","PokerPlayerMod:DiamondStrike"],"picked":"SKIP","floor":6},{"not_picked":["PokerPlayerMod:HeartStrike","PokerPlayerMod:SpadeStrike","PokerPlayerMod:Spade1"],"picked":"SKIP","floor":10},{"not_picked":["PokerPlayerMod:ClubDance+1","PokerPlayerMod:Trickery"],"picked":"PokerPlayerMod:Raise+1","floor":11},{"not_picked":["PokerPlayerMod:Club2","PokerPlayerMod:Club1"],"picked":"PokerPlayerMod:Spade3","floor":12},{"not_picked":["PokerPlayerMod:Spade6","PokerPlayerMod:Club2"],"picked":"PokerPlayerMod:Extraction+1","floor":13},{"not_picked":["PokerPlayerMod:Diamond5","PokerPlayerMod:MagicTrick+1"],"picked":"PokerPlayerMod:Raise+1","floor":14},{"not_picked":["PokerPlayerMod:Club10+","PokerPlayerMod:Promotion+1"],"picked":"PokerPlayerMod:TheDieIsCast+1","floor":16},{"not_picked":["PokerPlayerMod:Spade2","PokerPlayerMod:ClubsClub"],"picked":"PokerPlayerMod:MagicTrick+1","floor":18},{"not_picked":["PokerPlayerMod:CloakAndDiamond+1","PokerPlayerMod:Diamond7","PokerPlayerMod:SpadeStrike+1"],"picked":"SKIP","floor":19},{"not_picked":["PokerPlayerMod:DartThrow+1","PokerPlayerMod:Trickery"],"picked":"PokerPlayerMod:Diamond1","floor":22},{"not_picked":["PokerPlayerMod:Spade2","PokerPlayerMod:RiskyBet+1"],"picked":"PokerPlayerMod:WasteCollection+1","floor":24},{"not_picked":["PokerPlayerMod:DartThrow","PokerPlayerMod:DamnStraight"],"picked":"PokerPlayerMod:GamblerForm","floor":29},{"not_picked":["PokerPlayerMod:Diamond5","PokerPlayerMod:HotShotCut+1","PokerPlayerMod:HiddenCard+1"],"picked":"SKIP","floor":30},{"not_picked":["PokerPlayerMod:Spade3","PokerPlayerMod:Club6"],"picked":"PokerPlayerMod:CardPrinter","floor":31},{"not_picked":["PokerPlayerMod:Spade7","PokerPlayerMod:Diamond10+"],"picked":"PokerPlayerMod:StackedDeck","floor":33},{"not_picked":["PokerPlayerMod:DamnStraight","PokerPlayerMod:Club1","PokerPlayerMod:FillThePot+1"],"picked":"SKIP","floor":35},{"not_picked":["PokerPlayerMod:Overdeal+1","PokerPlayerMod:Diamond4"],"picked":"PokerPlayerMod:Club3","floor":39},{"not_picked":["expansioncontent:HyperBeam","expansioncontent:DefensiveMode"],"picked":"Secret Technique+1","floor":41},{"not_picked":["PokerPlayerMod:Diamond1","PokerPlayerMod:Club10+"],"picked":"PokerPlayerMod:Club4","floor":44},{"not_picked":["PokerPlayerMod:Diamond2","PokerPlayerMod:Spade2"],"picked":"PokerPlayerMod:Spade5","floor":46}],"player_experience":271157,"relics_obtained":[{"floor":6,"key":"Oddly Smooth Stone"},{"floor":9,"key":"Toxic Egg 2"},{"floor":26,"key":"Replay:Bottled Eggs"},{"floor":29,"key":"Eternal Feather"},{"floor":38,"key":"Ring of Hypnosis"}],"event_choices":[{"damage_healed":0,"gold_gain":0,"player_choice":"Bought 1 Potion","damage_taken":0,"max_hp_gain":0,"max_hp_loss":0,"event_name":"The Woman in Blue","floor":3,"gold_loss":0},{"damage_healed":0,"gold_gain":0,"player_choice":"Think Hard","damage_taken":0,"max_hp_gain":0,"max_hp_loss":0,"event_name":"PokerPlayerMod:Vampires","floor":20,"gold_loss":0,"cards_obtained":["PokerPlayerMod:ThinkingTime"]},{"damage_healed":0,"gold_gain":0,"player_choice":"Ignored","damage_taken":0,"max_hp_gain":0,"max_hp_loss":0,"event_name":"Ghosts","floor":21,"gold_loss":0},{"damage_healed":0,"gold_gain":0,"player_choice":"Read","damage_taken":0,"max_hp_gain":0,"max_hp_loss":0,"event_name":"The Library","floor":27,"gold_loss":0,"cards_obtained":["PokerPlayerMod:Heart4"]},{"damage_healed":0,"gold_gain":0,"player_choice":"Paid","damage_taken":0,"relics_obtained":["Red Mask"],"max_hp_gain":0,"max_hp_loss":0,"event_name":"Tomb of Lord Red Mask","floor":37,"gold_loss":95},{"damage_healed":0,"gold_gain":0,"player_choice":"Memory 1","damage_taken":0,"max_hp_gain":0,"max_hp_loss":0,"event_name":"SensoryStone","floor":41,"gold_loss":0}],"is_beta":false,"boss_relics":[{"not_picked":["Calling Bell","Replay:Bronze Core"],"picked":"Replay:Grab Bag"},{"not_picked":["Painkiller Herb","Busted Crown"],"picked":"Runesmith:UraniumAnvil"},{"not_picked":["ReplayTheSpireMod:DimensionalGlitch","ReplayTheSpireMod:Onyx Gauntlets"],"picked":"Sozu"},{"not_picked":["Empty Cage","Astrolabe"],"picked":"PokerPlayerMod:AceCard"},{"not_picked":["Replay:Drink Me","Kintsugi"],"picked":"SlaversCollar"},{"not_picked":["Ring of Chaos","SacredBark"],"picked":"Philosopher\u0027s Stone"}],"items_purged_floors":[5],"is_endless":false,"potions_floor_spawned":[6,12,16,22,24,29,30,35],"killed_by":"Time Eater","ascension_level":0}}