{"host":"m9i7qe3hvz6jihjh","time":1608141253,"event":{"mods":["BaseMod","Colored Powertips","Infinite Spire","Minty Spire (QoL Compilation)","Quick Restart","StSLib","The Animator","Waifu the Spire"],"gold_per_floor":[112,112,21,31,31,31,49,49,75,75,75,85,85,102,102,202,202,215,215,234,0,13,13,53,66,90,110,35,49,49,49,49,154,154,172,172,17,17,37,37,37],"floor_reached":40,"playtime":1750,"items_purged":[],"score":401,"play_id":"d7873c6f-dd53-467c-ab77-2b91ee3d9084","local_time":"20201216185413","is_ascension_mode":false,"campfire_choices":[{"data":"Wireheading","floor":6,"key":"SMITH"},{"data":"Vigilance","floor":10,"key":"SMITH"},{"floor":13,"key":"REST"},{"floor":15,"key":"REST"},{"data":"Magnetism","floor":23,"key":"SMITH"},{"floor":30,"key":"REST"},{"floor":32,"key":"REST"}],"circlet_count":0,"master_deck":["Strike_P","Strike_P","Strike_P","Defend_P","Defend_P","Defend_P+1","Defend_P","Eruption+1","Vigilance+1","Wireheading+1","FollowUp+1","Conclude","EmptyBody+1","Halt","infinitespire:UltimateForm","Prostrate","MentalFortress","Brilliance","FlurryOfBlows+1","CurseOfTheBell","Magnetism+1","ThirdEye","PathToVictory","Writhe","Wish","Consecrate+1","LessonLearned","Adaptation+1"],"relics":["PureWater","infinitespire:Beetle Shell","SacredBark","Calling Bell","MealTicket","Singing Bowl","infinitespire:Joker Card","Lantern","Bronze Scales","VioletLotus"],"acts_visited":["Exordium","TheCity","TheBeyond"],"potions_floor_usage":[16,18,25,27,35,40],"damage_taken":[{"damage":5,"enemies":"2 Louse","floor":1,"turns":2},{"damage":0,"enemies":"Cultist","floor":4,"turns":3},{"damage":7,"enemies":"Small Slimes","floor":7,"turns":2},{"damage":0,"enemies":"3 Louse","floor":12,"turns":3},{"damage":3,"enemies":"2 Fungi Beasts","floor":14,"turns":2},{"damage":66,"enemies":"Hexaghost","floor":16,"turns":16},{"damage":0,"enemies":"Spheric Guardian","floor":18,"turns":3},{"damage":29,"enemies":"2 Thieves","floor":20,"turns":4},{"damage":0,"enemies":"Chosen and Byrds","floor":22,"turns":5},{"damage":12,"enemies":"Centurion and Healer","floor":24,"turns":7},{"damage":13,"enemies":"Snake Plant","floor":25,"turns":5},{"damage":17,"enemies":"Colosseum Slavers","floor":27,"turns":6},{"damage":17,"enemies":"Cultist and Chosen","floor":29,"turns":8},{"damage":48,"enemies":"Champ","floor":33,"turns":14},{"damage":8,"enemies":"Orb Walker","floor":35,"turns":4},{"damage":14,"enemies":"3 Shapes","floor":39,"turns":7},{"damage":82,"enemies":"Nightmare","floor":40,"turns":7}],"seed_played":"3848748494620750304","potions_obtained":[{"floor":1,"key":"Strength Potion"},{"floor":16,"key":"AttackPotion"},{"floor":18,"key":"Strength Potion"},{"floor":22,"key":"BottledMiracle"},{"floor":33,"key":"ColorlessPotion"},{"floor":39,"key":"SpeedPotion"}],"is_trial":false,"path_per_floor":["M","?","$","M","?","R","M","?","T","R","?","M","R","M","R","B",null,"M","AVR","M","$","M","R","M","M","T","?","?","M","R","?","R","B",null,"M","?","$","?","M","NM"],"character_chosen":"WATCHER","items_purchased":["FollowUp","Conclude","Magnetism","ThirdEye","LessonLearned"],"campfire_rested":4,"item_purchase_floors":[3,3,21,21,37],"current_hp_per_floor":[74,79,79,79,79,79,72,52,52,52,35,35,60,57,82,16,84,84,84,57,72,74,74,62,51,51,34,34,19,46,46,73,25,92,84,84,92,92,78,0,0],"gold":37,"neow_bonus":"TEN_PERCENT_HP_BONUS","is_daily":false,"chose_seed":false,"campfire_upgraded":3,"win_rate":0.0,"timestamp":1608141253,"path_taken":["M","?","$","M","?","R","?","?","T","R","?","M","R","M","R","BOSS","M","AVR","M","$","M","R","M","M","T","?","?","M","R","?","R","BOSS","M","?","$","?","?","NM"],"items_purchased_type":["Card","Card","Card","Card","Card"],"build_version":"2020-12-13","purchased_purges":0,"victory":false,"max_hp_per_floor":[79,84,84,84,84,84,84,84,84,84,84,84,84,84,84,84,84,84,84,86,86,88,88,88,90,90,90,90,92,92,92,92,92,92,92,92,92,92,92,92,92],"card_choices":[{"not_picked":["EmptyFist","Crescendo"],"picked":"Wireheading","floor":1},{"not_picked":["SandsOfTime","CrushJoints"],"picked":"EmptyBody","floor":4},{"not_picked":["Blasphemy","Meditate"],"picked":"Halt","floor":7},{"not_picked":["infinitespire:Punishment","infinitespire:Oblivion"],"picked":"infinitespire:UltimateForm","floor":8},{"not_picked":["Crescendo","Conclude"],"picked":"Prostrate","floor":12},{"not_picked":["Halt","WheelKick"],"picked":"MentalFortress","floor":14},{"not_picked":["Vault","DeusExMachina"],"picked":"Brilliance","floor":16},{"not_picked":["ForeignInfluence","PathToVictory"],"picked":"FlurryOfBlows+1","floor":18},{"not_picked":["Halt","SandsOfTime+1","Sanctity"],"picked":"Singing Bowl","floor":20},{"not_picked":["Halt+1","Protect+1","Collect"],"picked":"Singing Bowl","floor":22},{"not_picked":["FlyingSleeves","SignatureMove"],"picked":"PathToVictory","floor":24},{"not_picked":["Prostrate","FlyingSleeves+1","EmptyFist+1"],"picked":"Singing Bowl","floor":25},{"not_picked":["EmptyFist","ClearTheMind","CrushJoints"],"picked":"Singing Bowl","floor":29},{"not_picked":["ConjureBlade","Devotion"],"picked":"Wish","floor":33},{"not_picked":["EmptyBody+1","FlyingSleeves+1"],"picked":"Consecrate+1","floor":35},{"not_picked":["BowlingBash","Perseverance+1"],"picked":"Adaptation+1","floor":39}],"player_experience":863261,"relics_obtained":[{"floor":9,"key":"infinitespire:Beetle Shell"},{"floor":19,"key":"MealTicket"},{"floor":19,"key":"Singing Bowl"},{"floor":19,"key":"infinitespire:Joker Card"},{"floor":26,"key":"Lantern"}],"event_choices":[{"damage_healed":0,"gold_gain":0,"player_choice":"Donut","damage_taken":0,"max_hp_gain":5,"max_hp_loss":0,"event_name":"Big Fish","floor":2,"gold_loss":0},{"damage_healed":0,"gold_gain":0,"player_choice":"Forge","damage_taken":0,"max_hp_gain":0,"max_hp_loss":0,"event_name":"Accursed Blacksmith","floor":5,"gold_loss":0,"cards_upgraded":["Eruption"]},{"damage_healed":0,"gold_gain":0,"player_choice":"Entered Light","damage_taken":17,"max_hp_gain":0,"max_hp_loss":0,"event_name":"Shining Light","floor":11,"gold_loss":0,"cards_upgraded":["EmptyBody","Defend_P"]},{"damage_healed":0,"gold_gain":0,"player_choice":"Fight","damage_taken":0,"max_hp_gain":0,"max_hp_loss":0,"event_name":"Colosseum","floor":27,"gold_loss":0},{"damage_healed":0,"gold_gain":0,"player_choice":"Fled From Nobs","damage_taken":0,"max_hp_gain":0,"max_hp_loss":0,"event_name":"Colosseum","floor":27,"gold_loss":0},{"cards_removed":["Strike_P"],"damage_healed":0,"gold_gain":0,"player_choice":"Gave Gold","damage_taken":0,"max_hp_gain":0,"max_hp_loss":0,"event_name":"Beggar","floor":28,"gold_loss":75},{"damage_healed":0,"gold_gain":0,"player_choice":"Opened","damage_taken":0,"relics_obtained":["Bronze Scales"],"max_hp_gain":0,"max_hp_loss":0,"event_name":"The Mausoleum","floor":31,"gold_loss":0,"cards_obtained":["Writhe"]},{"damage_healed":0,"gold_gain":0,"player_choice":"Ignored","damage_taken":0,"max_hp_gain":0,"max_hp_loss":0,"event_name":"Mysterious Sphere","floor":36,"gold_loss":0},{"damage_healed":0,"gold_gain":0,"player_choice":"Ignored","damage_taken":0,"max_hp_gain":0,"max_hp_loss":0,"event_name":"SecretPortal","floor":38,"gold_loss":0}],"is_beta":false,"boss_relics":[{"not_picked":["Pandora\u0027s Box","Philosopher\u0027s Stone"],"picked":"SacredBark"},{"not_picked":["Fusion Hammer","Snecko Eye"],"picked":"VioletLotus"}],"items_purged_floors":[],"is_endless":false,"potions_floor_spawned":[1,16,18,22,27,33,39],"killed_by":"Nightmare","ascension_level":0}}