{"host":"5gc11emcm5chfr5t","time":1608154642,"event":{"mods":["2.2 Compatiblity","AchievementEnabler","BaseMod","Bestiary","Better Note","Colored Map","Colored Powertips","Downfall","Googly Eyes","Minty Spire (QoL Compilation)","Rare Cards Sparkle","StSLib"],"gold_per_floor":[99,132,132,57,57,85,85,99,9,44,57,69,86,86,105,105,105],"floor_reached":16,"playtime":516,"items_purged":["Regret"],"score":238,"play_id":"b0e13718-23e2-43ff-9a4f-5fb164c1a539","local_time":"20201216163722","is_ascension_mode":true,"campfire_choices":[{"floor":1,"key":"RECALL"},{"data":"sneckomod:SnakeSap","floor":4,"key":"SMITH"}],"circlet_count":0,"master_deck":["sneckomod:Strike+1","sneckomod:Strike+1","sneckomod:Strike+1","sneckomod:Defend","sneckomod:Defend","sneckomod:TailWhip","sneckomod:SnekBite+1","sneckomod:Unknown","sneckomod:Unknown","sneckomod:SoulRoll+1","sneckomod:SnakeSap+1","sneckomod:ImprovisedAttack","sneckomod:UnknownClassHEXA_GHOST_PURPLE","sneckomod:SerpentIdol","sneckomod:QuickBite","sneckomod:UnknownCommonAttack","sneckomod:Transmogrify","sneckomod:SoulCleanse","sneckomod:SlitherStrike","sneckomod:QuickMove"],"relics":["sneckomod:SneckoSoul","downfall:HeartsMalice","Whetstone","downfall:HeartBlessingRed","Art of War","Ginger","InkBottle"],"acts_visited":["Exordium"],"potions_floor_usage":[12,16,16],"damage_taken":[{"damage":0,"enemies":"Gremlin Nob","floor":2,"turns":1},{"damage":0,"enemies":"Small Slimes","floor":3,"turns":1},{"damage":0,"enemies":"Lagavulin","floor":6,"turns":1},{"damage":7,"enemies":"2 Louse","floor":8,"turns":2},{"damage":8,"enemies":"downfall:FleeingMerchant","floor":9,"turns":4},{"damage":20,"enemies":"3 Sentries","floor":10,"turns":6},{"damage":6,"enemies":"Cultist","floor":11,"turns":3},{"damage":9,"enemies":"Red Slaver","floor":12,"turns":2},{"damage":19,"enemies":"Exordium Thugs","floor":13,"turns":3},{"damage":2,"enemies":"Blue Slaver","floor":15,"turns":2},{"damage":12,"enemies":"downfall:Ironclad","floor":16,"turns":2}],"seed_played":"715249002263685107","potions_obtained":[{"floor":11,"key":"PowerPotion"},{"floor":13,"key":"Strength Potion"},{"floor":15,"key":"SkillPotion"}],"is_trial":false,"path_per_floor":["R","E","M","R","?","E","T","M","$","E","M","M","M","?","M","B"],"character_chosen":"THE_SNECKO","items_purchased":[],"campfire_rested":0,"item_purchase_floors":[],"current_hp_per_floor":[81,81,81,81,81,81,81,75,67,47,42,33,14,14,12,0,0],"gold":105,"neow_bonus":"THREE_ENEMY_KILL","is_daily":false,"chose_seed":false,"campfire_upgraded":1,"win_rate":0.0,"timestamp":1608154642,"path_taken":["R","E","M","R","?","E","T","M","$","E","M","M","M","?","M","BOSS"],"items_purchased_type":[],"build_version":"2020-12-13","purchased_purges":1,"victory":false,"max_hp_per_floor":[90,90,90,90,90,90,90,91,91,91,92,92,92,92,92,92,92],"card_choices":[{"not_picked":["sneckomod:UnknownVulnerable","sneckomod:UnknownEthereal"],"picked":"sneckomod:SoulRoll","floor":2},{"not_picked":["sneckomod:QuickMove","sneckomod:QuickBite"],"picked":"sneckomod:SnakeSap","floor":3},{"not_picked":["sneckomod:SoulDraw","sneckomod:UnknownVulnerable"],"picked":"sneckomod:ImprovisedAttack","floor":6},{"not_picked":["sneckomod:Unknown1Cost","sneckomod:Rotation"],"picked":"sneckomod:UnknownClassHEXA_GHOST_PURPLE","floor":8},{"not_picked":["sneckomod:Nope","sneckomod:SoulRoll"],"picked":"sneckomod:SerpentIdol","floor":9},{"not_picked":["sneckomod:UnknownVulnerable","sneckomod:QuickMove"],"picked":"sneckomod:QuickBite","floor":10},{"not_picked":["sneckomod:QuickBite","sneckomod:Unknown1Cost"],"picked":"sneckomod:UnknownCommonAttack","floor":11},{"not_picked":["sneckomod:WideSting","sneckomod:UnknownCommonAttack"],"picked":"sneckomod:Transmogrify","floor":12},{"not_picked":["sneckomod:UnknownDexterity","sneckomod:Nope"],"picked":"sneckomod:SoulCleanse","floor":13},{"not_picked":["sneckomod:MasterEye","sneckomod:Unknown1Cost"],"picked":"sneckomod:QuickMove","floor":15}],"player_experience":396943,"relics_obtained":[{"floor":2,"key":"Whetstone"},{"floor":6,"key":"Art of War"},{"floor":7,"key":"Ginger"},{"floor":10,"key":"InkBottle"}],"event_choices":[{"damage_healed":0,"gold_gain":0,"cards_transformed":["sneckomod:Defend"],"player_choice":"Change","damage_taken":0,"max_hp_gain":0,"max_hp_loss":0,"event_name":"Living Wall","floor":14,"gold_loss":0,"cards_obtained":["sneckomod:SlitherStrike"]}],"is_beta":false,"boss_relics":[],"items_purged_floors":[9],"is_endless":false,"potions_floor_spawned":[11,13,15],"killed_by":"downfall:Ironclad","ascension_level":8}}