{"host":"a7kkotolxcg5vljr","time":1608146420,"event":{"mods":["2.2 Compatiblity","AchievementEnabler","Act Like it!","BaseMod","Better Altar","Better Skull","Better Third Choice","Colored Map","Colored Powertips","Downfall","Hermit","Highlight Path","Marisa????????","Minty Spire (QoL Compilation)","Quick Restart","Rare Cards Sparkle","Replay The Spire","Spicy Shops","StSLib","The Cursed","The Disciple","The Servant 0.9.4"],"gold_per_floor":[119,21,0,19,19,59,71,93,129,141,14,26,26,18,18,116,116,131,131,131,142,27,27,47,47,47,63,63,73,87,87,87,87,87],"floor_reached":33,"playtime":1194,"items_purged":[],"score":245,"play_id":"75082a47-14ed-49b0-af8c-47e0a4db082d","local_time":"20201216142020","is_ascension_mode":false,"campfire_choices":[{"floor":7,"key":"REST"},{"floor":15,"key":"REST"},{"floor":23,"key":"REST"},{"floor":28,"key":"REST"},{"floor":32,"key":"RECALL"}],"circlet_count":0,"master_deck":["Strike_R","Strike_R","Strike_R","Strike_R","Strike_R","Defend_R","Defend_R","Defend_R","Defend_R","Bash","Bloodletting","Warcry","Enlightenment","Shrug It Off","Infernal Blade+1","Shrug It Off","Double Tap","Evolve","expansioncontent:DecasProtection","Reaper","Iron Wave","Pain","Anger","Replay:Bootleg Shield Generator","Flex","Seeing Red","Thunderclap","Sword Boomerang","RitualDagger"],"relics":["Runic Cube","MawBank","Red Skull","Ring of Chaos","WarpedTongs","Meat on the Bone"],"acts_visited":["Exordium","TheCity"],"potions_floor_usage":[6,6,27,33,33],"damage_taken":[{"damage":12,"enemies":"Small Slimes","floor":1,"turns":4},{"damage":11,"enemies":"Jaw Worm","floor":4,"turns":2},{"damage":61,"enemies":"Gremlin Nob","floor":6,"turns":5},{"damage":0,"enemies":"2 Louse","floor":8,"turns":2},{"damage":2,"enemies":"Gremlin Gang","floor":12,"turns":3},{"damage":39,"enemies":"Hexaghost","floor":16,"turns":9},{"damage":64,"enemies":"Spheric Guardian","floor":18,"turns":8},{"damage":20,"enemies":"3 Byrds","floor":21,"turns":5},{"damage":30,"enemies":"Sentry and Sphere","floor":24,"turns":7},{"damage":5,"enemies":"Cultist and Chosen","floor":27,"turns":5},{"damage":23,"enemies":"Shelled Parasite and Fungi","floor":29,"turns":4},{"damage":20,"enemies":"Centurion and Healer","floor":30,"turns":5},{"damage":67,"enemies":"Champ","floor":33,"turns":9}],"seed_played":"-1690357214714616535","potions_obtained":[{"floor":1,"key":"SteroidPotion"},{"floor":4,"key":"Regen Potion"},{"floor":21,"key":"Dexterity Potion"},{"floor":27,"key":"Adrenaline Potion"},{"floor":30,"key":"AttackPotion"}],"is_trial":false,"path_per_floor":["M","$","?","M","?","E","R","M","T","?","$","M","?","$","R","B",null,"M","?","?","M","$","R","M","$","T","M","R","M","M","?","R_BF","B"],"character_chosen":"IRONCLAD","items_purchased":["Warcry","Double Tap","expansioncontent:DecasProtection","Replay:Bootleg Shield Generator"],"campfire_rested":4,"item_purchase_floors":[2,11,14,22],"current_hp_per_floor":[68,68,74,63,63,16,41,41,41,41,41,39,32,32,57,18,86,29,29,29,20,20,45,15,15,15,22,47,40,54,48,48,0,0],"gold":87,"neow_bonus":"BOSS_RELIC","is_daily":false,"chose_seed":false,"campfire_upgraded":0,"win_rate":0.0,"timestamp":1608146420,"path_taken":["M","$","?","M","?","E","R","M","T","?","?","?","?","$","R","BOSS","M","?","?","M","$","R","M","$","T","?","R","?","?","?","R_BF","BOSS"],"items_purchased_type":["Card","Card","Card","Card"],"build_version":"2020-12-13","purchased_purges":0,"victory":false,"max_hp_per_floor":[80,80,86,86,86,86,86,86,86,86,86,86,86,86,86,86,86,86,86,86,86,86,86,86,86,86,86,86,86,86,86,86,86,86],"card_choices":[{"not_picked":["True Grit","Massacre"],"picked":"Bloodletting","floor":1},{"not_picked":["Heavy Blade","Replay:Undeath\u0027s Touch"],"picked":"Shrug It Off","floor":4},{"not_picked":["Intimidate","Armaments"],"picked":"Infernal Blade","floor":6},{"not_picked":["Clash","Warcry"],"picked":"Shrug It Off","floor":8},{"not_picked":["Twin Strike","Flex"],"picked":"Evolve","floor":12},{"not_picked":["Fiend Fire","Barricade"],"picked":"Reaper","floor":16},{"not_picked":["Perfected Strike","Sword Boomerang"],"picked":"Iron Wave","floor":18},{"not_picked":["Dual Wield","Infernal Blade"],"picked":"Anger","floor":21},{"not_picked":["Shrug It Off+1","Wild Strike"],"picked":"Flex","floor":24},{"not_picked":["Perfected Strike","Inflame"],"picked":"Seeing Red","floor":27},{"not_picked":["Anger+1","Twin Strike"],"picked":"Thunderclap","floor":29},{"not_picked":["Shrug It Off","Heavy Blade"],"picked":"Sword Boomerang","floor":30}],"player_experience":325549,"relics_obtained":[{"floor":6,"key":"Red Skull"},{"floor":26,"key":"Meat on the Bone"}],"event_choices":[{"damage_healed":0,"gold_gain":0,"player_choice":"RENOUNCE","damage_taken":21,"max_hp_gain":0,"max_hp_loss":0,"event_name":"betterThird:BetterSerpent","floor":3,"gold_loss":21,"cards_obtained":["Enlightenment"]},{"damage_healed":0,"gold_gain":0,"player_choice":"Box","damage_taken":0,"relics_obtained":["MawBank"],"max_hp_gain":0,"max_hp_loss":0,"event_name":"Big Fish","floor":5,"gold_loss":0,"cards_obtained":["Regret"]},{"damage_healed":0,"gold_gain":0,"player_choice":"Grow","damage_taken":0,"max_hp_gain":0,"max_hp_loss":0,"event_name":"Living Wall","floor":10,"gold_loss":0,"cards_upgraded":["Infernal Blade"]},{"cards_removed":["Regret"],"damage_healed":0,"gold_gain":0,"player_choice":"Card Removal","damage_taken":7,"max_hp_gain":0,"max_hp_loss":0,"event_name":"Golden Wing","floor":13,"gold_loss":0},{"damage_healed":0,"gold_gain":0,"player_choice":"Rummage","damage_taken":0,"relics_obtained":["WarpedTongs"],"max_hp_gain":0,"max_hp_loss":0,"event_name":"Accursed Blacksmith","floor":20,"gold_loss":0,"cards_obtained":["Pain"]},{"damage_healed":0,"gold_gain":0,"player_choice":"Dagger","damage_taken":6,"max_hp_gain":0,"max_hp_loss":0,"event_name":"betterThird:BetterNest","floor":31,"gold_loss":0,"cards_obtained":["RitualDagger"]}],"is_beta":false,"boss_relics":[{"not_picked":["SacredBark","Coffee Dripper"],"picked":"Ring of Chaos"}],"items_purged_floors":[],"is_endless":false,"potions_floor_spawned":[1,4,21,27,30],"killed_by":"Champ","ascension_level":0}}