{"host":"sum4dy402bbv9y4o","time":1608127001,"event":{"mods":["Aspiration","BaseMod","Conspire","Highlight Path","Minty Spire (QoL Compilation)","StSLib"],"gold_per_floor":[112,112,112,122,47,47,80,92,92,124,124,124,124,0,0,78,78,94,114,147,1,1,26,26,26,26],"floor_reached":25,"playtime":645,"items_purged":[],"score":500,"play_id":"704daf9e-46d3-4ed8-bb49-b3c69c2b6a53","local_time":"20201216165641","is_ascension_mode":true,"campfire_choices":[{"data":"Vigilance","floor":6,"key":"SMITH"},{"data":"SandsOfTime","floor":11,"key":"SMITH"},{"data":"Defend_P","floor":13,"key":"SMITH"},{"data":"Adaptation","floor":15,"key":"SMITH"}],"circlet_count":0,"master_deck":["AscendersBane","Strike_P","Strike_P","Strike_P","Strike_P","Defend_P+1","Defend_P","Defend_P","Defend_P","Eruption+1","Vigilance+1","SandsOfTime+1","CrushJoints+1","CutThroughFate+1","SandsOfTime+1","TalkToTheHand+1","Adaptation+1","Judgement","Wallop+1","JustLucky+1","MentalFortress","MentalFortress","Protect","Consecrate+1"],"relics":["PureWater","NeowsBlessing","Molten Egg 2","Bag of Marbles","conspire:Flyswatter","conspire:DeflatedDodgeball","Anchor","Black Star","Red Mask","MutagenicStrength","StrikeDummy","Boot"],"acts_visited":["Exordium","TheCity"],"potions_floor_usage":[20,23,23],"damage_taken":[{"damage":0,"enemies":"2 Louse","floor":1,"turns":2},{"damage":0,"enemies":"Small Slimes","floor":4,"turns":2},{"damage":0,"enemies":"Lagavulin","floor":7,"turns":1},{"damage":0,"enemies":"Cultist","floor":8,"turns":1},{"damage":10,"enemies":"3 Sentries","floor":10,"turns":6},{"damage":17,"enemies":"Hexaghost","floor":16,"turns":7},{"damage":0,"enemies":"Chosen","floor":18,"turns":3},{"damage":11,"enemies":"2 Thieves","floor":19,"turns":3},{"damage":0,"enemies":"Masked Bandits","floor":20,"turns":2},{"damage":31,"enemies":"Slavers","floor":23,"turns":7},{"damage":20,"enemies":"Snake Plant","floor":25,"turns":4}],"seed_played":"8452223615484650534","potions_obtained":[{"floor":1,"key":"Dexterity Potion"},{"floor":7,"key":"StancePotion"},{"floor":19,"key":"Explosive Potion"},{"floor":20,"key":"LiquidMemories"}],"is_trial":false,"path_per_floor":["M","?","?","M","?","R","E","M","T","E","R","?","R","$","R","B",null,"M","M","?","$","?","E","$","M"],"character_chosen":"WATCHER","items_purchased":["TalkToTheHand+1","Adaptation","MentalFortress","Protect"],"campfire_rested":0,"item_purchase_floors":[14,14,21,21],"current_hp_per_floor":[61,61,61,61,61,61,61,61,61,51,51,51,51,51,51,34,60,60,49,49,49,49,18,18,0,0],"gold":26,"neow_bonus":"THREE_ENEMY_KILL","is_daily":false,"chose_seed":false,"campfire_upgraded":4,"win_rate":0.0,"timestamp":1608127001,"path_taken":["M","?","?","M","?","R","E","M","T","E","R","?","R","?","R","BOSS","M","M","?","$","?","E","$","M"],"items_purchased_type":["Card","Card","Card","Card"],"build_version":"2020-12-13","purchased_purges":0,"victory":false,"max_hp_per_floor":[68,68,68,68,68,68,68,68,68,68,68,68,68,68,68,68,68,68,68,68,68,68,68,68,68,68],"card_choices":[{"not_picked":["CarveReality","InnerPeace"],"picked":"SandsOfTime","floor":1},{"not_picked":["Protect","Evaluate"],"picked":"CrushJoints+1","floor":4},{"not_picked":["Study","CrushJoints+1"],"picked":"CutThroughFate+1","floor":7},{"not_picked":["Evaluate","SignatureMove+1","Indignation"],"picked":"SKIP","floor":8},{"not_picked":["Evaluate","Alpha"],"picked":"SandsOfTime+1","floor":10},{"not_picked":["Scrawl","MasterReality"],"picked":"Judgement","floor":16},{"not_picked":["EmptyBody","Adaptation"],"picked":"Wallop+1","floor":18},{"not_picked":["ThirdEye","Wireheading"],"picked":"JustLucky+1","floor":19},{"not_picked":["SignatureMove+1","Halt"],"picked":"MentalFortress","floor":20},{"not_picked":["Crescendo","Evaluate"],"picked":"Consecrate+1","floor":23}],"player_experience":2786290,"relics_obtained":[{"floor":7,"key":"Bag of Marbles"},{"floor":9,"key":"conspire:Flyswatter"},{"floor":10,"key":"conspire:DeflatedDodgeball"},{"floor":20,"key":"Red Mask"},{"floor":23,"key":"StrikeDummy"},{"floor":23,"key":"Boot"}],"event_choices":[{"damage_healed":0,"gold_gain":0,"player_choice":"Grow","damage_taken":0,"max_hp_gain":0,"max_hp_loss":0,"event_name":"Living Wall","floor":2,"gold_loss":0,"cards_upgraded":["Eruption"]},{"cards_removed":["Injury"],"damage_healed":0,"gold_gain":0,"player_choice":"Card Removal","damage_taken":0,"max_hp_gain":0,"max_hp_loss":0,"event_name":"The Cleric","floor":5,"gold_loss":75},{"damage_healed":0,"gold_gain":0,"player_choice":"Searched \u00271\u0027 times","damage_taken":0,"relics_obtained":["Anchor"],"max_hp_gain":0,"max_hp_loss":0,"event_name":"Dead Adventurer","floor":12,"gold_loss":0},{"damage_healed":0,"gold_gain":0,"player_choice":"Fought Bandits","damage_taken":0,"max_hp_gain":0,"max_hp_loss":0,"event_name":"Masked Bandits","floor":20,"gold_loss":0},{"damage_healed":0,"gold_gain":0,"player_choice":"Inject Mutagens","damage_taken":0,"relics_obtained":["MutagenicStrength"],"max_hp_gain":0,"max_hp_loss":0,"event_name":"Drug Dealer","floor":22,"gold_loss":0}],"is_beta":false,"boss_relics":[{"not_picked":["SacredBark","conspire:RunicOctahedron"],"picked":"Black Star"}],"items_purged_floors":[],"is_endless":false,"potions_floor_spawned":[1,7,19,20],"killed_by":"Snake Plant","ascension_level":20}}