{"host":"ki5kvxn974a96omm","time":1608154901,"event":{"mods":["BaseMod","Better Altar","Better Match","Better Note","Better Sensory Stone","Better Skull","Colored Map","Colored Powertips","Highlight Path","Minty Spire (QoL Compilation)","Random Character Button","Relic Sorter","StSLib"],"gold_per_floor":[110,130,32,124,135,135,35,35,35,0,11,36,51,70,70,144,144,163,182,232,250,300,300,318,348,393,413,413,413,427,427,427],"floor_reached":31,"playtime":1741,"items_purged":["Decay","Strike_G"],"score":453,"play_id":"21f94151-8f7c-4b63-8f0f-adc506ff1e1f","local_time":"20201216164141","is_ascension_mode":true,"campfire_choices":[{"data":"Neutralize","floor":6.0,"key":"SMITH"},{"data":"Well Laid Plans","floor":15.0,"key":"SMITH"},{"data":"Acrobatics","floor":23.0,"key":"SMITH"},{"floor":29.0,"key":"REST"}],"circlet_count":0,"master_deck":["AscendersBane","Strike_G","Strike_G","Strike_G+1","Strike_G","Defend_G","Defend_G","Defend_G","Defend_G","Defend_G","Survivor","Neutralize+1","Dagger Spray","Infinite Blades","Acrobatics+1","Quick Slash","Master of Strategy","Well Laid Plans+1","PiercingWail+1","Deadly Poison+1","Dodge and Roll+1","Blur+1","Corpse Explosion+1","Backflip+1","Catalyst+1","Dash","Calculated Gamble+1","Wraith Form v2","Underhanded Strike+1","Dagger Throw+1"],"relics":["Ring of the Snake","Toxic Egg 2","Paper Crane","Snecko Eye","Shovel","Blood Vial"],"acts_visited":["Exordium","TheCity"],"potions_floor_usage":[31],"damage_taken":[{"damage":5.0,"enemies":"Cultist","floor":1.0,"turns":4.0},{"damage":4.0,"enemies":"2 Louse","floor":2.0,"turns":2.0},{"damage":0.0,"enemies":"Jaw Worm","floor":5.0,"turns":5.0},{"damage":6.0,"enemies":"Blue Slaver","floor":11.0,"turns":4.0},{"damage":3.0,"enemies":"3 Sentries","floor":12.0,"turns":6.0},{"damage":3.0,"enemies":"Exordium Thugs","floor":13.0,"turns":4.0},{"damage":0.0,"enemies":"2 Fungi Beasts","floor":14.0,"turns":4.0},{"damage":10.0,"enemies":"The Guardian","floor":16.0,"turns":12.0},{"damage":4.0,"enemies":"Chosen","floor":18.0,"turns":7.0},{"damage":19.0,"enemies":"2 Thieves","floor":19.0,"turns":3.0},{"damage":0.0,"enemies":"Snecko","floor":21.0,"turns":5.0},{"damage":0.0,"enemies":"Centurion and Healer","floor":24.0,"turns":3.0},{"damage":7.0,"enemies":"Book of Stabbing","floor":25.0,"turns":5.0},{"damage":23.0,"enemies":"Snake Plant","floor":27.0,"turns":6.0},{"damage":18.0,"enemies":"Shelled Parasite and Fungi","floor":30.0,"turns":5.0},{"damage":41,"enemies":"Gremlin Leader","floor":31,"turns":5}],"seed_played":"-6862872328021837171","potions_obtained":[{"floor":5.0,"key":"AttackPotion"},{"floor":11.0,"key":"EssenceOfSteel"},{"floor":13.0,"key":"BlessingOfTheForge"},{"floor":19.0,"key":"Dexterity Potion"},{"floor":21.0,"key":"DistilledChaos"},{"floor":30.0,"key":"LiquidBronze"}],"is_trial":false,"path_per_floor":["M","M","$","?","M","R","$","?","T","$","M","E","M","M","R","B",null,"M","M","?","M","?","R","M","E","T","M","?","R","M","E"],"character_chosen":"THE_SILENT","items_purchased":["Acrobatics","Well Laid Plans"],"campfire_rested":1,"item_purchase_floors":[3,10],"current_hp_per_floor":[66,62,62,38,38,38,38,38,38,38,32,29,26,26,26,16,63,59,40,40,40,40,40,40,33,33,12,28,51,35,0,0],"gold":427,"neow_bonus":"TWENTY_PERCENT_HP_BONUS","is_daily":false,"chose_seed":false,"campfire_upgraded":3,"win_rate":0.0,"timestamp":1608154901,"path_taken":["M","?","$","?","M","R","?","?","T","$","?","E","M","M","R","BOSS","M","M","?","?","?","R","M","E","T","M","?","R","M","E"],"items_purchased_type":["Card","Card"],"build_version":"2020-12-13","purchased_purges":2,"victory":false,"max_hp_per_floor":[78,78,78,78,78,78,78,78,78,78,78,78,78,78,78,78,78,78,78,78,78,78,78,78,78,78,78,78,78,78,78,78],"card_choices":[{"not_picked":["Flying Knee","PiercingWail"],"picked":"Dagger Spray","floor":1.0},{"not_picked":["Slice","Acrobatics"],"picked":"Infinite Blades","floor":2.0},{"not_picked":["Caltrops","Outmaneuver"],"picked":"Quick Slash","floor":5.0},{"not_picked":["Dramatic Entrance","Dark Shackles"],"picked":"Master of Strategy","floor":8.0},{"not_picked":["Prepared+1","Quick Slash"],"picked":"PiercingWail+1","floor":11.0},{"not_picked":["Skewer","Calculated Gamble+1"],"picked":"Deadly Poison+1","floor":12.0},{"not_picked":["Choke","Cloak And Dagger+1"],"picked":"Dodge and Roll+1","floor":13.0},{"not_picked":["Heel Hook","Acrobatics+1"],"picked":"Blur+1","floor":14.0},{"not_picked":["Night Terror+1","Bullet Time+1"],"picked":"Corpse Explosion+1","floor":16.0},{"not_picked":["Calculated Gamble+1","Quick Slash"],"picked":"Backflip+1","floor":18.0},{"not_picked":["Bane","PiercingWail+1"],"picked":"Catalyst+1","floor":19.0},{"not_picked":["Flechettes","Flying Knee"],"picked":"Dash","floor":21.0},{"not_picked":["Footwork","Flying Knee"],"picked":"Calculated Gamble+1","floor":24.0},{"not_picked":["PiercingWail+1","Poisoned Stab"],"picked":"Wraith Form v2","floor":25.0},{"not_picked":["Dagger Throw","Terror+1"],"picked":"Underhanded Strike+1","floor":27.0},{"not_picked":["Quick Slash","Sucker Punch"],"picked":"Dagger Throw+1","floor":30.0}],"player_experience":1619132,"relics_obtained":[{"floor":9.0,"key":"Toxic Egg 2"},{"floor":12.0,"key":"Paper Crane"},{"floor":25.0,"key":"Shovel"},{"floor":26.0,"key":"Blood Vial"}],"event_choices":[{"damage_healed":0.0,"max_hp_gain":0.0,"max_hp_loss":0.0,"gold_gain":92.0,"event_name":"betterSkull:BetterSkull","player_choice":"GO UP ","floor":4.0,"gold_loss":0.0,"damage_taken":27.0,"cards_upgraded":["Strike_G"],"relics_obtained":[]},{"damage_healed":0.0,"max_hp_gain":0.0,"max_hp_loss":0.0,"gold_gain":1.0,"event_name":"betterStone:BetterStone","player_choice":"1","floor":8.0,"gold_loss":0.0,"damage_taken":0.0},{"damage_healed":0.0,"max_hp_gain":0.0,"max_hp_loss":0.0,"gold_gain":100.0,"event_name":"The Joust","player_choice":"Bet on Murderer","floor":20.0,"gold_loss":50.0,"damage_taken":0.0},{"damage_healed":0.0,"max_hp_gain":0.0,"max_hp_loss":0.0,"gold_gain":50.0,"event_name":"Nest","player_choice":"Stole From Cult","floor":22.0,"gold_loss":0.0,"damage_taken":0.0},{"damage_healed":16.0,"max_hp_gain":0.0,"max_hp_loss":0.0,"gold_gain":0.0,"event_name":"The Library","player_choice":"Heal","floor":28.0,"gold_loss":0.0,"damage_taken":0.0}],"is_beta":false,"boss_relics":[{"not_picked":["Tiny House","Ring of the Serpent"],"picked":"Snecko Eye"}],"items_purged_floors":[3,7],"is_endless":false,"potions_floor_spawned":[5,11,13,19,21,30],"killed_by":"Gremlin Leader","ascension_level":15}}