{"host":"Teixeira","time":1608146241,"event":{"mods":["2.2 Compatiblity","BaseMod","Colored Map","Colored Powertips","Downfall","Hermit","Hubris","Minty Spire (QoL Compilation)","Permanent Neow","Rare Cards Sparkle","Relic Filter","Replay The Spire","Spicy Shops","StSLib","SuperFastMode"],"gold_per_floor":[99,132,232,266,277,287,310,329,329,355,93,193,36,21,31,128,128,128,68,81,101,101,133,133,161,180,213,311,331,256,272,287,385,385,385,417,435,448,480,515,540,573,585,611,280,296,68,263,273,273],"floor_reached":51,"playtime":6565,"items_purged":["Guardian:Strike_Guardian","Writhe","Guardian:Gem_White"],"score":1361,"play_id":"03d2661f-e95c-4e2f-be97-39b5a81418e7","local_time":"20201216161721","daily_mods":["Heirloom","downfall:Jewelcrafting","DeadlyEvents","Elite Swarm"],"is_ascension_mode":true,"campfire_choices":[{"data":"Guardian:CurlUp","floor":22,"key":"SMITH"},{"data":"Guardian:FloatingOrbs","floor":35,"key":"SMITH"}],"circlet_count":0,"master_deck":["Guardian:Strike_Guardian","Guardian:Strike_Guardian","Guardian:Strike_Guardian","Guardian:Defend_Guardian","Guardian:Defend_Guardian","Guardian:Defend_Guardian","Guardian:Defend_Guardian","Guardian:CurlUp+1","Guardian:TwinSlam","Guardian:ExploitGems","Guardian:ExploitGems","Guardian:BaubleBeam+1","Guardian:PiercingHide+1","Guardian:SphericShield+1","Guardian:DecasProtection+1","Guardian:DecasProtection+1","Guardian:ArmoredProtocol+1","Guardian:FloatingOrbs+1","AbeCurse","Guardian:Gem_Red","Guardian:BaubleBeam+1","Guardian:FloatingOrbs+1","Guardian:Gem_Orange","Guardian:Gem_Cyan","Pot Of Greed","Pot Of Greed","Pot Of Greed","Guardian:RevengeProtocol+1","Guardian:PiercingHide+1"],"relics":["Guardian:ModeShifter","Guardian:PickAxe","replay:Trail_Library","StoneCalendar","Golden Egg","Regal Pillow","sneckomod:BlankCard","Garlic","Membership Card","HandDrill","ReplayTheSpireMod:CursedCoin","Letter Opener","Abe\u0027s Treasure","Lizard Tail","hexamod:BolsterEngine","hubris:MysteriousPyramids","Du-Vu Doll","DollysMirror","Blue Doll","Art of War","Anchor","Black Star","Ginger","hubris:SlimyHat","Thread and Needle","Grinning Jar","White Beast Statue","Gremlin Horn","Replay:Wax Seal","hubris:Potato","hubris:PeanutButter","PreservedInsect","Mirror","Iron Hammer","Mummified Hand","Centennial Puzzle","Guardian:GemstoneGun","Bronze Scales"],"acts_visited":["Exordium","TheCity","TheBeyond"],"potions_floor_usage":[10,10,13,28,50,50,50,50],"damage_taken":[{"damage":25,"enemies":"3 Sentries","floor":2,"turns":7},{"damage":16,"enemies":"Lagavulin","floor":4,"turns":7},{"damage":7,"enemies":"Jaw Worm","floor":5,"turns":3},{"damage":0,"enemies":"Small Slimes","floor":6,"turns":3},{"damage":0,"enemies":"2 Louse","floor":8,"turns":2},{"damage":18,"enemies":"Gremlin Nob","floor":10,"turns":5},{"damage":0,"enemies":"downfall:FleeingMerchant","floor":11,"turns":4},{"damage":13,"enemies":"downfall:Heads","floor":12,"turns":6},{"damage":0,"enemies":"downfall:FleeingMerchant","floor":13,"turns":4},{"damage":0,"enemies":"downfall:FleeingMerchant","floor":14,"turns":4},{"damage":0,"enemies":"Lots of Slimes","floor":15,"turns":2},{"damage":0,"enemies":"downfall:Defect","floor":16,"turns":7},{"damage":0,"enemies":"Shell Parasite","floor":20,"turns":5},{"damage":0,"enemies":"Snake Plant","floor":21,"turns":4},{"damage":0,"enemies":"Slavers","floor":23,"turns":4},{"damage":0,"enemies":"Book of Stabbing","floor":25,"turns":5},{"damage":0,"enemies":"Shelled Parasite and Fungi","floor":26,"turns":5},{"damage":0,"enemies":"Gremlin Leader","floor":27,"turns":6},{"damage":0,"enemies":"downfall:FleeingMerchant","floor":28,"turns":4},{"damage":0,"enemies":"Centurion and Healer","floor":29,"turns":4},{"damage":0,"enemies":"3 Cultists","floor":31,"turns":4},{"damage":1,"enemies":"Snecko","floor":32,"turns":3},{"damage":0,"enemies":"downfall:Ironclad","floor":33,"turns":7},{"damage":0,"enemies":"R_Hoarder","floor":36,"turns":7},{"damage":2,"enemies":"3 Shapes","floor":37,"turns":3},{"damage":0,"enemies":"3 Darklings","floor":38,"turns":3},{"damage":20,"enemies":"Nemesis","floor":39,"turns":5},{"damage":0,"enemies":"R_Hoarder","floor":40,"turns":7},{"damage":0,"enemies":"Reptomancer","floor":42,"turns":5},{"damage":0,"enemies":"Jaw Worm Horde","floor":43,"turns":4},{"damage":0,"enemies":"Giant Head","floor":44,"turns":6},{"damage":0,"enemies":"Sphere and 2 Shapes","floor":46,"turns":3},{"damage":0,"enemies":"3 Darklings","floor":49,"turns":3},{"damage":0,"enemies":"downfall:Silent","floor":50,"turns":8}],"seed_played":"8742447647045597558","potions_obtained":[{"floor":6,"key":"Weak Potion"},{"floor":8,"key":"Adrenaline Potion"},{"floor":10,"key":"sneckomod:MuddlingPotion"},{"floor":15,"key":"SkillPotion"},{"floor":16,"key":"Swift Potion"},{"floor":20,"key":"Energy Potion"},{"floor":32,"key":"AttackPotion"},{"floor":38,"key":"Guardian:DefensiveModePotion"},{"floor":43,"key":"EntropicBrew"}],"is_trial":true,"path_per_floor":["R","E","?","E","M","M","T","M","R","E","$","?","$","$","M","B",null,"R","?","M","M","R","E","T","E","M","E","$","M","$","M","M","B",null,"R","E","M","M","E","E","T","E","M","E","$","M","$","?","M","B",null],"character_chosen":"GUARDIAN","items_purchased":["Membership Card","Guardian:DecasProtection","HandDrill","ReplayTheSpireMod:CursedCoin","Guardian:Gem_Blue","Guardian:ArmoredProtocol","Letter Opener","DollysMirror","Blue Doll","Art of War","Guardian:Gem_Green","Anchor","Iron Hammer","Guardian:PiercingHide+1","Mummified Hand","Centennial Puzzle","Guardian:GemstoneGun","Bronze Scales"],"campfire_rested":0,"item_purchase_floors":[11,11,11,13,13,13,13,28,28,28,28,30,45,45,45,45,47,47],"current_hp_per_floor":[80,55,55,39,32,32,32,32,32,14,14,1,1,1,1,1,80,80,80,80,80,80,80,80,80,80,80,80,80,80,80,79,79,80,80,80,78,78,58,58,58,58,58,58,58,58,58,38,38,38],"gold":273,"neow_bonus":"","is_daily":false,"chose_seed":false,"campfire_upgraded":2,"win_rate":0.0,"timestamp":1608146241,"path_taken":["R","E","?","E","M","M","T","M","R","E","$","?","$","$","M","BOSS","R","?","?","M","R","E","T","E","?","E","$","M","$","?","M","BOSS","R","E","?","?","?","E","T","E","M","E","$","M","$","?","M","BOSS"],"items_purchased_type":["Relic","Card","Relic","Relic","Card","Card","Relic","Relic","Relic","Relic","Card","Relic","Relic","Card","Relic","Relic","Relic","Relic"],"build_version":"2020-11-17","purchased_purges":3,"victory":true,"max_hp_per_floor":[80,80,80,80,80,80,80,80,80,80,80,80,80,80,80,80,80,80,80,80,80,80,80,80,80,80,80,80,80,80,80,80,80,80,80,80,80,80,80,80,80,80,80,80,80,80,80,80,80,80],"card_choices":[{"not_picked":["Guardian:StasisField","Guardian:SphericShield"],"picked":"Guardian:BaubleBeam","floor":2},{"not_picked":["Guardian:ConstructionForm","Guardian:SphericShield"],"picked":"Guardian:Gem_Synthetic","floor":4},{"not_picked":["Guardian:ChargeCore","Guardian:Suspension","Guardian:PolyBeam"],"picked":"SKIP","floor":5},{"not_picked":["Guardian:TemporalStrike","Guardian:DonusPower"],"picked":"Guardian:PiercingHide","floor":6},{"not_picked":["Guardian:RollAttack","Guardian:Clone","Guardian:WalkerClaw"],"picked":"SKIP","floor":8},{"not_picked":["Guardian:AncientConstruct","Guardian:ConstructionForm"],"picked":"Guardian:SphericShield","floor":10},{"not_picked":["Guardian:RefractedBeam","Guardian:Recover","Guardian:MultiBeam"],"picked":"SKIP","floor":11},{"not_picked":["Guardian:Gem_Cyan","Guardian:ShieldCharger"],"picked":"Guardian:Gem_Lightblue","floor":12},{"not_picked":["Guardian:CrystalBeam","Guardian:Incinerate","Guardian:Gem_Fragmented"],"picked":"SKIP","floor":13},{"not_picked":["Guardian:SentryBeam","Guardian:PrismaticBarrier"],"picked":"Guardian:FloatingOrbs","floor":14},{"not_picked":["Guardian:DecasProtection","Guardian:RollAttack","Guardian:ChargeCore"],"picked":"SKIP","floor":15},{"not_picked":["Guardian:ChargeCore","Guardian:Gem_Fragmented","Guardian:CrystalBeam"],"picked":"SKIP","floor":20},{"not_picked":["Guardian:PrimingBeam+1","Guardian:SentryBeam"],"picked":"Guardian:Gem_Blue","floor":21},{"not_picked":["Guardian:TimeSifter","Guardian:Gem_Orange"],"picked":"Guardian:BaubleBeam","floor":23},{"not_picked":["Guardian:TimeSifter","Guardian:StasisStrike","Guardian:ExploitGems"],"picked":"SKIP","floor":25},{"not_picked":["Guardian:RollAttack+1","Guardian:TimeBomb+1"],"picked":"Guardian:FloatingOrbs","floor":26},{"not_picked":["Guardian:RevengeProtocol","Guardian:StasisStrike","Guardian:ExploitGems"],"picked":"SKIP","floor":27},{"not_picked":["Guardian:PiercingHide","Guardian:RefractedBeam+1"],"picked":"Guardian:Gem_Orange","floor":28},{"not_picked":["Guardian:Gem_Lightblue","Guardian:WalkerClaw+1"],"picked":"Guardian:Gem_Cyan","floor":29},{"not_picked":["Guardian:EvasiveProtocol","Guardian:RollAttack","Guardian:PrimingBeam"],"picked":"SKIP","floor":31},{"not_picked":["Guardian:Gem_Cyan","Guardian:HyperBeam_Guardian","Guardian:Reroute"],"picked":"SKIP","floor":32},{"not_picked":["Guardian:AncientConstruct","Guardian:TimeSifter","Guardian:StasisField"],"picked":"SKIP","floor":36},{"not_picked":["Guardian:Gem_Lightblue","Guardian:Gem_Red","Guardian:Gem_Cyan"],"picked":"SKIP","floor":37},{"not_picked":["Guardian:Planning+1","Guardian:Gem_Fragmented","Guardian:BronzeArmor"],"picked":"SKIP","floor":38},{"not_picked":["Guardian:FastForward","Guardian:Gem_Synthetic","Guardian:StasisField"],"picked":"SKIP","floor":39},{"not_picked":["Guardian:SphericShield","Guardian:FastForward","Guardian:Gem_Synthetic"],"picked":"SKIP","floor":40},{"not_picked":["Guardian:BaubleBeam","Guardian:FastForward"],"picked":"Guardian:RevengeProtocol","floor":42},{"not_picked":["Guardian:PiercingHide","Guardian:TimeCapacitor+1","Guardian:Planning"],"picked":"SKIP","floor":43},{"not_picked":["Guardian:HyperBeam_Guardian","Guardian:ConstructionForm","Guardian:AncientConstruct"],"picked":"SKIP","floor":44},{"not_picked":["Guardian:RefractedBeam","Guardian:Gem_Lightblue","Guardian:VentSteam+1"],"picked":"SKIP","floor":46},{"not_picked":["Guardian:BronzeOrb+1","Guardian:Preprogram+1","Guardian:Gem_Lightblue"],"picked":"SKIP","floor":49}],"player_experience":36553,"relics_obtained":[{"floor":2,"key":"Golden Egg"},{"floor":4,"key":"Regal Pillow"},{"floor":7,"key":"sneckomod:BlankCard"},{"floor":10,"key":"Garlic"},{"floor":23,"key":"Lizard Tail"},{"floor":24,"key":"hexamod:BolsterEngine"},{"floor":25,"key":"hubris:MysteriousPyramids"},{"floor":27,"key":"Du-Vu Doll"},{"floor":36,"key":"Ginger"},{"floor":36,"key":"hubris:SlimyHat"},{"floor":39,"key":"Thread and Needle"},{"floor":39,"key":"Grinning Jar"},{"floor":40,"key":"White Beast Statue"},{"floor":40,"key":"Gremlin Horn"},{"floor":41,"key":"Replay:Wax Seal"},{"floor":42,"key":"hubris:Potato"},{"floor":42,"key":"hubris:PeanutButter"},{"floor":44,"key":"PreservedInsect"},{"floor":44,"key":"Mirror"}],"event_choices":[],"is_beta":true,"boss_relics":[{"not_picked":["Replay:Bronze Core","hubris:CrackedHourglass"],"picked":"Abe\u0027s Treasure"},{"not_picked":["Philosopher\u0027s Stone","Pandora\u0027s Box"],"picked":"Black Star"}],"items_purged_floors":[13,13,45],"is_endless":false,"potions_floor_spawned":[6,8,10,15,16,20,25,26,27,32,38,40,42,43,46,49],"ascension_level":1}}