{"host":"8m9rt4ygh7n21naz","time":1608134956,"event":{"mods":["AchievementEnabler","Astrologer","Bard","BaseMod","Bestiary","Better Altar","Better Match","Better Note","Better Sensory Stone","Better Skull","Better Third Choice","BetterRewards","Colored Map","Colored Powertips","Curses Come First","Downfall","Googly Eyes","Hermit","Highlight Path","Hubris","Hunter ??","Koishi","Luminous","Marisa????????","Mimic Mod","Minty Spire (QoL Compilation)","Rare Cards Sparkle","Remilia??????","Replay The Spire","Shade Mod","Spikes Relics","StSLib","The Animator","The Bladedancer","The Construct","The Cursed","The Disciple","The Druid","The Elementalist","The Gatherer","The Hierophant","The IronCluck","The Judge","The Mystic","The Necromancer","The Poker Player","The Runesmith","The Senshi","The Servant 0.9.4","The Valiant","The Wild Card","Transform Curses","Watcher Patcher"],"gold_per_floor":[113,126,126,51,68,118,18,50,50,50,69,80,80,93,93,195,195,211,211,226,246,246,246,258,258,258],"floor_reached":25,"playtime":1713,"items_purged":["Defend_B"],"score":205,"play_id":"505c4157-43ee-47e0-9740-c7046fb182f1","local_time":"20201216180916","is_ascension_mode":false,"campfire_choices":[{"floor":10.0,"key":"REST"},{"data":"Aggregate","floor":13.0,"key":"SMITH"},{"floor":15.0,"key":"REST"}],"circlet_count":0,"master_deck":["Strike_B","Strike_B","Strike_B+1","Strike_B","Defend_B","Defend_B","Defend_B","Zap","Dualcast","Sweeping Beam","Aggregate+1","Leap","Cold Snap","ReplayTheSpireMod:System Scan","BasicCrystalCard","Panic Button","Skim","Redo","DiskWipe","Biased Cognition","Sweeping Beam","Rebound+1","Streamline+1","Protect","Protect+1","Seek","Hologram+1"],"relics":["Cracked Core","Anchor","Sandwich","Prayer Wheel","MutagenicStrength"],"acts_visited":["Exordium","TheCity"],"potions_floor_usage":[25],"damage_taken":[{"damage":0.0,"enemies":"2 Louse","floor":1.0,"turns":2.0},{"damage":8.0,"enemies":"Jaw Worm","floor":2.0,"turns":4.0},{"damage":0.0,"enemies":"Cultist","floor":5.0,"turns":3.0},{"damage":20.0,"enemies":"Replay:BlueRogue","floor":8.0,"turns":8.0},{"damage":1.0,"enemies":"Blue Slaver","floor":11.0,"turns":4.0},{"damage":4.0,"enemies":"Exordium Wildlife","floor":12.0,"turns":3.0},{"damage":13.0,"enemies":"2 Fungi Beasts","floor":14.0,"turns":3.0},{"damage":80.0,"enemies":"Fading Forest","floor":16.0,"turns":11.0},{"damage":18.0,"enemies":"Spheric Guardian","floor":18.0,"turns":4.0},{"damage":1.0,"enemies":"Shell Parasite","floor":20.0,"turns":8.0},{"damage":27.0,"enemies":"Snake Plant","floor":21.0,"turns":5.0},{"damage":11.0,"enemies":"Snecko","floor":24.0,"turns":5.0},{"damage":26,"enemies":"3 Cultists","floor":25,"turns":4}],"seed_played":"-1084452593093131612","potions_obtained":[{"floor":5.0,"key":"sneckomod:MuddlingPotion"},{"floor":11.0,"key":"Reflective Coating"},{"floor":12.0,"key":"Adrenaline Potion"},{"floor":14.0,"key":"PotionOfCapacity"},{"floor":16.0,"key":"DistilledChaos"},{"floor":24.0,"key":"Strength Potion"}],"is_trial":false,"path_per_floor":["M","M","?","$","M","?","$","E","T","R","M","M","R","M","R","B",null,"M","?","M","M","?","?","M","M"],"character_chosen":"DEFECT","items_purchased":["Leap","Cold Snap","BasicCrystalCard"],"campfire_rested":2,"item_purchase_floors":[4,4,7],"current_hp_per_floor":[82,74,74,74,74,74,74,54,54,78,77,73,73,60,82,22,82,64,64,63,36,36,36,25,0,0],"gold":258,"neow_bonus":"TEN_PERCENT_HP_BONUS","is_daily":false,"chose_seed":false,"campfire_upgraded":1,"win_rate":0.0,"timestamp":1608134956,"path_taken":["M","M","?","$","M","?","?","E","T","R","M","M","R","M","R","BOSS","M","?","M","M","?","?","M","M"],"items_purchased_type":["Card","Card","Card"],"build_version":"2020-12-13","purchased_purges":1,"victory":false,"max_hp_per_floor":[82,82,82,82,82,82,82,82,82,82,82,82,82,82,82,82,82,82,82,82,82,82,82,82,82,82],"card_choices":[{"not_picked":["Steam","Crescendo"],"picked":"Sweeping Beam","floor":1.0},{"not_picked":["Darkness","CrushJoints"],"picked":"Aggregate","floor":2.0},{"not_picked":["CrushJoints","Steam"],"picked":"ReplayTheSpireMod:System Scan","floor":5.0},{"not_picked":["ReplayTheSpireMod:GoodbyeWorld","Protect"],"picked":"Panic Button","floor":8.0},{"not_picked":["Barrage","ReplayTheSpireMod:Fabricate Wheel"],"picked":"Skim","floor":11.0},{"not_picked":["Panic Button","CrushJoints"],"picked":"Redo","floor":12.0},{"not_picked":["Barrage","Ball Lightning"],"picked":"DiskWipe","floor":14.0},{"not_picked":["Thunder Strike","Rainbow"],"picked":"Biased Cognition","floor":16.0},{"not_picked":["Gash","Panic Button+1"],"picked":"Sweeping Beam","floor":18.0},{"not_picked":["Redo","Coolheaded+1"],"picked":"Rebound+1","floor":20.0},{"not_picked":["Go for the Eyes+1","FTL+1"],"picked":"Streamline+1","floor":20.0},{"not_picked":["Amplify","Crescendo"],"picked":"Protect","floor":21.0},{"not_picked":["Evaluate","Conserve Battery"],"picked":"Protect+1","floor":21.0},{"not_picked":["Beam Cell","ReplayTheSpireMod:Repulse"],"picked":"Seek","floor":24.0},{"not_picked":["Rip and Tear","DiskWipe"],"picked":"Hologram+1","floor":24.0}],"player_experience":42389,"relics_obtained":[{"floor":8.0,"key":"Anchor"}],"event_choices":[{"cards_removed":["Aggregate"],"damage_healed":0.0,"max_hp_gain":0.0,"max_hp_loss":0.0,"gold_gain":0.0,"event_name":"betterNote:BetterNote","player_choice":"Give","floor":19.0,"gold_loss":0.0,"damage_taken":0.0,"cards_obtained":["None"]},{"damage_healed":0.0,"max_hp_gain":0.0,"max_hp_loss":0.0,"gold_gain":0.0,"event_name":"Drug Dealer","player_choice":"Inject Mutagens","floor":22.0,"gold_loss":0.0,"damage_taken":0.0,"relics_obtained":["MutagenicStrength"]},{"damage_healed":0.0,"max_hp_gain":0.0,"max_hp_loss":0.0,"gold_gain":0.0,"event_name":"Ghosts","player_choice":"Ignored","floor":23.0,"gold_loss":0.0,"damage_taken":0.0}],"is_beta":false,"boss_relics":[{"not_picked":["Astrolabe","Ring of Chaos"],"picked":"Sandwich"}],"items_purged_floors":[7],"is_endless":false,"potions_floor_spawned":[5,11,12,14,16,24],"killed_by":"3 Cultists","ascension_level":0}}