{"host":"m9i7qe3hvz6jihjh","time":1608142221,"event":{"mods":["BaseMod","Colored Powertips","Infinite Spire","Minty Spire (QoL Compilation)","Quick Restart","StSLib","The Animator","Waifu the Spire"],"gold_per_floor":[211,227,33,51,67,67,83,8,8,64,53,71,103,103,103,200,200,217,237,257,267,267,267,278,278,348,348,348],"floor_reached":27,"playtime":963,"items_purged":["Defend_P","Strike_P"],"score":244,"play_id":"b55fc41f-b516-45e8-8748-be11cf9a7449","local_time":"20201216191021","is_ascension_mode":false,"campfire_choices":[{"data":"Apotheosis","floor":6,"key":"SMITH"},{"floor":15,"key":"REST"},{"floor":23,"key":"REST"}],"circlet_count":0,"master_deck":["Strike_P","Defend_P","Defend_P","Defend_P","Eruption+1","Vigilance","Worship","Study","Apotheosis+1","Swivel","FlurryOfBlows","TalkToTheHand","Consecrate","EmptyBody","Consecrate","FlurryOfBlows","TalkToTheHand","Alpha","Consecrate","EmptyMind","Study","WaveOfTheHand","FlurryOfBlows","Prostrate"],"relics":["PureWater","HornCleat","Dream Catcher","Peace Pipe","Empty Cage","infinitespire:FocusingShard","Mummified Hand"],"acts_visited":["Exordium","TheCity"],"potions_floor_usage":[10,11,11,13,18,18,24,27],"damage_taken":[{"damage":0,"enemies":"2 Louse","floor":1,"turns":2},{"damage":4,"enemies":"Cultist","floor":2,"turns":5},{"damage":0,"enemies":"Small Slimes","floor":4,"turns":4},{"damage":0,"enemies":"Looter","floor":5,"turns":3},{"damage":14,"enemies":"Blue Slaver","floor":7,"turns":5},{"damage":0,"enemies":"Lagavulin Event","floor":10,"turns":2},{"damage":10,"enemies":"Exordium Thugs","floor":11,"turns":5},{"damage":2,"enemies":"2 Fungi Beasts","floor":12,"turns":3},{"damage":0,"enemies":"Gremlin Nob","floor":13,"turns":3},{"damage":14,"enemies":"Hexaghost","floor":16,"turns":9},{"damage":6,"enemies":"2 Thieves","floor":18,"turns":4},{"damage":13,"enemies":"Spheric Guardian","floor":19,"turns":4},{"damage":21,"enemies":"Shelled Parasite and Fungi","floor":20,"turns":5},{"damage":0,"enemies":"Centurion and Healer","floor":21,"turns":4},{"damage":24,"enemies":"Snake Plant","floor":24,"turns":6},{"damage":29,"enemies":"Slavers","floor":27,"turns":3}],"seed_played":"8530949131819412011","potions_obtained":[{"floor":5,"key":"infinitespire:BlackPotion"},{"floor":7,"key":"BlessingOfTheForge"},{"floor":10,"key":"GamblersBrew"},{"floor":12,"key":"LiquidBronze"},{"floor":13,"key":"Explosive Potion"},{"floor":16,"key":"EssenceOfSteel"},{"floor":18,"key":"Dexterity Potion"},{"floor":20,"key":"Explosive Potion"}],"is_trial":false,"path_per_floor":["M","M","$","M","M","R","M","$","T","?","M","M","E","?","R","B",null,"M","M","M","M","AVR","R","M","?","T","E"],"character_chosen":"WATCHER","items_purchased":["Apotheosis"],"campfire_rested":2,"item_purchase_floors":[3],"current_hp_per_floor":[72,68,68,68,68,68,54,54,54,54,44,42,42,42,63,49,72,66,53,32,32,32,53,29,29,29,0,0],"gold":348,"neow_bonus":"HUNDRED_GOLD","is_daily":false,"chose_seed":false,"campfire_upgraded":1,"win_rate":0.0,"timestamp":1608142221,"path_taken":["M","M","$","M","M","R","M","$","T","?","M","M","E","?","R","BOSS","M","M","M","M","AVR","R","?","?","T","E"],"items_purchased_type":["Card"],"build_version":"2020-12-13","purchased_purges":2,"victory":false,"max_hp_per_floor":[72,72,72,72,72,72,72,72,72,72,72,72,72,72,72,72,72,72,72,72,72,72,72,72,72,72,72,72],"card_choices":[{"not_picked":["MentalFortress","Wireheading"],"picked":"Worship","floor":1},{"not_picked":["BattleHymn","Wireheading"],"picked":"Study","floor":2},{"not_picked":["EmptyBody","WreathOfFlame"],"picked":"Swivel","floor":4},{"not_picked":["PathToVictory","BowlingBash"],"picked":"FlurryOfBlows","floor":5},{"not_picked":["Protect","FlurryOfBlows"],"picked":"TalkToTheHand","floor":7},{"not_picked":["Collect","Fasting2"],"picked":"Consecrate","floor":10},{"not_picked":["JustLucky","Evaluate"],"picked":"EmptyBody","floor":11},{"not_picked":["CrushJoints","Crescendo"],"picked":"Consecrate","floor":12},{"not_picked":["Protect","SandsOfTime"],"picked":"FlurryOfBlows","floor":13},{"not_picked":["Indignation","CutThroughFate"],"picked":"TalkToTheHand","floor":15},{"not_picked":["ConjureBlade","DeusExMachina"],"picked":"Alpha","floor":16},{"not_picked":["CutThroughFate","SignatureMove"],"picked":"Consecrate","floor":18},{"not_picked":["ClearTheMind","Crescendo+1"],"picked":"EmptyMind","floor":19},{"not_picked":["BowlingBash+1","Consecrate+1"],"picked":"Study","floor":20},{"not_picked":["EmptyBody","CarveReality+1"],"picked":"WaveOfTheHand","floor":21},{"not_picked":["Pray","FlyingSleeves"],"picked":"FlurryOfBlows","floor":23},{"not_picked":["InnerPeace","CutThroughFate"],"picked":"Prostrate","floor":24}],"player_experience":863261,"relics_obtained":[{"floor":9,"key":"HornCleat"},{"floor":10,"key":"Dream Catcher"},{"floor":13,"key":"Peace Pipe"},{"floor":26,"key":"Mummified Hand"}],"event_choices":[{"damage_healed":0,"gold_gain":0,"player_choice":"Searched \u00271\u0027 times","damage_taken":0,"max_hp_gain":0,"max_hp_loss":0,"event_name":"Dead Adventurer","floor":10,"gold_loss":0},{"damage_healed":0,"gold_gain":0,"player_choice":"Forge","damage_taken":0,"max_hp_gain":0,"max_hp_loss":0,"event_name":"Accursed Blacksmith","floor":14,"gold_loss":0,"cards_upgraded":["Eruption"]},{"damage_healed":0,"gold_gain":0,"player_choice":"Ignored","damage_taken":0,"max_hp_gain":0,"max_hp_loss":0,"event_name":"Vampires","floor":25,"gold_loss":0}],"is_beta":false,"boss_relics":[{"not_picked":["SlaversCollar","Runic Dome"],"picked":"Empty Cage"}],"items_purged_floors":[8,22],"is_endless":false,"potions_floor_spawned":[5,7,10,12,13,16,18,20],"killed_by":"Slavers","ascension_level":0}}