{"host":"9anmc1688xy4jiyg","time":1608131306,"event":{"mods":["AchievementEnabler","BaseMod","Highlight Path","Minty Spire (QoL Compilation)","Relic Stats","StSLib","ojb\u0027s Info Mod"],"gold_per_floor":[116,134,134,145,295,322,322,335,412,412,131,131,91,104,104,182,182,153,22,22,34,51,79,79,107,130,155,75,75,75],"floor_reached":29,"playtime":1615,"items_purged":["Doubt"],"score":562,"play_id":"325fa131-ffaf-4486-96e5-97b701308b8c","local_time":"20201216160826","is_ascension_mode":true,"campfire_choices":[{"data":"Bash","floor":7,"key":"SMITH"},{"data":"Dark Embrace","floor":10,"key":"SMITH"},{"floor":12,"key":"REST"},{"data":"Fire Breathing","floor":15,"key":"SMITH"},{"floor":24,"key":"REST"}],"circlet_count":0,"master_deck":["AscendersBane","Strike_R","Strike_R","Strike_R","Strike_R","Strike_R","Defend_R","Defend_R+1","Defend_R","Defend_R","Bash+1","Shrug It Off","Shrug It Off","Feel No Pain","Battle Trance","Dark Embrace+1","Fire Breathing+1","Warcry","Reckless Charge","Intimidate+1","Impervious","Wild Strike","Fire Breathing","Pommel Strike+1","Warcry","Juggernaut","Shockwave","Reckless Charge+1","Reckless Charge"],"relics":["Burning Blood","Ice Cream","StoneCalendar","InkBottle","Cursed Key","Omamori","Tiny Chest","Bottled Lightning","War Paint","Champion Belt"],"acts_visited":["Exordium","TheCity"],"potions_floor_usage":[16,16,27],"damage_taken":[{"damage":12,"enemies":"Cultist","floor":1,"turns":4},{"damage":7,"enemies":"Jaw Worm","floor":2,"turns":3},{"damage":6,"enemies":"Small Slimes","floor":4,"turns":4},{"damage":35,"enemies":"3 Sentries","floor":6,"turns":18},{"damage":13,"enemies":"Exordium Wildlife","floor":8,"turns":6},{"damage":4,"enemies":"Looter","floor":13,"turns":4},{"damage":13,"enemies":"Blue Slaver","floor":14,"turns":5},{"damage":6,"enemies":"Slime Boss","floor":16,"turns":4},{"damage":0,"enemies":"2 Thieves","floor":18,"turns":4},{"damage":7,"enemies":"Chosen","floor":21,"turns":4},{"damage":18,"enemies":"Centurion and Healer","floor":22,"turns":7},{"damage":19,"enemies":"Gremlin Leader","floor":23,"turns":5},{"damage":54,"enemies":"Book of Stabbing","floor":25,"turns":6},{"damage":7,"enemies":"Gremlin Leader","floor":27,"turns":5},{"damage":18,"enemies":"Snecko","floor":29,"turns":4}],"seed_played":"-790508952005046880","potions_obtained":[{"floor":1,"key":"SmokeBomb"},{"floor":8,"key":"PowerPotion"},{"floor":22,"key":"Strength Potion"},{"floor":25,"key":"LiquidBronze"}],"is_trial":false,"path_per_floor":["M","M","?","M","?","E","R","M","T","R","$","R","M","M","R","B",null,"M","$","?","M","M","E","R","E","T","E","$","M"],"character_chosen":"IRONCLAD","items_purchased":["Fire Breathing","Warcry","CultistPotion","Fire Breathing","AttackPotion","Reckless Charge"],"campfire_rested":2,"item_purchase_floors":[11,11,11,19,19,28],"current_hp_per_floor":[62,61,61,61,61,32,32,25,25,25,25,46,48,41,41,41,64,70,70,70,69,57,44,65,17,17,16,16,0,0],"gold":75,"neow_bonus":"ONE_RARE_RELIC","is_daily":false,"chose_seed":false,"campfire_upgraded":3,"win_rate":0.0,"timestamp":1608131306,"path_taken":["M","M","?","M","?","E","R","M","T","R","?","R","M","M","R","BOSS","M","$","?","M","M","E","R","E","T","E","$","M"],"items_purchased_type":["Card","Card","Potion","Card","Potion","Card"],"build_version":"2020-12-13","purchased_purges":1,"victory":false,"max_hp_per_floor":[75,75,72,72,72,72,72,72,72,72,72,72,72,72,72,72,72,72,72,72,72,72,72,72,72,72,72,72,72,72],"relic_stats":{"counters":[15,83],"StoneCalendar":[7],"Tiny Chest":0,"Champion Belt":[2],"War Paint":["Intimidate","Defend_R"],"Cursed Key":1,"obtain_stats":[{"Ice Cream":0,"StoneCalendar":6,"Tiny Chest":23,"Omamori":20,"Bottled Lightning":25,"Champion Belt":27,"War Paint":26,"Cursed Key":17,"Burning Blood":0,"InkBottle":9},{"Ice Cream":0,"StoneCalendar":4,"Tiny Chest":12,"Omamori":9,"Bottled Lightning":13,"Champion Belt":14,"War Paint":13,"Cursed Key":8,"Burning Blood":0,"InkBottle":5},{"Ice Cream":0,"StoneCalendar":29,"Tiny Chest":68,"Omamori":52,"Bottled Lightning":74,"Champion Belt":79,"War Paint":74,"Cursed Key":48,"Burning Blood":0,"InkBottle":35}],"Burning Blood":84,"InkBottle":[17]},"card_choices":[{"not_picked":["True Grit","Body Slam"],"picked":"Shrug It Off","floor":1},{"not_picked":["Sword Boomerang","Body Slam"],"picked":"Shrug It Off","floor":2},{"not_picked":["Twin Strike","Rupture"],"picked":"Feel No Pain","floor":4},{"not_picked":["Bludgeon","Iron Wave"],"picked":"Battle Trance","floor":6},{"not_picked":["Thunderclap","Pommel Strike"],"picked":"Dark Embrace","floor":8},{"not_picked":["Carnage","Armaments"],"picked":"Reckless Charge","floor":13},{"not_picked":["Bloodletting","Dual Wield"],"picked":"Intimidate","floor":14},{"not_picked":["Brutality","Berserk"],"picked":"Impervious","floor":16},{"not_picked":["Sever Soul","Infernal Blade"],"picked":"Wild Strike","floor":18},{"not_picked":["Shrug It Off","Clash"],"picked":"Pommel Strike+1","floor":21},{"not_picked":["Cleave+1","Searing Blow"],"picked":"Warcry","floor":22},{"not_picked":["Iron Wave","Anger"],"picked":"Juggernaut","floor":23},{"not_picked":["Spot Weakness","Shrug It Off"],"picked":"Shockwave","floor":25},{"not_picked":["Rampage","Combust"],"picked":"Reckless Charge+1","floor":27}],"player_experience":444351,"relics_obtained":[{"floor":6,"key":"StoneCalendar"},{"floor":9,"key":"InkBottle"},{"floor":23,"key":"Tiny Chest"},{"floor":25,"key":"Bottled Lightning"},{"floor":26,"key":"War Paint"},{"floor":27,"key":"Champion Belt"}],"event_choices":[{"cards_removed":["Parasite"],"damage_healed":0,"gold_gain":0,"player_choice":"Forget","damage_taken":0,"max_hp_gain":0,"max_hp_loss":0,"event_name":"Living Wall","floor":3,"gold_loss":0},{"damage_healed":0,"gold_gain":150,"player_choice":"AGREE","damage_taken":0,"max_hp_gain":0,"max_hp_loss":0,"event_name":"Liars Game","floor":5,"gold_loss":0,"cards_obtained":["Doubt"]},{"damage_healed":0,"gold_gain":0,"player_choice":"Gave Potion","damage_taken":0,"relics_obtained":["Omamori"],"max_hp_gain":0,"max_hp_loss":0,"event_name":"WeMeetAgain","floor":20,"gold_loss":0}],"is_beta":false,"boss_relics":[{"not_picked":["Busted Crown","Snecko Eye"],"picked":"Cursed Key"}],"items_purged_floors":[11],"is_endless":false,"potions_floor_spawned":[1,8,14,22,25],"killed_by":"Snecko","ascension_level":20}}