{"host":"l8lkgdumzpe3823a","time":1608157399,"event":{"mods":["Aspiration","BaseMod","Better Note","Colored Powertips","Curses Come First","Custom Start","DeckTracker","Defuse TimeMaze Blight","Highlight Path","Hubris","Infinite Spire","Minty Spire (QoL Compilation)","Quick Restart","Replay The Spire","Shop Mod","StSLib","SuperFastMode","The Construct","The Dragon Tamer","vexMod"],"gold_per_floor":[114,132,148,73,89,89,116,116,140,158,333,80,80,95,95,197,197,209,209,223,223,31,31,51,63,132,132,158,177,31,60,60,60,60],"floor_reached":33,"playtime":920,"items_purged":["Strike_R","Doubt","Strike_R"],"score":421,"play_id":"d8ee82dd-0fdf-40a4-8fd8-eb6d895a3c82","local_time":"20201216162319","is_ascension_mode":true,"campfire_choices":[{"data":"Heavy Blade","floor":6.0,"key":"SMITH"},{"floor":13.0,"key":"REST"},{"data":"Flex","floor":15.0,"key":"SMITH"},{"data":"ReplayTheSpireMod:Muscle Training","floor":23.0,"key":"SMITH"},{"floor":27.0,"key":"REST"},{"data":"Feel No Pain","floor":32,"key":"SMITH"},{"data":"Double Tap","floor":32,"key":"SMITH"}],"circlet_count":0,"master_deck":["Strike_R","Strike_R","Strike_R","Defend_R","Defend_R","Defend_R","Defend_R","Bash","Heavy Blade+1","Flex+1","Offering","Spot Weakness","ReplayTheSpireMod:Muscle Training+1","Double Tap+1","Flex","Feel No Pain+1","Whirlwind"],"relics":["Burning Blood","infinitespire:WardingShard","Toy Ornithopter","ReplayFunnel","ClockworkSouvenir","vexMod:MysteryBossChallenge","SlaversCollar","Tiny Chest","hubris:TinFlute","Replay:Arrowhead","Replay:Baseball","Vajra"],"acts_visited":["Exordium","TheCity"],"potions_floor_usage":[31],"damage_taken":[{"damage":1.0,"enemies":"Cultist","floor":1.0,"turns":3.0},{"damage":0.0,"enemies":"2 Louse","floor":2.0,"turns":2.0},{"damage":7.0,"enemies":"Jaw Worm","floor":3.0,"turns":3.0},{"damage":9.0,"enemies":"Red Slaver","floor":5.0,"turns":2.0},{"damage":41.0,"enemies":"3 Sentries","floor":7.0,"turns":11.0},{"damage":6.0,"enemies":"Looter","floor":10.0,"turns":2.0},{"damage":13.0,"enemies":"Blue Slaver","floor":14.0,"turns":2.0},{"damage":29.0,"enemies":"The Guardian","floor":16.0,"turns":7.0},{"damage":34.0,"enemies":"3 Byrds","floor":18.0,"turns":5.0},{"damage":7.0,"enemies":"Spheric Guardian","floor":20.0,"turns":3.0},{"damage":13.0,"enemies":"Cultist and Chosen","floor":24.0,"turns":6.0},{"damage":15.0,"enemies":"Shelled Parasite and Fungi","floor":25.0,"turns":4.0},{"damage":35.0,"enemies":"Gremlin Leader","floor":28.0,"turns":5.0},{"damage":10.0,"enemies":"Snecko","floor":29.0,"turns":3.0},{"damage":34,"enemies":"Book of Stabbing","floor":31,"turns":4},{"damage":55,"enemies":"Champ","floor":33,"turns":6}],"seed_played":"-6903105488715681831","potions_obtained":[{"floor":1.0,"key":"DuplicationPotion"},{"floor":2.0,"key":"SteroidPotion"},{"floor":3.0,"key":"FairyPotion"},{"floor":10.0,"key":"Strength Potion"},{"floor":19.0,"key":"infinitespire:BlackPotion"},{"floor":19.0,"key":"LifebloodPotion"},{"floor":24.0,"key":"AttackPotion"},{"floor":29.0,"key":"SkillPotion"},{"floor":31,"key":"Elixir"}],"is_trial":false,"path_per_floor":["M","M","M","$","M","R","E","?","T","M","?","$","R","M","R","B",null,"M","?","M","?","$","R","M","M","T","R","E","M","$","E","R","B"],"character_chosen":"IRONCLAD","items_purchased":["ClockworkSouvenir","Feel No Pain","Replay:Baseball"],"campfire_rested":2,"item_purchase_floors":[12,22,30],"current_hp_per_floor":[77,80,79,79,76,76,41,23,23,23,23,23,47,40,40,17,64,36,36,35,35,35,35,33,29,29,53,24,25,25,50,50,0,0],"gold":60,"neow_bonus":"RANDOM_EVENT","is_daily":false,"chose_seed":false,"campfire_upgraded":5,"win_rate":0.0,"timestamp":1608157399,"path_taken":["M","M","M","$","M","R","E","?","T","M","?","$","R","M","R","BOSS","M","?","?","?","?","R","?","M","T","R","E","M","$","E","R","BOSS"],"items_purchased_type":["Relic","Card","Relic"],"build_version":"2020-12-13","purchased_purges":3,"victory":false,"max_hp_per_floor":[80,80,80,80,80,80,80,80,80,80,80,80,80,80,80,80,80,80,80,80,80,80,80,80,80,80,80,80,80,80,80,80,80,80],"card_choices":[{"not_picked":["hubris:ReadiedAction","Bloodletting","Body Slam"],"picked":"SKIP","floor":1.0},{"not_picked":["Twin Strike","Heavy Blade"],"picked":"Flex","floor":2.0},{"not_picked":["Clothesline","hubris:SharpeningStone"],"picked":"Offering","floor":3.0},{"not_picked":["Clash","Perfected Strike","infinitespire:OneForAll"],"picked":"SKIP","floor":5.0},{"not_picked":["Wild Strike","Impervious","Havoc"],"picked":"SKIP","floor":7.0},{"not_picked":["Life Link","Shrug It Off"],"picked":"Spot Weakness","floor":10.0},{"not_picked":["Pommel Strike","Metallicize"],"picked":"ReplayTheSpireMod:Muscle Training","floor":14.0},{"not_picked":["Juggernaut","Hemogenesis"],"picked":"Double Tap","floor":16.0},{"not_picked":["Iron Wave","Thunderclap+1"],"picked":"Flex","floor":18.0},{"not_picked":["ReplayTheSpireMod:Strike From Hell+1","Flame Barrier","Pommel Strike+1"],"picked":"SKIP","floor":20.0},{"not_picked":["Body Slam","Armaments","Wild Strike"],"picked":"SKIP","floor":24.0},{"not_picked":["Anger","Second Wind+1","Clothesline+1"],"picked":"SKIP","floor":25.0},{"not_picked":["Perfected Strike","Brutality","Clash+1"],"picked":"SKIP","floor":28.0},{"not_picked":["Heavy Blade","Replay:Undeath\u0027s Touch","Twin Strike"],"picked":"SKIP","floor":29.0},{"not_picked":["ReplayTheSpireMod:Strike From Hell","Juggernaut"],"picked":"Whirlwind","floor":31}],"player_experience":562468,"relics_obtained":[{"floor":7.0,"key":"infinitespire:WardingShard"},{"floor":9.0,"key":"ReplayFunnel"},{"floor":26.0,"key":"hubris:TinFlute"},{"floor":28.0,"key":"Replay:Arrowhead"},{"floor":31,"key":"Vajra"}],"event_choices":[{"damage_healed":0.0,"max_hp_gain":0.0,"max_hp_loss":0.0,"gold_gain":0.0,"event_name":"Scrap Ooze","player_choice":"Success","floor":8.0,"gold_loss":0.0,"damage_taken":18.0,"relics_obtained":["Toy Ornithopter"]},{"damage_healed":0.0,"max_hp_gain":0.0,"max_hp_loss":0.0,"gold_gain":175.0,"event_name":"Liars Game","player_choice":"AGREE","floor":11.0,"gold_loss":0.0,"damage_taken":0.0,"cards_obtained":["Doubt"]},{"damage_healed":0.0,"max_hp_gain":0.0,"max_hp_loss":0.0,"gold_gain":0.0,"event_name":"Lab","player_choice":"Got Potions","floor":19.0,"gold_loss":0.0,"damage_taken":0.0}],"is_beta":false,"boss_relics":[{"not_picked":["Fusion Hammer","vexMod:MegatonBomb"],"picked":"vexMod:MysteryBossChallenge"}],"items_purged_floors":[4,12,22],"is_endless":false,"potions_floor_spawned":[1,2,3,10,24,29,31],"killed_by":"Champ","ascension_level":7}}