{"host":"jgyoyy5iuhtvyvtg","time":1608099944,"event":{"mods":["2.2 Compatiblity","BaseMod","Challenge The Spire","Colored Map","Conspire","Downfall","Hermit","Highlight Path","Infinite Spire","Lobotomy","LobotomyExtend","Minty Spire (QoL Compilation)","Quick Restart","Replay The Spire","Spikes Relics","StSLib","The Construct","The Disciple","The Jungle","Yuri Mod"],"gold_per_floor":[99,99,129,129,129,139,139,68,68,86,86,101,114,214,233,333,333,333,91,191,191,191,201,225,250,235,235,246,246,266,276,287,388,388,388,408,408,420,512,512,535,385,416,341,360,370,380,46,60,60,60,60,89,20,20,20],"floor_reached":57,"playtime":3068,"items_purged":["champ:Strike"],"score":1277,"play_id":"a7dc9caf-2dfa-4ef8-811d-5aebdcd9dd76","local_time":"20201215222544","is_ascension_mode":false,"campfire_choices":[{"data":"champ:Execute","floor":1,"key":"SMITH"},{"data":"champ:Lariat","floor":4,"key":"SMITH"},{"data":"champ:Lariat","floor":9,"key":"SMITH"},{"data":"champ:BerserkerStyle","floor":18,"key":"SMITH"},{"data":"champ:FaceSlap","floor":22,"key":"SMITH"},{"data":"champ:FocusedBerserking","floor":27,"key":"SMITH"},{"data":"champ:CheapShot","floor":35,"key":"SMITH"},{"floor":40,"key":"RECALL"},{"data":"champ:Duel","floor":42,"key":"SMITH"},{"floor":44,"key":"REST"},{"floor":55,"key":"REST"}],"circlet_count":0,"master_deck":["champ:Strike","champ:Strike","champ:Strike","champ:Defend","champ:Defend","champ:Defend","champ:Defend","champ:Execute+1","champ:Taunt+1","champ:Lariat+1","champ:BerserkersShout+1","champ:Lariat+1","champ:BerserkerStyle+1","champ:FocusedBerserking+1","champ:FaceSlap+1","champ:LastStand","champ:ShieldWall+1","champ:Duel+1","champ:EnragedBash+1","champ:BringItOn+1","champ:AdrenalArmor+1","champ:CheapShot+1","champ:Encircle+1","champ:AdrenalArmor+1","champ:FalseCounter+1","Parasite","champ:EndlessRage","champ:IronFortress","ReplayTheSpireMod:IOU","ReplayTheSpireMod:IOU","ReplayTheSpireMod:IOU","champ:BerserkerStyle"],"relics":["champ:ChampionCrown","downfall:ShatteredFragment","yuri:PortableGlitches","LetterFromLob","MawBank","Lizard Tail","construct:ClawGrip","ClockworkSouvenir","Ancient Tea Set","StrikeDummy","expansioncontent:StudyCardRelic","Pantograph","Mummified Hand","downfall:HeartBlessingRed","downfall:HeartBlessingBlue","RetroEgg","downfall:HeartBlessingGreen","Replay:WaspNest","Replay:Wax Seal","infinitespire:CursedDice"],"acts_visited":["Exordium","TheCity","TheBeyond","TheEnding"],"potions_floor_usage":[30,36,43,47,56,56],"damage_taken":[{"damage":22,"enemies":"Replay:BlueRogue","floor":3,"turns":10},{"damage":6,"enemies":"Jaw Worm","floor":6,"turns":2},{"damage":9,"enemies":"downfall:FleeingMerchant","floor":8,"turns":4},{"damage":0,"enemies":"2 Louse","floor":10,"turns":2},{"damage":26,"enemies":"conspire:RoseBush","floor":12,"turns":4},{"damage":8,"enemies":"Red Slaver","floor":13,"turns":2},{"damage":30,"enemies":"3 Louse","floor":15,"turns":4},{"damage":65,"enemies":"downfall:Watcher","floor":16,"turns":8},{"damage":20,"enemies":"downfall:FleeingMerchant","floor":19,"turns":4},{"damage":31,"enemies":"Chosen","floor":23,"turns":4},{"damage":61,"enemies":"Book of Stabbing","floor":25,"turns":6},{"damage":25,"enemies":"downfall:FleeingMerchant","floor":26,"turns":4},{"damage":25,"enemies":"Shell Parasite","floor":28,"turns":3},{"damage":59,"enemies":"Sentry and Sphere","floor":30,"turns":6},{"damage":24,"enemies":"Snake Plant","floor":31,"turns":3},{"damage":19,"enemies":"Snecko","floor":32,"turns":3},{"damage":73,"enemies":"downfall:Ironclad","floor":33,"turns":7},{"damage":38,"enemies":"3 Darklings","floor":36,"turns":6},{"damage":19,"enemies":"Orb Walker","floor":38,"turns":2},{"damage":24,"enemies":"downfall:FleeingMerchant","floor":39,"turns":2},{"damage":87,"enemies":"Reptomancer","floor":43,"turns":7},{"damage":42,"enemies":"Writhing Mass","floor":45,"turns":3},{"damage":35,"enemies":"Spire Growth","floor":46,"turns":3},{"damage":37,"enemies":"Sphere and 2 Shapes","floor":47,"turns":4},{"damage":41,"enemies":"Transient","floor":49,"turns":5},{"damage":61,"enemies":"downfall:Silent","floor":50,"turns":5},{"damage":144,"enemies":"downfall:CharBossMerchant","floor":53,"turns":8},{"damage":230,"enemies":"downfall:NeowBoss","floor":56,"turns":21}],"seed_played":"2247281711317890239","potions_obtained":[{"floor":6,"key":"Explosive Potion"},{"floor":12,"key":"Block Potion"},{"floor":15,"key":"Guardian:BlockOnCardUsePotion"},{"floor":31,"key":"Fire Potion"},{"floor":43,"key":"LifebloodPotion"},{"floor":46,"key":"Swift Potion"},{"floor":47,"key":"Dexterity Potion"}],"is_trial":false,"path_per_floor":["R","?","E","R","?","M","T","$","R","M","?","M","M","?","M","B",null,"R","$","?","?","R","M","T","E","$","R","M","?","M","M","M","B",null,"R","M","T","M","$","R","T","R","E","R","M","M","M","$","M","B",null,null,"E","$","R","B",null],"character_chosen":"THE_CHAMP","items_purchased":["champ:BerserkerStyle","ClockworkSouvenir","Mummified Hand","champ:EndlessRage","Replay:WaspNest","infinitespire:CursedDice","champ:BerserkerStyle"],"campfire_rested":2,"item_purchase_floors":[8,19,39,48,48,54,54],"current_hp_per_floor":[90,63,44,44,44,44,44,44,44,44,44,44,44,44,54,59,95,95,95,95,95,95,92,92,77,78,78,78,78,67,59,69,49,95,95,95,95,95,95,95,95,105,61,92,74,59,59,59,58,79,79,105,49,49,80,105],"gold":20,"neow_bonus":"UPGRADE_CARD","is_daily":false,"chose_seed":false,"campfire_upgraded":8,"win_rate":0.0,"timestamp":1608099944,"path_taken":["R","?","E","R","?","M","T","$","R","M","?","M","?","?","M","BOSS","R","$","?","?","R","M","T","E","$","R","M","?","M","M","M","BOSS","R","M","?","M","$","R","T","R","E","R","M","M","?","$","M","BOSS","E","$","R","BOSS"],"items_purchased_type":["Card","Relic","Relic","Card","Relic","Relic","Card"],"build_version":"2020-12-13","purchased_purges":1,"victory":true,"max_hp_per_floor":[90,90,90,90,90,90,90,90,90,90,90,90,90,90,90,95,95,95,95,95,95,95,95,95,95,95,95,95,95,95,95,95,95,95,95,95,95,95,95,95,95,105,105,105,105,105,105,105,105,105,105,105,105,105,105,105],"card_choices":[{"not_picked":["champ:BladeFlurry","champ:Haymaker"],"picked":"champ:Lariat","floor":3},{"not_picked":["champ:Haymaker","champ:Circumvent"],"picked":"champ:BerserkersShout","floor":6},{"not_picked":["champ:Balance","champ:CrookedStrike"],"picked":"champ:Lariat","floor":8},{"not_picked":["champ:StanceDance","champ:Backstep","champ:GladiatorsShout"],"picked":"SKIP","floor":10},{"not_picked":["champ:BerserkersShout","champ:HeartStrike"],"picked":"champ:FightOn","floor":12},{"not_picked":["champ:BladeFlurry","champ:Backstep"],"picked":"champ:FocusedBerserking","floor":13},{"not_picked":["champ:ShieldSlam","champ:RisingSlash"],"picked":"champ:FaceSlap","floor":15},{"not_picked":["champ:Devastate","champ:CheapShot"],"picked":"champ:LastStand","floor":16},{"not_picked":["champ:BladeFlurry+1","champ:CrookedStrike"],"picked":"champ:ShieldWall+1","floor":19},{"not_picked":["champ:RecklessLeap","champ:Haymaker+1","champ:Backstep"],"picked":"SKIP","floor":23},{"not_picked":["champ:ShieldSlam","champ:RisingSlash+1"],"picked":"champ:Duel","floor":25},{"not_picked":["champ:BerserkerStyle","champ:BerserkersShout"],"picked":"champ:EnragedBash+1","floor":26},{"not_picked":["champ:DefensiveShout","champ:GladiatorsShout"],"picked":"champ:BringItOn+1","floor":28},{"not_picked":["champ:ViciousMockery","champ:Backstep+1","champ:BladeFlurry"],"picked":"SKIP","floor":30},{"not_picked":["champ:GutPunch+1","champ:BladeFlurry","champ:ShieldWall"],"picked":"SKIP","floor":31},{"not_picked":["champ:Shatter","champ:BerserkerStyle"],"picked":"champ:AdrenalArmor+1","floor":32},{"not_picked":["champ:DancingMaster","champ:CrownThrow"],"picked":"champ:CheapShot","floor":33},{"not_picked":["champ:PerfectedStrike+1","champ:CrookedStrike+1"],"picked":"champ:Encircle+1","floor":36},{"not_picked":["champ:BerserkersShout","champ:GladiatorsShout"],"picked":"champ:AdrenalArmor+1","floor":38},{"not_picked":["champ:GladiatorsShout","champ:EnGarde+1","champ:BringItOn"],"picked":"SKIP","floor":39},{"not_picked":["champ:AdrenalArmor","champ:GladiatorStyle"],"picked":"champ:FalseCounter+1","floor":43},{"not_picked":["champ:RecklessLeap","champ:ShieldSlam","champ:Backstep+1"],"picked":"SKIP","floor":45},{"not_picked":["champ:EnGarde+1","champ:Circumvent","champ:Shatter"],"picked":"SKIP","floor":46},{"not_picked":["champ:Backstep+1","champ:FocusedDefense","champ:FaceSlap+1"],"picked":"SKIP","floor":47},{"not_picked":["champ:ArenaPreparation+1","champ:FlashCut+1"],"picked":"champ:IronFortress","floor":49},{"not_picked":["champ:Circumvent","champ:Control+1","champ:StanceDance+1"],"picked":"SKIP","floor":53}],"player_experience":3118206,"relics_obtained":[{"floor":3,"key":"yuri:PortableGlitches"},{"floor":3,"key":"LetterFromLob"},{"floor":7,"key":"MawBank"},{"floor":11,"key":"Lizard Tail"},{"floor":24,"key":"Ancient Tea Set"},{"floor":25,"key":"StrikeDummy"},{"floor":37,"key":"Pantograph"},{"floor":43,"key":"RetroEgg"},{"floor":53,"key":"Replay:Wax Seal"}],"event_choices":[{"damage_healed":0,"gold_gain":0,"player_choice":"Relic","damage_taken":0,"max_hp_gain":0,"max_hp_loss":0,"event_name":"Wheel of Change","floor":11,"gold_loss":0},{"cards_removed":["Pride"],"damage_healed":0,"gold_gain":0,"player_choice":"Elegance","damage_taken":0,"max_hp_gain":0,"max_hp_loss":0,"event_name":"Back to Basics","floor":21,"gold_loss":0},{"damage_healed":0,"gold_gain":0,"player_choice":"Upgraded","damage_taken":0,"max_hp_gain":0,"max_hp_loss":0,"event_name":"Upgrade Shrine","floor":29,"gold_loss":0,"cards_upgraded":["champ:BerserkersShout"]}],"is_beta":false,"boss_relics":[{"not_picked":["Fusion Hammer","Replay:Fungal Core"],"picked":"construct:ClawGrip"},{"not_picked":["Pandora\u0027s Box","Kintsugi"],"picked":"expansioncontent:StudyCardRelic"}],"items_purged_floors":[19],"is_endless":false,"potions_floor_spawned":[6,12,15,16,31,32,33,43,46,47,49,53],"ascension_level":0}}