{"host":"j61pjxqytd94o6ng","time":1608103441,"event":{"mods":["BaseMod","Bestiary","Colored Map","Colored Powertips","Curses Come First","Filter the Spire","Minty Spire (QoL Compilation)","StSLib"],"gold_per_floor":[114,1,19,19,37,72,72,90,162,172,188,214,229,47,47,123,123,139,152,152,152],"floor_reached":20,"playtime":5269,"items_purged":["Writhe","Strike_G"],"score":320,"play_id":"4b79fe82-57bb-4156-b795-98b69b9bb6d4","local_time":"20201216002401","is_ascension_mode":true,"campfire_choices":[{"floor":7,"key":"REST"},{"floor":15,"key":"REST"}],"circlet_count":0,"master_deck":["AscendersBane","Strike_G","Strike_G","Strike_G","Strike_G","Defend_G","Defend_G","Defend_G","Defend_G","Defend_G","Survivor","Neutralize","Unload","Infinite Blades","Choke","Eviscerate","Burst","Noxious Fumes","Bane","Escape Plan","Footwork","Night Terror","CurseOfTheBell","Backflip+1"],"relics":["Ring of the Snake","Bird Faced Urn","PreservedInsect","Singing Bowl","Boot","Calling Bell","Oddly Smooth Stone","Peace Pipe","Frozen Egg 2"],"acts_visited":["Exordium","TheCity"],"potions_floor_usage":[6,12,18],"damage_taken":[{"damage":2.0,"enemies":"2 Louse","floor":1.0,"turns":3.0},{"damage":4.0,"enemies":"Small Slimes","floor":3.0,"turns":3.0},{"damage":0.0,"enemies":"Cultist","floor":5.0,"turns":2.0},{"damage":32,"enemies":"Gremlin Nob","floor":6,"turns":4},{"damage":0,"enemies":"Large Slime","floor":8,"turns":4},{"damage":4,"enemies":"Blue Slaver","floor":10,"turns":3},{"damage":7,"enemies":"3 Louse","floor":11,"turns":4},{"damage":12,"enemies":"3 Sentries","floor":12,"turns":6},{"damage":13,"enemies":"Exordium Wildlife","floor":13,"turns":4},{"damage":25,"enemies":"Slime Boss","floor":16,"turns":13},{"damage":28,"enemies":"Chosen","floor":18,"turns":6},{"damage":32,"enemies":"Spheric Guardian","floor":19,"turns":10},{"damage":23,"enemies":"Cultist and Chosen","floor":20,"turns":4}],"seed_played":"9221053627883331051","potions_obtained":[{"floor":1.0,"key":"Strength Potion"},{"floor":8,"key":"Ancient Potion"},{"floor":10,"key":"Weak Potion"},{"floor":11,"key":"AttackPotion"},{"floor":12,"key":"SpeedPotion"}],"is_trial":false,"path_per_floor":["M","$","M","?","M","E","R","M","T","M","M","E","M","$","R","B",null,"M","M","M"],"character_chosen":"THE_SILENT","items_purchased":["Choke","Footwork"],"campfire_rested":2,"item_purchase_floors":[2,14],"current_hp_per_floor":[57,57,53,41,41,11,30,32,32,32,29,21,12,12,33,14,56,34,14,0,0],"gold":152,"neow_bonus":"THREE_RARE_CARDS","is_daily":false,"chose_seed":false,"campfire_upgraded":0,"win_rate":0.0,"timestamp":1608103441,"path_taken":["M","$","M","?","M","E","R","M","T","M","M","E","M","$","R","BOSS","M","M","M"],"items_purchased_type":["Card","Card"],"build_version":"2020-12-13","purchased_purges":2,"victory":false,"max_hp_per_floor":[66,66,66,66,66,66,66,66,66,66,68,68,70,70,70,70,70,72,72,72,72],"card_choices":[{"not_picked":["Malaise","Storm of Steel"],"picked":"Unload","floor":0.0},{"not_picked":["Setup","Deflect"],"picked":"Infinite Blades","floor":1.0},{"not_picked":["Setup","Calculated Gamble"],"picked":"Eviscerate","floor":3.0},{"not_picked":["Underhanded Strike","Sucker Punch","Dagger Spray"],"picked":"SKIP","floor":5.0},{"not_picked":["Acrobatics","Backflip"],"picked":"Burst","floor":6},{"not_picked":["Finisher","Acrobatics"],"picked":"Noxious Fumes","floor":8},{"not_picked":["Poisoned Stab","Quick Slash"],"picked":"Bane","floor":10},{"not_picked":["Acrobatics","Sucker Punch","Dodge and Roll"],"picked":"Singing Bowl","floor":11},{"not_picked":["Underhanded Strike","Concentrate"],"picked":"Escape Plan","floor":12},{"not_picked":["Flechettes","Backflip","Dodge and Roll"],"picked":"Singing Bowl","floor":13},{"not_picked":["Phantasmal Killer","Die Die Die"],"picked":"Night Terror","floor":16},{"not_picked":["Blade Dance","Dodge and Roll","Backflip"],"picked":"Singing Bowl","floor":18},{"not_picked":["Quick Slash","Bane"],"picked":"Backflip+1","floor":19}],"player_experience":454286,"relics_obtained":[{"floor":6,"key":"PreservedInsect"},{"floor":9,"key":"Singing Bowl"},{"floor":12,"key":"Boot"},{"floor":17,"key":"Oddly Smooth Stone"},{"floor":17,"key":"Peace Pipe"},{"floor":17,"key":"Frozen Egg 2"}],"event_choices":[{"damage_healed":0.0,"max_hp_gain":0.0,"max_hp_loss":0.0,"gold_gain":0.0,"event_name":"Scrap Ooze","player_choice":"Success","floor":4.0,"gold_loss":0.0,"damage_taken":12.0,"relics_obtained":["Bird Faced Urn"]}],"is_beta":false,"boss_relics":[{"not_picked":["Velvet Choker","SacredBark"],"picked":"Calling Bell"}],"items_purged_floors":[2,14],"is_endless":false,"potions_floor_spawned":[1,8,10,11,12],"killed_by":"Cultist and Chosen","ascension_level":14}}