{"host":"og6lam4kt3nibbw0","time":1608085279,"event":{"mods":["AchievementEnabler","BaseMod","Colored Map","DeckTracker","Highlight Path","Keyboard Shortcuts","Minty Spire (QoL Compilation)","Permanent Neow","Quick Restart","StSLib","SuperFastMode"],"gold_per_floor":[136,61,211,251,251,251,251,281,281,281,314,314,314,156,156,251,251,288,307,325,7,57,57,57,72,149,149,169,169],"floor_reached":28,"playtime":648,"items_purged":["Strike_B","Doubt","Defend_B"],"score":428,"play_id":"7b1b522a-5a9b-4593-95de-4de9c02d8186","local_time":"20201216112119","is_ascension_mode":true,"campfire_choices":[{"data":"Zap","floor":6.0,"key":"SMITH"},{"data":"Dualcast","floor":10.0,"key":"SMITH"},{"data":"Gash","floor":12.0,"key":"SMITH"},{"data":"Sweeping Beam","floor":13.0,"key":"SMITH"},{"floor":15.0,"key":"REST"},{"data":"Master of Strategy","floor":23.0,"key":"SMITH"}],"circlet_count":0,"master_deck":["AscendersBane","Strike_B","Strike_B","Strike_B","Defend_B","Defend_B","Zap+1","Dualcast+1","HandOfGreed","Gash+1","Sweeping Beam+1","Echo Form","Coolheaded","Gash","Thunder Strike","CurseOfTheBell","Streamline","BootSequence","Stack","Master of Strategy+1"],"relics":["Cracked Core","WingedGreaves","Sundial","Lizard Tail","Calling Bell","Akabeko","Eternal Feather","Gambling Chip","Mercury Hourglass","Symbiotic Virus"],"acts_visited":["Exordium","TheCity"],"potions_floor_usage":[28],"damage_taken":[{"damage":1.0,"enemies":"Cultist","floor":1.0,"turns":3.0},{"damage":2.0,"enemies":"2 Louse","floor":4.0,"turns":3.0},{"damage":30.0,"enemies":"Lagavulin","floor":8.0,"turns":6.0},{"damage":2.0,"enemies":"Jaw Worm","floor":11.0,"turns":2.0},{"damage":34.0,"enemies":"Slime Boss","floor":16.0,"turns":7.0},{"damage":0.0,"enemies":"Spheric Guardian","floor":18.0,"turns":1.0},{"damage":13.0,"enemies":"Chosen","floor":19.0,"turns":4.0},{"damage":14.0,"enemies":"Snake Plant","floor":20.0,"turns":3.0},{"damage":25,"enemies":"Centurion and Healer","floor":25,"turns":4},{"damage":6,"enemies":"Cultist and Chosen","floor":28,"turns":4}],"seed_played":"-4436533466055878072","potions_obtained":[{"floor":1.0,"key":"Energy Potion"},{"floor":20.0,"key":"Swift Potion"},{"floor":25,"key":"Ancient Potion"}],"is_trial":false,"path_per_floor":["M","$","?","M","?","R","?","E","T","R","M","R","R","$","R","B",null,"M","M","M","$","?","R","?","M","T","T","M"],"character_chosen":"DEFECT","items_purchased":["Gash","Master of Strategy"],"campfire_rested":1,"item_purchase_floors":[14,21],"current_hp_per_floor":[63,63,63,61,50,50,50,20,20,20,18,18,18,18,37,3,49,49,36,22,22,22,34,34,9,9,9,3,3],"gold":169,"neow_bonus":"RANDOM_COLORLESS_2","is_daily":false,"chose_seed":false,"campfire_upgraded":5,"win_rate":0.0,"timestamp":1608085279,"path_taken":["M","$","?","M","?","R","?","E","T","R","?","R","R","$","R","BOSS","M","M","M","$","?","R","?","M","T","?","M"],"items_purchased_type":["Card","Card"],"build_version":"2020-12-13","purchased_purges":3,"victory":false,"max_hp_per_floor":[64,64,64,64,64,64,64,64,64,64,64,64,64,64,64,64,64,64,64,64,64,64,64,64,64,64,64,64,64],"card_choices":[{"not_picked":["Secret Weapon","Secret Technique"],"picked":"HandOfGreed","floor":0.0},{"not_picked":["Steam","Barrage"],"picked":"Gash","floor":1.0},{"not_picked":["Streamline","Core Surge"],"picked":"Sweeping Beam","floor":4.0},{"not_picked":["Capacitor","Core Surge"],"picked":"Echo Form","floor":8.0},{"not_picked":["Sweeping Beam","Rebound"],"picked":"Coolheaded","floor":11.0},{"not_picked":["Core Surge","Biased Cognition"],"picked":"Thunder Strike","floor":16.0},{"not_picked":["Turbo","Storm"],"picked":"Streamline","floor":18.0},{"not_picked":["Heatsinks","Redo"],"picked":"BootSequence","floor":19.0},{"not_picked":["Redo","Turbo"],"picked":"Stack","floor":20.0},{"not_picked":["Fission","Storm","Doom and Gloom"],"picked":"SKIP","floor":25}],"player_experience":768496,"relics_obtained":[{"floor":8.0,"key":"Sundial"},{"floor":9.0,"key":"Lizard Tail"},{"floor":17.0,"key":"Akabeko"},{"floor":17.0,"key":"Eternal Feather"},{"floor":17.0,"key":"Gambling Chip"},{"floor":26,"key":"Mercury Hourglass"},{"floor":27,"key":"Symbiotic Virus"}],"event_choices":[{"damage_healed":0.0,"max_hp_gain":0.0,"max_hp_loss":0.0,"gold_gain":150.0,"event_name":"Liars Game","player_choice":"AGREE","floor":3.0,"gold_loss":0.0,"damage_taken":0.0,"cards_obtained":["Doubt"]},{"damage_healed":0.0,"max_hp_gain":0.0,"max_hp_loss":0.0,"gold_gain":0.0,"event_name":"Scrap Ooze","player_choice":"Success","floor":5.0,"gold_loss":0.0,"damage_taken":11.0,"relics_obtained":["WingedGreaves"]},{"cards_removed":["Defend_B"],"damage_healed":0.0,"max_hp_gain":0.0,"max_hp_loss":0.0,"gold_gain":0.0,"event_name":"Bonfire Elementals","player_choice":"Offered Basic","floor":7.0,"gold_loss":0.0,"damage_taken":0.0},{"damage_healed":0.0,"max_hp_gain":0.0,"max_hp_loss":0.0,"gold_gain":50.0,"event_name":"Nest","player_choice":"Stole From Cult","floor":22.0,"gold_loss":0.0,"damage_taken":0.0},{"damage_healed":0,"gold_gain":0,"player_choice":"Ignored","damage_taken":0,"max_hp_gain":0,"max_hp_loss":0,"event_name":"Cursed Tome","floor":24,"gold_loss":0}],"is_beta":false,"boss_relics":[{"not_picked":["Snecko Eye","Sozu"],"picked":"Calling Bell"}],"items_purged_floors":[2,14,21],"is_endless":false,"potions_floor_spawned":[1,20,25],"killed_by":"Cultist and Chosen","ascension_level":20}}