{"host":"ysfsqg56rsjwjc5s","time":1608159054,"event":{"mods":["AchievementEnabler","Act Like it!","Ascension Reborn","BaseMod","Better Third Choice","BetterRewards","Colored Map","Colored Powertips","Curses Come First","Energized Spire","Gold Saver","Hallownest","Hubris","Minty Spire (QoL Compilation)","Permanent Neow","Quick Restart","Replay The Spire","Spicy Shops","StSLib","The Bladedancer","The Construct","The Disciple","??????REMEMod"],"gold_per_floor":[1913,1159,1159,1183,1197,1197,1238,472,531,547,563,563,580,163,163,287,287,300,220,71,95,33,33,65,65,65,163,118,221,88,122,122,317,317,353,353,353,268,292,292,376,73,73,132,209,149,166,192,192,334],"floor_reached":51,"playtime":2534,"items_purged":["Pride"],"score":1216,"play_id":"fdc30e8d-ead9-43fd-bc19-d8fc89459dea","local_time":"20201216165054","is_ascension_mode":true,"campfire_choices":[{"data":"Trip","floor":6.0,"key":"SMITH"},{"data":"REME_AllRoundStrike","floor":12.0,"key":"SMITH"},{"data":"blademaster:AncestralHealing","floor":15.0,"key":"SMITH"},{"data":"blademaster:BladeDance","floor":23.0,"key":"SMITH"},{"data":"blademaster:DragonStrike","floor":25.0,"key":"SMITH"},{"data":"blademaster:IcyWind","floor":32.0,"key":"SMITH"},{"data":"blademaster:RollingTyphoon","floor":40.0,"key":"SMITH"},{"data":"blademaster:FuryOfTheElements","floor":49,"key":"SMITH"}],"circlet_count":0,"master_deck":["AscendersBane","blademaster:Strike+1","blademaster:Strike+1","blademaster:Strike+1","blademaster:Strike+1","blademaster:Defend+1","blademaster:Defend+1","blademaster:Defend+1","blademaster:Defend+1","blademaster:RagingBlow+1","blademaster:HighVoltage+1","Panache+1","blademaster:Havoc+1","blademaster:DeadlyDance+1","blademaster:AwakeningStrike","Trip+1","blademaster:Rupture+1","blademaster:Reversal","blademaster:WindSlash","blademaster:EyeOfTheStorm","blademaster:Stability+1","blademaster:AncestralHealing+1","REME_AllRoundStrike+1","blademaster:Safeguard+1","blademaster:LightningCrash+1","blademaster:IcyWind+1","blademaster:AwakeningStrike+1","Blind+1","blademaster:ChargingUp+1","blademaster:ChargingUp+1","blademaster:BladeDance+1","blademaster:SharpBlades+1","Hallownest:skillCityofTearsMap+1","blademaster:AspectOfLightning+1","blademaster:DragonStrike+1","blademaster:ThunderingOpener","blademaster:Quickness","blademaster:Gust+1","blademaster:Havoc+1","blademaster:Slice","blademaster:RollingTyphoon+1","blademaster:Momentum+1","Looming Evil","Hallownest:skillKingdomsEdgeMap+1","blademaster:DragonStrike+1","blademaster:FuryOfTheElements+1","blademaster:Flurry+1","blademaster:AwakeningStrike","blademaster:FuriousStrike+1","hubris:Greed","blademaster:CloudOfSteel+1"],"relics":["blademaster:DancersAmulet","REME_ComplimentaryCards","REME_HandOfSuture","Mercury Hourglass","Blood Vial","REME_PuzzleBoxRelic","Bronze Scales","Boot","Toxic Egg 2","Replay:Bottled Flurry","hubris:ToyBattleship","Pondfish Scales","Durian","hubris:Backtick","Bottled Tornado","War Paint","Medical Kit","Replay:Bottled Snecko","Lantern","Replay:Baseball","REME_ArchaeologicalTools","Nunchaku","Darkstone Periapt","ReplayTheSpireMod:Lightbulb","ReplayTheSpireMod:CursedCoin","Frozen Egg 2","Kunai","StoneCalendar","Empty Cage","ReplayTheSpireMod:Ring of Exchange","Ring of Hypnosis","hubris:Icosahedron","Shuriken","hubris:FunFungus","Bottled Flame","Replay:Bottled Steam","Lizard Tail","hubris:64BitClover"],"acts_visited":["Exordium","Exordium","Hallownest:CityofTears"],"potions_floor_usage":[],"damage_taken":[{"damage":0.0,"enemies":"Small Slimes","floor":1.0,"turns":2.0},{"damage":0.0,"enemies":"Cultist","floor":4.0,"turns":2.0},{"damage":0.0,"enemies":"2 Louse","floor":5.0,"turns":1.0},{"damage":0.0,"enemies":"Lagavulin","floor":7.0,"turns":2.0},{"damage":0.0,"enemies":"Lots of Slimes","floor":10.0,"turns":2.0},{"damage":10.0,"enemies":"Red Slaver","floor":11.0,"turns":2.0},{"damage":0.0,"enemies":"3 Louse","floor":13.0,"turns":1.0},{"damage":0.0,"enemies":"Slime Boss","floor":16.0,"turns":3.0},{"damage":0.0,"enemies":"Hallownest:2_Mistakes","floor":18.0,"turns":1.0},{"damage":0.0,"enemies":"Hallownest:3_Youths","floor":21.0,"turns":2.0},{"damage":9.0,"enemies":"Hallownest:eliteSoulWarrior","floor":24.0,"turns":3.0},{"damage":3.0,"enemies":"Hallownest:Nosk","floor":27.0,"turns":1.0},{"damage":0.0,"enemies":"Hallownest:Warrior_and_Youth","floor":31.0,"turns":1.0},{"damage":0.0,"enemies":"Hallownest:BossSoulMaster","floor":33.0,"turns":3.0},{"damage":0.0,"enemies":"Hallownest:2_Littles","floor":35.0,"turns":2.0},{"damage":0.0,"enemies":"Hallownest:Shield_Heavy","floor":39.0,"turns":1.0},{"damage":0.0,"enemies":"Hallownest:StalkingDevout","floor":41.0,"turns":3.0},{"damage":0.0,"enemies":"Hallownest:eliteCollector","floor":44.0,"turns":2.0},{"damage":7,"enemies":"Hallownest:2_Primals","floor":45,"turns":2},{"damage":0,"enemies":"Hallownest:2_Soldiers_and_1_Guardian","floor":47,"turns":1},{"damage":0,"enemies":"Hallownest:Xero_Hu_Marmu","floor":48,"turns":2},{"damage":0,"enemies":"Hallownest:Radiance","floor":50,"turns":4}],"seed_played":"6374624233980343273","potions_obtained":[{"floor":1.0,"key":"AttackPotion"},{"floor":4.0,"key":"LiquidBronze"},{"floor":41.0,"key":"Energy Potion"}],"is_trial":false,"path_per_floor":["M","$","?","M","M","R","E","$","T","M","M","R","M","$","R","B",null,"M","?","$","M","$","R","E","R","T","E","?","?","$","M","R","B",null,"M","?","?","?","M","R","E","$","T","E","?","?","M","M","R","B",null],"character_chosen":"THE_BLADEMASTER","items_purchased":["REME_HandOfSuture","Mercury Hourglass","Blood Vial","blademaster:DeadlyDance+1","blademaster:AwakeningStrike","Trip","Bronze Scales","Boot","blademaster:Stability+1","blademaster:AncestralHealing","REME_AllRoundStrike","Toxic Egg 2","blademaster:Safeguard+1","Pondfish Scales","Blind+1","blademaster:ChargingUp+1","Medical Kit","Lantern","ReplayTheSpireMod:CursedCoin","Frozen Egg 2","blademaster:Havoc+1","hubris:FunFungus"],"campfire_rested":0,"item_purchase_floors":[2,2,2,2,2,2,8,8,8,8,8,8,8,14,14,14,20,22,30,30,30,42],"current_hp_per_floor":[64,64,64,66,68,68,70,70,70,71,61,61,63,63,63,74,74,74,74,74,74,74,74,65,65,65,64,64,64,70,78,78,80,80,80,86,86,86,86,86,86,86,86,86,85,92,93,93,93,99],"gold":334,"neow_bonus":"UPGRADE_CARD","is_daily":false,"chose_seed":false,"campfire_upgraded":8,"win_rate":0.0,"timestamp":1608159054,"path_taken":["M","$","?","?","M","R","E","$","T","M","M","R","M","$","R","BOSS","M","?","$","?","?","R","E","R","T","E","?","?","$","M","R","BOSS","M","?","?","?","M","R","E","$","T","E","?","?","M","M","R","BOSS"],"items_purchased_type":["Relic","Relic","Relic","Card","Card","Card","Relic","Relic","Card","Card","Card","Relic","Card","Relic","Card","Card","Relic","Relic","Relic","Relic","Card","Relic"],"build_version":"2020-12-13","purchased_purges":1,"victory":true,"max_hp_per_floor":[71,71,71,71,71,71,71,71,71,71,71,71,71,71,71,74,74,74,74,74,74,74,74,74,74,74,74,74,74,80,80,80,80,80,80,86,86,86,86,86,86,86,86,86,86,93,93,93,93,99],"card_choices":[{"not_picked":["blademaster:Safeguard+1","blademaster:Rupture"],"picked":"blademaster:Havoc","floor":1.0},{"not_picked":["blademaster:TraverseCut+1","blademaster:Frontflip"],"picked":"blademaster:Rupture+1","floor":4.0},{"not_picked":["blademaster:Cut","blademaster:TraverseCut"],"picked":"blademaster:Reversal","floor":5.0},{"not_picked":["blademaster:LeechingStrike","blademaster:Cut"],"picked":"blademaster:WindSlash","floor":7.0},{"not_picked":["blademaster:Safeguard","blademaster:DaggerAndCloak"],"picked":"blademaster:EyeOfTheStorm","floor":7.0},{"not_picked":["blademaster:EyeOfTheStorm+1","blademaster:BloodyBlow"],"picked":"blademaster:LightningCrash+1","floor":10.0},{"not_picked":["blademaster:Stormstrike","blademaster:ThunderSlash+1"],"picked":"blademaster:IcyWind","floor":11.0},{"not_picked":["blademaster:BloodyBlow","blademaster:DaggerAndCloak+1"],"picked":"blademaster:AwakeningStrike+1","floor":13.0},{"not_picked":["blademaster:FuryOfTheElements","blademaster:Blindside"],"picked":"blademaster:BladeDance","floor":16.0},{"not_picked":["blademaster:Safeguard+1","blademaster:FuriousStrike"],"picked":"blademaster:SharpBlades+1","floor":18.0},{"not_picked":["blademaster:StanceMastery","blademaster:Sharpen+1"],"picked":"blademaster:AspectOfLightning+1","floor":21.0},{"not_picked":["blademaster:Slice+1","blademaster:SlyStabs+1"],"picked":"blademaster:DragonStrike","floor":24.0},{"not_picked":["blademaster:Breeze","blademaster:RagingBlow"],"picked":"blademaster:ThunderingOpener","floor":27.0},{"not_picked":["blademaster:DeadlyDance+1","blademaster:AwakeningDefend+1"],"picked":"blademaster:Quickness","floor":29.0},{"not_picked":["blademaster:AspectOfLightning+1","blademaster:Stability"],"picked":"blademaster:Gust+1","floor":29.0},{"not_picked":["blademaster:Rupture+1","blademaster:Reversal"],"picked":"blademaster:Slice","floor":31.0},{"not_picked":["blademaster:FlockOfBlades+1","blademaster:LightningDraw"],"picked":"blademaster:RollingTyphoon","floor":33.0},{"not_picked":["blademaster:Sharpen+1","blademaster:BloodyBlow+1"],"picked":"blademaster:Momentum+1","floor":35.0},{"not_picked":["blademaster:Stormstrike","blademaster:Stability+1"],"picked":"blademaster:DragonStrike+1","floor":39.0},{"not_picked":["blademaster:DaggerAndCloak+1","blademaster:Flash"],"picked":"blademaster:FuryOfTheElements","floor":41.0},{"not_picked":["blademaster:Sunder+1","blademaster:Frenzy+1"],"picked":"blademaster:Flurry+1","floor":44.0},{"not_picked":["blademaster:BladeDance+1","blademaster:AncestralHealing+1"],"picked":"blademaster:AwakeningStrike","floor":45},{"not_picked":["blademaster:ParryingStrike","blademaster:AncestralHealing+1","blademaster:DaggerAndCloak+1"],"picked":"SKIP","floor":47},{"not_picked":["blademaster:ParryingStrike+1","blademaster:Safeguard+1"],"picked":"blademaster:FuriousStrike+1","floor":48},{"not_picked":["blademaster:FuryOfTheElements","blademaster:EnchantedCuirass+1"],"picked":"blademaster:CloudOfSteel+1","floor":50}],"player_experience":80327,"relics_obtained":[{"floor":7.0,"key":"REME_PuzzleBoxRelic"},{"floor":7.0,"key":"blademaster:BonusFuryPerk"},{"floor":9.0,"key":"Replay:Bottled Flurry"},{"floor":9.0,"key":"hubris:ToyBattleship"},{"floor":16.0,"key":"Durian"},{"floor":16.0,"key":"blademaster:FinisherDrawCardPerk"},{"floor":18.0,"key":"War Paint"},{"floor":18.0,"key":"blademaster:FuryEveryTurnPerk"},{"floor":21.0,"key":"Replay:Bottled Snecko"},{"floor":21.0,"key":"blademaster:RandomStancePerk"},{"floor":24.0,"key":"Replay:Baseball"},{"floor":24.0,"key":"blademaster:WindChargePerk"},{"floor":26.0,"key":"REME_ArchaeologicalTools"},{"floor":26.0,"key":"Nunchaku"},{"floor":27.0,"key":"Darkstone Periapt"},{"floor":27.0,"key":"blademaster:StanceHealPerk"},{"floor":29.0,"key":"ReplayTheSpireMod:Lightbulb"},{"floor":31.0,"key":"Kunai"},{"floor":31.0,"key":"blademaster:ComboEveryTurnPerk"},{"floor":33.0,"key":"StoneCalendar"},{"floor":33.0,"key":"blademaster:StrongPerk"},{"floor":36.0,"key":"ReplayTheSpireMod:Ring of Exchange"},{"floor":36.0,"key":"Ring of Hypnosis"},{"floor":41.0,"key":"Shuriken"},{"floor":41.0,"key":"blademaster:RandomBladePerk"},{"floor":43.0,"key":"Bottled Flame"},{"floor":43.0,"key":"Replay:Bottled Steam"},{"floor":44.0,"key":"Lizard Tail"},{"floor":44.0,"key":"blademaster:BonusComboPerk"},{"floor":45,"key":"hubris:64BitClover"},{"floor":45,"key":"blademaster:OnAttackedChargePerk"}],"event_choices":[{"damage_healed":0.0,"max_hp_gain":0.0,"max_hp_loss":0.0,"gold_gain":0.0,"event_name":"Upgrade Shrine","player_choice":"Upgraded","floor":3.0,"gold_loss":0.0,"damage_taken":0.0,"cards_upgraded":["blademaster:Havoc"]}],"is_beta":false,"boss_relics":[{"not_picked":["Snecko Eye","Velvet Choker"],"picked":"hubris:Backtick"},{"not_picked":["energizedSpire:NeverEndingSparkler","Abe\u0027s Treasure"],"picked":"Empty Cage"}],"items_purged_floors":[2],"is_endless":false,"potions_floor_spawned":[1,4,7,10,11,16,21,24,35,41,50],"ascension_level":0}}