{"host":"wukocnei7dgudpva","time":1608077781,"event":{"mods":["AchievementEnabler","BaseMod","Colored Map","Minty Spire (QoL Compilation)","Permanent Neow","StSLib","SuperFastMode"],"gold_per_floor":[110,110,110,126,142,142,194,194,194,229,247,172,196,212,212,335,335,335,335],"floor_reached":18,"playtime":1060,"items_purged":["Defend_P"],"score":162,"play_id":"eba3c79d-4f03-470d-9434-3946e167ba0d","local_time":"20201216091621","is_ascension_mode":false,"campfire_choices":[{"floor":6.0,"key":"REST"},{"floor":8.0,"key":"REST"},{"floor":15,"key":"REST"}],"circlet_count":0,"master_deck":["Strike_P","Strike_P","Strike_P","Defend_P","Defend_P","Defend_P","Eruption","Vigilance","FearNoEvil","Adaptation"],"relics":["Philosopher\u0027s Stone","Golden Idol","Dream Catcher","Ancient Tea Set","SacredBark"],"acts_visited":["Exordium","TheCity"],"potions_floor_usage":[],"damage_taken":[{"damage":0.0,"enemies":"Jaw Worm","floor":1.0,"turns":2.0},{"damage":0.0,"enemies":"Small Slimes","floor":4.0,"turns":4.0},{"damage":0.0,"enemies":"2 Louse","floor":5.0,"turns":2.0},{"damage":33.0,"enemies":"Lagavulin","floor":10.0,"turns":7.0},{"damage":4.0,"enemies":"Large Slime","floor":11.0,"turns":6.0},{"damage":14,"enemies":"2 Fungi Beasts","floor":13,"turns":3},{"damage":3,"enemies":"Blue Slaver","floor":14,"turns":3},{"damage":58,"enemies":"Hexaghost","floor":16,"turns":8},{"damage":0,"enemies":"3 Byrds","floor":18,"turns":2}],"seed_played":"2629160016838959509","potions_obtained":[{"floor":1.0,"key":"PowerPotion"},{"floor":5.0,"key":"FearPotion"},{"floor":13,"key":"Block Potion"},{"floor":14,"key":"FairyPotion"},{"floor":16,"key":"BottledMiracle"}],"is_trial":false,"path_per_floor":["M","?","?","M","M","R","T","R","T","E","M","$","M","M","R","B",null,"M"],"character_chosen":"WATCHER","items_purchased":[],"campfire_rested":3,"item_purchase_floors":[],"current_hp_per_floor":[72,54,47,47,47,68,68,72,72,39,35,35,21,18,39,5,72,72,72],"gold":335,"neow_bonus":"BOSS_RELIC","is_daily":false,"chose_seed":false,"campfire_upgraded":0,"win_rate":0.0,"timestamp":1608077781,"path_taken":["M","?","?","M","M","R","?","R","T","E","M","?","M","M","R","BOSS","M"],"items_purchased_type":[],"build_version":"2020-12-13","purchased_purges":1,"victory":false,"max_hp_per_floor":[72,72,72,72,72,72,72,72,72,72,72,72,72,72,72,72,72,72,72],"card_choices":[{"not_picked":["ReachHeaven","FollowUp","LikeWater"],"picked":"SKIP","floor":1.0},{"not_picked":["FollowUp","BowlingBash"],"picked":"FearNoEvil","floor":4.0},{"not_picked":["WheelKick","Consecrate","FlyingSleeves"],"picked":"SKIP","floor":5.0},{"not_picked":["ReachHeaven","Meditate","ThirdEye"],"picked":"SKIP","floor":10.0},{"not_picked":["Vault","PathToVictory","CutThroughFate"],"picked":"SKIP","floor":11.0},{"not_picked":["SignatureMove","Swivel","InnerPeace"],"picked":"SKIP","floor":13},{"not_picked":["FlurryOfBlows","BowlingBash","Study"],"picked":"SKIP","floor":14},{"not_picked":["Protect","Vengeance"],"picked":"Adaptation","floor":15}],"player_experience":243579,"relics_obtained":[{"floor":7.0,"key":"Dream Catcher"},{"floor":10.0,"key":"Ancient Tea Set"}],"event_choices":[{"damage_healed":0.0,"max_hp_gain":0.0,"max_hp_loss":0.0,"gold_gain":0.0,"event_name":"Golden Idol","player_choice":"Take Damage","floor":2.0,"gold_loss":0.0,"damage_taken":18.0,"relics_obtained":["Golden Idol"]},{"cards_removed":["Strike_P"],"damage_healed":0.0,"max_hp_gain":0.0,"max_hp_loss":0.0,"gold_gain":0.0,"event_name":"Golden Wing","player_choice":"Card Removal","floor":3.0,"gold_loss":0.0,"damage_taken":7.0}],"is_beta":false,"boss_relics":[{"not_picked":["Busted Crown","Pandora\u0027s Box"],"picked":"SacredBark"}],"items_purged_floors":[12],"is_endless":false,"potions_floor_spawned":[1,5,13,14,16],"killed_by":"3 Byrds","ascension_level":0}}