{"host":"vpa65ctvwhttzxlr","time":1608155153,"event":{"mods":["BaseMod","Minty Spire (QoL Compilation)","StSLib","The Bug Knight"],"gold_per_floor":[114,130,130,151,326,360,381,381,381,396,429,452,186,200,200,200,200],"floor_reached":16,"playtime":1018,"items_purged":["HollowMod:QuickDashStart"],"score":113,"play_id":"5fed6dd9-227f-40f1-9d9b-2ff3105e6943","local_time":"20201216154553","is_ascension_mode":false,"campfire_choices":[{"floor":15,"key":"RECALL"}],"circlet_count":0,"master_deck":["HollowMod:NailStrikeStart","HollowMod:NailStrikeStart","HollowMod:NailStrikeStart","HollowMod:NailStrikeStart","HollowMod:QuickDashStart","HollowMod:QuickDashStart","HollowMod:QuickDashStart","HollowMod:FocusHealStart","HollowMod:PogoStrike","Good Instincts","HollowMod:SoulSplash","HollowMod:DashSlash","HollowMod:CoiledNail","HollowMod:DreamGate","HollowMod:LifebloodCocoon","HollowMod:theNailsmith","HollowMod:SoulSplash","HollowMod:MonarchWings","Madness","HollowMod:BlackTendrils","HollowMod:SoulVessel"],"relics":["HollowMod:VesselMask","Golden Idol","Pear","Spirit Poop","Nunchaku"],"acts_visited":["Exordium"],"potions_floor_usage":[11,16,16],"damage_taken":[{"damage":0,"enemies":"Cultist","floor":1,"turns":4},{"damage":0,"enemies":"2 Louse","floor":2,"turns":3},{"damage":0,"enemies":"Small Slimes","floor":4,"turns":3},{"damage":34,"enemies":"Lagavulin","floor":6,"turns":9},{"damage":7,"enemies":"3 Louse","floor":7,"turns":4},{"damage":0,"enemies":"Red Slaver","floor":10,"turns":4},{"damage":19,"enemies":"3 Sentries","floor":11,"turns":13},{"damage":3,"enemies":"Lots of Slimes","floor":12,"turns":5},{"damage":6,"enemies":"3 Louse","floor":14,"turns":5},{"damage":44,"enemies":"The Guardian","floor":16,"turns":6}],"seed_played":"-1414420895546097288","potions_obtained":[{"floor":1,"key":"BlessingOfTheForge"},{"floor":7,"key":"Explosive Potion"},{"floor":11,"key":"Strength Potion"}],"is_trial":false,"path_per_floor":["M","M","?","M","?","E","M","?","T","M","E","M","$","M","R","B"],"character_chosen":"THE_BUGKNIGHT","items_purchased":["HollowMod:MonarchWings","Madness","HollowMod:BlackTendrils"],"campfire_rested":0,"item_purchase_floors":[13,13,13],"current_hp_per_floor":[75,75,57,67,67,49,48,48,48,48,39,36,36,32,32,0,0],"gold":200,"neow_bonus":"RANDOM_COLORLESS","is_daily":false,"chose_seed":false,"campfire_upgraded":0,"win_rate":0.0,"timestamp":1608155153,"path_taken":["M","?","?","M","?","E","M","?","T","?","E","M","$","M","R","BOSS"],"items_purchased_type":["Card","Card","Card"],"build_version":"2020-12-13","purchased_purges":1,"victory":false,"max_hp_per_floor":[75,75,75,75,75,85,85,85,85,85,85,85,85,85,85,85,85],"card_choices":[{"not_picked":["Impatience","Dramatic Entrance"],"picked":"Good Instincts","floor":0},{"not_picked":["HollowMod:InfectedAttack","HollowMod:TaintedHusks","HollowMod:DescendingDark"],"picked":"SKIP","floor":1},{"not_picked":["HollowMod:DashSlash","HollowMod:BlackTendrils"],"picked":"HollowMod:SoulSplash","floor":2},{"not_picked":["HollowMod:SiblingsSouls","HollowMod:SoulStrike"],"picked":"HollowMod:DashSlash","floor":4},{"not_picked":["HollowMod:GreatSlash","HollowMod:Hiveblood"],"picked":"HollowMod:CoiledNail","floor":6},{"not_picked":["HollowMod:VengefulVoid","HollowMod:NewJinnsSoul"],"picked":"HollowMod:DreamGate","floor":7},{"not_picked":["HollowMod:DescendingDark","HollowMod:CornifersMapStart"],"picked":"HollowMod:LifebloodCocoon","floor":10},{"not_picked":["HollowMod:RecoilStrike","HollowMod:BlackTendrils"],"picked":"HollowMod:theNailsmith","floor":11},{"not_picked":["HollowMod:CornifersMapStart","HollowMod:VengefulVoid"],"picked":"HollowMod:SoulSplash","floor":12},{"not_picked":["HollowMod:NewGlowingWomb","HollowMod:Grubsong"],"picked":"HollowMod:SoulVessel","floor":14}],"player_experience":274237,"relics_obtained":[{"floor":6,"key":"Pear"},{"floor":11,"key":"Nunchaku"}],"event_choices":[{"damage_healed":0,"gold_gain":0,"player_choice":"Take Damage","damage_taken":18,"relics_obtained":["Golden Idol"],"max_hp_gain":0,"max_hp_loss":0,"event_name":"Golden Idol","floor":3,"gold_loss":0},{"damage_healed":0,"gold_gain":175,"player_choice":"AGREE","damage_taken":0,"max_hp_gain":0,"max_hp_loss":0,"event_name":"Liars Game","floor":5,"gold_loss":0,"cards_obtained":["Doubt"]},{"cards_removed":["Doubt"],"damage_healed":0,"gold_gain":0,"player_choice":"Offered Curse","damage_taken":0,"relics_obtained":["Spirit Poop"],"max_hp_gain":0,"max_hp_loss":0,"event_name":"Bonfire Elementals","floor":8,"gold_loss":0}],"is_beta":false,"boss_relics":[],"items_purged_floors":[13],"is_endless":false,"potions_floor_spawned":[1,7,11],"killed_by":"The Guardian","ascension_level":0}}