{"host":"6gwm7y0tp7acoxay","time":1608103713,"event":{"mods":["BaseMod","Colored Map","Keyboard Shortcuts","Minty Spire (QoL Compilation)","Quick Restart","StSLib","SuperFastMode","everything is the same but u backflip on backflip"],"gold_per_floor":[109,124,124,124,137,164,164,164,164,164,194,344,344,344,344,435,435,455,488,538,538,538,538,538,538],"floor_reached":24,"playtime":582,"items_purged":[],"score":446,"play_id":"e15d8d74-962f-45a1-975b-84ffd3e3653a","local_time":"20201216162833","daily_mods":["SealedDeck","Heirloom","Flight"],"is_ascension_mode":true,"campfire_choices":[{"data":"Coolheaded","floor":7.0,"key":"SMITH"},{"floor":8.0,"key":"REST"},{"data":"Recycle","floor":10.0,"key":"SMITH"},{"data":"Hologram","floor":15.0,"key":"SMITH"},{"floor":23.0,"key":"REST"}],"circlet_count":0,"master_deck":["AscendersBane","Gash","Beam Cell","Coolheaded+1","Capacitor","Conserve Battery","Fusion+1","Redo+1","Hologram+1","Recycle+1","Doom and Gloom","Reinforced Body","Seek","All For One+1"],"relics":["Cracked Core","Pocketwatch","Omamori","Happy Flower","Molten Egg 2","Blood Vial","Golden Idol","Black Star","Red Mask"],"acts_visited":["Exordium","TheCity"],"potions_floor_usage":[],"damage_taken":[{"damage":1.0,"enemies":"Small Slimes","floor":1.0,"turns":4.0},{"damage":0.0,"enemies":"2 Louse","floor":2.0,"turns":2.0},{"damage":1.0,"enemies":"Cultist","floor":5.0,"turns":3.0},{"damage":40.0,"enemies":"Gremlin Nob","floor":6.0,"turns":4.0},{"damage":0.0,"enemies":"Lagavulin","floor":11.0,"turns":5.0},{"damage":16.0,"enemies":"Slime Boss","floor":16.0,"turns":8.0},{"damage":17.0,"enemies":"Chosen","floor":18.0,"turns":4.0},{"damage":17.0,"enemies":"Masked Bandits","floor":19.0,"turns":4.0},{"damage":34,"enemies":"Book of Stabbing","floor":24,"turns":3}],"seed_played":"2074233155204592268","potions_obtained":[{"floor":6.0,"key":"SpeedPotion"},{"floor":11.0,"key":"SkillPotion"},{"floor":19.0,"key":"Explosive Potion"}],"is_trial":true,"path_per_floor":["M","M","?","?","M","E","R","R","T","R","E","?","?","?","R","B",null,"M","?","?","?","?","R","E"],"character_chosen":"DEFECT","items_purchased":[],"campfire_rested":2,"item_purchase_floors":[],"current_hp_per_floor":[63,63,52,52,51,11,11,32,32,32,32,32,32,32,32,18,58,43,28,28,28,28,49,17,17],"gold":538,"neow_bonus":"","is_daily":false,"chose_seed":false,"campfire_upgraded":3,"win_rate":0.0,"timestamp":1608103713,"path_taken":["M","M","?","?","?","E","R","R","T","R","E","?","?","?","R","BOSS","M","?","?","?","?","R","E"],"items_purchased_type":[],"build_version":"2020-12-13","purchased_purges":0,"victory":false,"max_hp_per_floor":[71,71,71,71,71,71,71,71,71,71,71,71,71,71,71,71,71,71,71,71,71,71,71,71,71],"card_choices":[{"not_picked":["Steam Power","Fusion","Conserve Battery"],"picked":"SKIP","floor":1.0},{"not_picked":["Turbo","Recycle","Reprogram"],"picked":"SKIP","floor":2.0},{"not_picked":["Storm","Go for the Eyes"],"picked":"Doom and Gloom","floor":5.0},{"not_picked":["Compile Driver","Coolheaded"],"picked":"Reinforced Body","floor":6.0},{"not_picked":["Thunder Strike+1","Meteor Strike+1"],"picked":"Seek","floor":11.0},{"not_picked":["Meteor Strike+1","Creative AI"],"picked":"All For One+1","floor":16.0},{"not_picked":["Aggregate","Steam","Force Field"],"picked":"SKIP","floor":18.0}],"player_experience":4280451,"relics_obtained":[{"floor":6.0,"key":"Happy Flower"},{"floor":9.0,"key":"Molten Egg 2"},{"floor":11.0,"key":"Blood Vial"},{"floor":19.0,"key":"Red Mask"}],"event_choices":[{"damage_healed":0.0,"max_hp_gain":0.0,"max_hp_loss":0.0,"gold_gain":0.0,"event_name":"Scrap Ooze","player_choice":"Success","floor":3.0,"gold_loss":0.0,"damage_taken":11.0,"relics_obtained":["Omamori"]},{"damage_healed":0.0,"max_hp_gain":0.0,"max_hp_loss":0.0,"gold_gain":0.0,"event_name":"Upgrade Shrine","player_choice":"Upgraded","floor":4.0,"gold_loss":0.0,"damage_taken":0.0,"cards_upgraded":["Fusion"]},{"damage_healed":0.0,"max_hp_gain":0.0,"max_hp_loss":0.0,"gold_gain":150.0,"event_name":"Liars Game","player_choice":"AGREE","floor":12.0,"gold_loss":0.0,"damage_taken":0.0,"cards_obtained":["Doubt"]},{"damage_healed":0.0,"max_hp_gain":0.0,"max_hp_loss":0.0,"gold_gain":0.0,"event_name":"Living Wall","player_choice":"Grow","floor":13.0,"gold_loss":0.0,"damage_taken":0.0,"cards_upgraded":["Redo"]},{"damage_healed":0.0,"max_hp_gain":0.0,"max_hp_loss":0.0,"gold_gain":0.0,"event_name":"Golden Idol","player_choice":"Take Wound","floor":14.0,"gold_loss":0.0,"damage_taken":0.0,"relics_obtained":["Golden Idol"],"cards_obtained":["Injury"]},{"damage_healed":0.0,"max_hp_gain":0.0,"max_hp_loss":0.0,"gold_gain":0.0,"event_name":"Masked Bandits","player_choice":"Fought Bandits","floor":19.0,"gold_loss":0.0,"damage_taken":0.0},{"damage_healed":0.0,"max_hp_gain":0.0,"max_hp_loss":0.0,"gold_gain":50.0,"event_name":"Nest","player_choice":"Stole From Cult","floor":20.0,"gold_loss":0.0,"damage_taken":0.0},{"cards_removed":["Ball Lightning"],"damage_healed":0.0,"max_hp_gain":0.0,"max_hp_loss":0.0,"gold_gain":0.0,"event_name":"Back to Basics","player_choice":"Elegance","floor":21.0,"gold_loss":0.0,"damage_taken":0.0},{"damage_healed":0.0,"max_hp_gain":0.0,"max_hp_loss":0.0,"gold_gain":0.0,"event_name":"Ghosts","player_choice":"Ignored","floor":22.0,"gold_loss":0.0,"damage_taken":0.0}],"is_beta":false,"boss_relics":[{"not_picked":["Tiny House","SacredBark"],"picked":"Black Star"}],"items_purged_floors":[],"is_endless":false,"potions_floor_spawned":[6,11,19],"killed_by":"Book of Stabbing","ascension_level":20}}