{"host":"28p8ce41sjwa6lzf","time":1608153941,"event":{"mods":["BaseMod","Colored Map","Colored Powertips","Highlight Path","Minty Spire (QoL Compilation)","Permanent Neow","Quick Restart","Random Character Button","Rare Cards Sparkle","Relic Stats","StSLib","Unceasing Turn Reminder"],"gold_per_floor":[113,129,204,220,220,220,24,49,49,84,84,129,129,144,144,244,244,283,298,213,213,223,223,255,255,278,278,278,278],"floor_reached":28,"playtime":956,"items_purged":[],"score":492,"play_id":"a25f48bb-0ca2-4998-a22c-12b4f6580b07","local_time":"20201216152541","is_ascension_mode":true,"campfire_choices":[{"data":"Phantasmal Killer","floor":6.0,"key":"SMITH"},{"floor":11.0,"key":"REST"},{"data":"HandOfGreed","floor":15.0,"key":"SMITH"},{"data":"Catalyst","floor":23.0,"key":"SMITH"},{"data":"Prepared","floor":25.0,"key":"SMITH"},{"floor":27.0,"key":"REST"}],"circlet_count":0,"master_deck":["AscendersBane","Strike_G+1","Strike_G+1","Strike_G+1","Defend_G+1","Defend_G+1","Defend_G+1","Defend_G+1","Defend_G+1","Survivor","Neutralize","Dagger Spray","Poisoned Stab","Phantasmal Killer+1","HandOfGreed+1","Cloak And Dagger","Deadly Poison","Dash","Prepared+1","Corpse Explosion","Catalyst+1"],"relics":["Ring of the Snake","Potion Belt","Bird Faced Urn","Calipers","Meat on the Bone","Empty Cage","Pen Nib","Lantern","Regal Pillow"],"acts_visited":["Exordium","TheCity"],"potions_floor_usage":[],"damage_taken":[{"damage":3.0,"enemies":"Small Slimes","floor":1.0,"turns":5.0},{"damage":2.0,"enemies":"Jaw Worm","floor":2.0,"turns":6.0},{"damage":1.0,"enemies":"Cultist","floor":4.0,"turns":4.0},{"damage":38.0,"enemies":"Lagavulin","floor":8.0,"turns":7.0},{"damage":2.0,"enemies":"3 Louse","floor":10.0,"turns":3.0},{"damage":8.0,"enemies":"Gremlin Nob","floor":12.0,"turns":3.0},{"damage":4.0,"enemies":"Blue Slaver","floor":14.0,"turns":2.0},{"damage":33.0,"enemies":"The Guardian","floor":16.0,"turns":9.0},{"damage":25.0,"enemies":"2 Thieves","floor":18.0,"turns":4.0},{"damage":24.0,"enemies":"Spheric Guardian","floor":19.0,"turns":5.0},{"damage":0.0,"enemies":"Centurion and Healer","floor":22.0,"turns":3.0},{"damage":31.0,"enemies":"Slavers","floor":24.0,"turns":4.0},{"damage":61,"enemies":"Book of Stabbing","floor":28,"turns":4}],"seed_played":"4816258778368141299","potions_obtained":[{"floor":4.0,"key":"EssenceOfSteel"},{"floor":10.0,"key":"Fire Potion"},{"floor":14.0,"key":"Regen Potion"},{"floor":19.0,"key":"Swift Potion"},{"floor":24.0,"key":"SkillPotion"}],"is_trial":false,"path_per_floor":["M","M","?","M","?","R","$","E","T","M","R","E","?","M","R","B",null,"M","M","?","?","M","R","E","R","T","R","E"],"character_chosen":"THE_SILENT","items_purchased":["HandOfGreed"],"campfire_rested":2,"item_purchase_floors":[7],"current_hp_per_floor":[56,54,43,42,42,42,42,4,4,2,21,13,29,37,37,31,55,42,30,30,30,42,42,23,23,23,56,0,0],"gold":278,"neow_bonus":"RANDOM_COMMON_RELIC","is_daily":false,"chose_seed":false,"campfire_upgraded":4,"win_rate":0.0,"timestamp":1608153941,"path_taken":["M","M","?","M","?","R","$","E","T","?","R","E","?","M","R","BOSS","M","M","?","?","M","R","E","R","T","R","E"],"items_purchased_type":["Card"],"build_version":"2020-12-13","purchased_purges":0,"victory":false,"max_hp_per_floor":[66,66,66,66,66,66,66,66,66,66,66,66,66,66,66,66,63,63,63,63,63,63,63,63,63,63,63,63,63],"relic_stats":{"Regal Pillow":15,"counters":[13,59],"Bird Faced Urn":[0],"Pen Nib":[1],"obtain_stats":[{"Potion Belt":0,"Lantern":24,"Regal Pillow":26,"Calipers":9,"Bird Faced Urn":8,"Pen Nib":20,"Empty Cage":17,"Ring of the Snake":0,"Meat on the Bone":12},{"Potion Belt":0,"Lantern":12,"Regal Pillow":12,"Calipers":4,"Bird Faced Urn":4,"Pen Nib":10,"Empty Cage":8,"Ring of the Snake":0,"Meat on the Bone":6},{"Potion Belt":0,"Lantern":55,"Regal Pillow":55,"Calipers":22,"Bird Faced Urn":22,"Pen Nib":48,"Empty Cage":39,"Ring of the Snake":0,"Meat on the Bone":28}],"Ring of the Snake":[26],"Meat on the Bone":72},"card_choices":[{"not_picked":["Dodge and Roll","Poisoned Stab"],"picked":"Dagger Spray","floor":1.0},{"not_picked":["Quick Slash","Expertise"],"picked":"Poisoned Stab","floor":2.0},{"not_picked":["Prepared","Outmaneuver"],"picked":"Phantasmal Killer","floor":4.0},{"not_picked":["Poisoned Stab","Escape Plan"],"picked":"Cloak And Dagger","floor":8.0},{"not_picked":["Dodge and Roll","Infinite Blades"],"picked":"Deadly Poison","floor":10.0},{"not_picked":["Accuracy","Envenom"],"picked":"Dash","floor":12.0},{"not_picked":["Quick Slash","Backflip"],"picked":"Prepared","floor":14.0},{"not_picked":["Glass Knife","Bullet Time"],"picked":"Corpse Explosion","floor":16.0},{"not_picked":["Prepared","Poisoned Stab","Quick Slash"],"picked":"SKIP","floor":18.0},{"not_picked":["Flying Knee","Acrobatics","Bane+1"],"picked":"SKIP","floor":19.0},{"not_picked":["Prepared","Caltrops"],"picked":"Catalyst","floor":22.0},{"not_picked":["Sucker Punch","Acrobatics","Blur"],"picked":"SKIP","floor":24.0}],"player_experience":1008830,"relics_obtained":[{"floor":8.0,"key":"Bird Faced Urn"},{"floor":9.0,"key":"Calipers"},{"floor":12.0,"key":"Meat on the Bone"},{"floor":24.0,"key":"Lantern"},{"floor":26.0,"key":"Regal Pillow"}],"event_choices":[{"damage_healed":0.0,"max_hp_gain":0.0,"max_hp_loss":0.0,"gold_gain":75.0,"event_name":"World of Goop","player_choice":"Gather Gold","floor":3.0,"gold_loss":0.0,"damage_taken":11.0},{"cards_removed":["Strike_G"],"damage_healed":0.0,"max_hp_gain":0.0,"max_hp_loss":0.0,"gold_gain":0.0,"event_name":"Wheel of Change","player_choice":"Card Removal","floor":5.0,"gold_loss":0.0,"damage_taken":0.0},{"damage_healed":16.0,"max_hp_gain":0.0,"max_hp_loss":0.0,"gold_gain":0.0,"event_name":"Mushrooms","player_choice":"Healed and dodged fight","floor":13.0,"gold_loss":0.0,"damage_taken":0.0,"cards_obtained":["Parasite"]},{"damage_healed":0.0,"max_hp_gain":0.0,"max_hp_loss":0.0,"gold_gain":0.0,"event_name":"Addict","player_choice":"Obtained Relic","floor":20.0,"gold_loss":85.0,"damage_taken":0.0,"relics_obtained":["Pen Nib"]},{"damage_healed":0.0,"max_hp_gain":0.0,"max_hp_loss":0.0,"gold_gain":0.0,"event_name":"Back to Basics","player_choice":"Simplicity","floor":21.0,"gold_loss":0.0,"damage_taken":0.0,"cards_upgraded":["Strike_G","Strike_G","Strike_G","Defend_G","Defend_G","Defend_G","Defend_G","Defend_G"]}],"is_beta":false,"boss_relics":[{"not_picked":["Runic Dome","Calling Bell"],"picked":"Empty Cage"}],"items_purged_floors":[],"is_endless":false,"potions_floor_spawned":[4,10,14,19,24],"killed_by":"Book of Stabbing","ascension_level":20}}