{"host":"b94931fzay7ri6da","time":1608115036,"event":{"mods":["AchievementEnabler","BaseMod","Colored Map","Colored Powertips","Downfall","Minty Spire (QoL Compilation)","Quick Restart","StSLib","SuperFastMode"],"gold_per_floor":[111,122,122,140,160,190,190,222,222,237,268,10,71,146,146,244,244,259,259,295,79,7,67,67,67,67,67,197,210,210,210,210],"floor_reached":31,"playtime":1036,"items_purged":[],"score":390,"play_id":"3bc28548-6df4-4553-b529-51c73eaa75ea","local_time":"20201216103716","is_ascension_mode":true,"campfire_choices":[{"floor":7,"key":"REST"},{"floor":15,"key":"REST"},{"data":"Scrawl","floor":25,"key":"SMITH"},{"data":"Wish","floor":27,"key":"SMITH"}],"circlet_count":0,"master_deck":["Eruption+1","Vigilance","PathToVictory+1","SignatureMove","InnerPeace","SignatureMove","CutThroughFate","JustLucky","CutThroughFate","CrushJoints","Devotion","Tantrum","Wish+1","DeceiveReality","Indignation","MentalFortress","SignatureMove","FlurryOfBlows","LessonLearned+1","ForeignInfluence+1","FlurryOfBlows","ReachHeaven","Collect","TalkToTheHand+1","Scrawl+1","FollowUp+1","Prostrate","Necronomicurse"],"relics":["PureWater","NeowsBlessing","Pen Nib","Gremlin Horn","Matryoshka","Meat on the Bone","Mummified Hand","Pandora\u0027s Box","CultistMask","Vajra","Molten Egg 2","Singing Bowl","War Paint","Dead Branch","Bottled Lightning","Necronomicon"],"acts_visited":["Exordium","TheCity"],"potions_floor_usage":[6,28,28,28],"damage_taken":[{"damage":0,"enemies":"Small Slimes","floor":1,"turns":2},{"damage":0,"enemies":"2 Louse","floor":2,"turns":1},{"damage":0,"enemies":"Cultist","floor":4,"turns":1},{"damage":7,"enemies":"Blue Slaver","floor":5,"turns":3},{"damage":49,"enemies":"Gremlin Nob","floor":6,"turns":4},{"damage":14,"enemies":"3 Sentries","floor":8,"turns":3},{"damage":0,"enemies":"2 Fungi Beasts","floor":10,"turns":2},{"damage":0,"enemies":"Gremlin Nob","floor":11,"turns":2},{"damage":0,"enemies":"Slime Boss","floor":16,"turns":5},{"damage":29,"enemies":"Chosen","floor":18,"turns":5},{"damage":20,"enemies":"Spheric Guardian","floor":20,"turns":4},{"damage":0,"enemies":"Gremlin Leader","floor":23,"turns":4},{"damage":35,"enemies":"Colosseum Slavers","floor":28,"turns":3},{"damage":1,"enemies":"Colosseum Nobs","floor":28,"turns":2},{"damage":4,"enemies":"3 Cultists","floor":29,"turns":3},{"damage":29,"enemies":"Shelled Parasite and Fungi","floor":31,"turns":2}],"seed_played":"-3780487595976816279","potions_obtained":[{"floor":1,"key":"Energy Potion"},{"floor":4,"key":"AttackPotion"},{"floor":11,"key":"DistilledChaos"},{"floor":16,"key":"Fire Potion"},{"floor":23,"key":"Dexterity Potion"}],"is_trial":false,"path_per_floor":["M","M","?","M","M","E","R","E","T","M","E","$","?","?","R","B",null,"M","?","M","$","$","E","?","R","T","R","?","M","?","M"],"character_chosen":"WATCHER","items_purchased":["Mummified Hand","Vajra","ReachHeaven","Collect"],"campfire_rested":2,"item_purchase_floors":[12,21,21,22],"current_hp_per_floor":[72,72,72,72,65,16,37,23,23,23,23,23,23,12,33,45,72,43,43,35,35,35,47,47,47,47,47,35,43,27,0,0],"gold":210,"neow_bonus":"THREE_ENEMY_KILL","is_daily":false,"chose_seed":false,"campfire_upgraded":2,"win_rate":0.0,"timestamp":1608115036,"path_taken":["M","M","?","M","M","E","R","E","T","M","E","$","?","?","R","BOSS","M","?","M","?","$","E","?","R","T","R","?","M","?","?"],"items_purchased_type":["Relic","Relic","Card","Card"],"build_version":"2020-12-13","purchased_purges":0,"victory":false,"max_hp_per_floor":[72,72,72,72,72,72,72,72,72,72,72,72,72,72,72,72,72,72,72,72,72,72,72,72,72,72,72,72,72,72,72,72],"card_choices":[{"not_picked":["Vengeance","Adaptation"],"picked":"PathToVictory","floor":1},{"not_picked":["ClearTheMind","EmptyFist"],"picked":"SignatureMove","floor":2},{"not_picked":["JustLucky","WindmillStrike"],"picked":"InnerPeace","floor":4},{"not_picked":["BowlingBash","JustLucky"],"picked":"SignatureMove","floor":5},{"not_picked":["EmptyMind","FlyingSleeves"],"picked":"CutThroughFate","floor":6},{"not_picked":["FollowUp","SandsOfTime"],"picked":"JustLucky","floor":8},{"not_picked":["SashWhip","EmptyBody"],"picked":"CutThroughFate","floor":10},{"not_picked":["Indignation","Wallop"],"picked":"CrushJoints","floor":11},{"not_picked":["Judgement","Blasphemy"],"picked":"Devotion","floor":16},{"not_picked":["Vengeance","Conclude+1"],"picked":"ForeignInfluence","floor":18},{"not_picked":["ThirdEye","CarveReality"],"picked":"FlurryOfBlows","floor":20},{"not_picked":["Fasting2","CutThroughFate+1"],"picked":"TalkToTheHand+1","floor":23},{"not_picked":["EmptyBody","SashWhip+1"],"picked":"FollowUp+1","floor":28},{"not_picked":["Halt+1","ForeignInfluence"],"picked":"Prostrate","floor":29}],"player_experience":301927,"relics_obtained":[{"floor":6,"key":"Pen Nib"},{"floor":8,"key":"Gremlin Horn"},{"floor":9,"key":"Matryoshka"},{"floor":11,"key":"Meat on the Bone"},{"floor":23,"key":"Molten Egg 2"},{"floor":26,"key":"Singing Bowl"},{"floor":26,"key":"War Paint"},{"floor":28,"key":"Dead Branch"},{"floor":28,"key":"Bottled Lightning"},{"floor":30,"key":"Necronomicon"}],"event_choices":[{"damage_healed":0,"gold_gain":0,"player_choice":"Grow","damage_taken":0,"max_hp_gain":0,"max_hp_loss":0,"event_name":"Living Wall","floor":3,"gold_loss":0,"cards_upgraded":["Eruption"]},{"damage_healed":0,"gold_gain":61,"player_choice":"Gained Gold","damage_taken":0,"max_hp_gain":0,"max_hp_loss":0,"event_name":"Golden Wing","floor":13,"gold_loss":0},{"damage_healed":0,"gold_gain":75,"player_choice":"Gather Gold","damage_taken":11,"max_hp_gain":0,"max_hp_loss":0,"event_name":"World of Goop","floor":14,"gold_loss":0},{"damage_healed":0,"gold_gain":0,"player_choice":"Trade","damage_taken":0,"relics_obtained":["CultistMask"],"max_hp_gain":0,"max_hp_loss":0,"event_name":"FaceTrader","floor":19,"gold_loss":0},{"damage_healed":0,"gold_gain":0,"player_choice":"Read","damage_taken":0,"max_hp_gain":0,"max_hp_loss":0,"event_name":"The Library","floor":24,"gold_loss":0,"cards_obtained":["Scrawl"]},{"damage_healed":0,"gold_gain":0,"player_choice":"Fight","damage_taken":0,"max_hp_gain":0,"max_hp_loss":0,"event_name":"Colosseum","floor":28,"gold_loss":0},{"damage_healed":0,"gold_gain":0,"player_choice":"Fought Nobs","damage_taken":0,"max_hp_gain":0,"max_hp_loss":0,"event_name":"Colosseum","floor":28,"gold_loss":0},{"damage_healed":0,"gold_gain":0,"player_choice":"Obtained Book","damage_taken":16,"max_hp_gain":0,"max_hp_loss":0,"event_name":"Cursed Tome","floor":30,"gold_loss":0}],"is_beta":false,"boss_relics":[{"not_picked":["Astrolabe","SacredBark"],"picked":"Pandora\u0027s Box"}],"items_purged_floors":[],"is_endless":false,"potions_floor_spawned":[1,4,11,16,20,23],"killed_by":"Shelled Parasite and Fungi","ascension_level":1}}