{"host":"yw3evqd6vz25gg9c","time":1608110445,"event":{"mods":["2.2 Compatiblity","BaseMod","Custom Start","Downfall","Minty Spire (QoL Compilation)","Replay The Spire","StSLib","slay the spire mod where everything is the same but ironclad has a cowboy hat"],"gold_per_floor":[199,211,64,64,64,77,77,77,97,97,272,272,47,65,75,178,178,178,178,278,278,278,278,278,278,310,324,359,369,369,387,387,407,510,510,510,610,610,628,628,206,206,131,146,171,171,43,43,61,81,81],"floor_reached":52,"playtime":4589,"items_purged":["Doubt","champ:Strike","Spreading Infection"],"score":865,"play_id":"9c0b4b0e-cde8-4016-b081-087cafd7afda","local_time":"20201216022045","is_ascension_mode":true,"campfire_choices":[{"data":"champ:Taunt","floor":1.0,"key":"SMITH"},{"data":"champ:Encircle","floor":5.0,"key":"SMITH"},{"data":"champ:AdrenalArmor","floor":8.0,"key":"SMITH"},{"data":"champ:GutPunch","floor":10.0,"key":"SMITH"},{"floor":22.0,"key":"REST"},{"data":"champ:EndlessRage","floor":24.0,"key":"SMITH"},{"data":"champ:Control","floor":36.0,"key":"SMITH"},{"data":"champ:BringItOn","floor":38.0,"key":"SMITH"},{"floor":43.0,"key":"RECALL"}],"circlet_count":0,"master_deck":["champ:Strike","champ:Strike","champ:Defend+1","champ:Defend","champ:Defend","champ:Execute","champ:Taunt+1","champ:Encircle+1","champ:RisingSlash","champ:AdrenalArmor+1","champ:GutPunch+1","champ:BringItOn+1","champ:Backstep","champ:BringItOn","champ:Encircle","champ:EndlessRage+1","champ:CrookedStrike","champ:Control+1","CurseOfTheBell","expansioncontent:LastStand","champ:EnGarde+1","J.A.X.+1","champ:HeartStrike","champ:Shatter","champ:DefensiveShout+1","champ:AdrenalArmor+1","champ:CrookedStrike+1","champ:Circumvent+1","champ:RageSigil+1","champ:BerserkerStyle","champ:BerserkerStyle","champ:FanOfKnives+1","champ:Aggression+1","champ:VampiricStrike","champ:Aggression+1"],"relics":["champ:ChampionCrown","HornCleat","Quantum Egg","BargainBundle","Calling Bell","Nunchaku","Toxic Egg 2","Lizard Tail","MutagenicStrength","Counterbalance","Matryoshka","Mirror","Replay:Wax Seal","Regal Pillow","Ring of Chaos","Lantern","Oddly Smooth Stone","Meat on the Bone","downfall:HeartBlessingGreen","Durian","ReplayTheSpireMod:Ring of Addiction","White Beast Statue","Potion Belt","Lee\u0027s Waffle","ReplayTheSpireMod:Lightbulb"],"acts_visited":["Exordium","TheCity","TheBeyond"],"potions_floor_usage":[45,49,51,51,51,51],"damage_taken":[{"damage":9.0,"enemies":"Cultist","floor":2.0,"turns":3.0},{"damage":18.0,"enemies":"downfall:FleeingMerchant","floor":3.0,"turns":4.0},{"damage":8.0,"enemies":"2 Louse","floor":6.0,"turns":3.0},{"damage":12.0,"enemies":"Jaw Worm","floor":9.0,"turns":2.0},{"damage":31.0,"enemies":"downfall:FleeingMerchant","floor":13.0,"turns":4.0},{"damage":20.0,"enemies":"Exordium Thugs","floor":14.0,"turns":3.0},{"damage":17.0,"enemies":"3 Louse","floor":15.0,"turns":3.0},{"damage":27.0,"enemies":"downfall:Silent","floor":16.0,"turns":8.0},{"damage":54.0,"enemies":"downfall:Augmenter","floor":20.0,"turns":6.0},{"damage":0.0,"enemies":"Chosen","floor":21.0,"turns":1.0},{"damage":29.0,"enemies":"Book of Stabbing","floor":26.0,"turns":5.0},{"damage":20.0,"enemies":"Shell Parasite","floor":27.0,"turns":3.0},{"damage":45.0,"enemies":"Replay:Snechameleon","floor":28.0,"turns":5.0},{"damage":43.0,"enemies":"3 Cultists","floor":29.0,"turns":4.0},{"damage":17.0,"enemies":"Snake Plant","floor":31.0,"turns":4.0},{"damage":41.0,"enemies":"Centurion and Healer","floor":33.0,"turns":4.0},{"damage":75.0,"enemies":"downfall:Defect","floor":34.0,"turns":9.0},{"damage":49.0,"enemies":"3 Shapes","floor":39.0,"turns":5.0},{"damage":26.0,"enemies":"downfall:FleeingMerchant","floor":41.0,"turns":4.0},{"damage":12.0,"enemies":"Orb Walker","floor":44.0,"turns":2.0},{"damage":89,"enemies":"Giant Head","floor":45,"turns":8},{"damage":5,"enemies":"downfall:FleeingMerchant","floor":47,"turns":4},{"damage":32,"enemies":"Spire Growth","floor":49,"turns":4},{"damage":47,"enemies":"Jaw Worm Horde","floor":50,"turns":3},{"damage":64,"enemies":"downfall:Watcher","floor":51,"turns":10}],"seed_played":"6480015183633530040","potions_obtained":[{"floor":14.0,"key":"ColorlessPotion"},{"floor":16.0,"key":"Venom Potion"},{"floor":26.0,"key":"EntropicBrew"},{"floor":28.0,"key":"champ:CounterPotion"},{"floor":29.0,"key":"Energy Potion"},{"floor":34.0,"key":"Fire Potion"},{"floor":39.0,"key":"champ:TechniquePotion"},{"floor":44.0,"key":"DistilledChaos"},{"floor":46,"key":"Dexterity Potion"},{"floor":46,"key":"PowerPotion"},{"floor":46,"key":"SteroidPotion"},{"floor":49,"key":"LiquidBronze"}],"is_trial":false,"path_per_floor":["R","M","$","T","R","M","T","R","M","R","?","?","$","M","M","B",null,"PTL","PTL","?","M","R","?","R","T","E","M","E","M","?","M","T","M","B",null,"R","?","R","M","?","$","T","R","M","E","?","$","?","M","M","B",null],"character_chosen":"THE_CHAMP","items_purchased":["champ:AdrenalArmor","champ:GutPunch","BargainBundle","champ:Encircle","Doom Potion","Reflective Coating","PowerPotion","champ:EndlessRage","champ:CrookedStrike","PanicButton","Lantern","Doom Potion","champ:BerserkerStyle","Lee\u0027s Waffle","ReplayTheSpireMod:Lightbulb"],"campfire_rested":1,"item_purchase_floors":[3,3,13,13,13,13,13,13,13,13,41,41,41,47,47],"current_hp_per_floor":[90,86,86,86,86,85,85,85,85,85,85,85,90,90,90,87,90,90,90,66,66,90,90,90,90,79,77,69,60,100,100,100,90,65,100,100,100,100,93,93,100,100,100,100,91,91,112,104,103,112,109],"gold":81,"neow_bonus":"HUNDRED_GOLD","is_daily":false,"chose_seed":false,"campfire_upgraded":7,"win_rate":0.0,"timestamp":1608110445,"path_taken":["R","M","$","?","R","M","T","R","?","R","?","?","?","M","M","BOSS","PTL","PTL","?","M","R","?","R","T","E","M","E","M","?","?","?","M","BOSS","R","?","R","?","?","?","T","R","M","E","?","$","?","M","M","BOSS"],"items_purchased_type":["Card","Card","Relic","Card","Potion","Potion","Potion","Card","Card","Card","Relic","Potion","Card","Relic","Relic"],"build_version":"2020-12-13","purchased_purges":3,"victory":true,"max_hp_per_floor":[90,90,90,90,90,90,90,90,90,90,90,90,90,90,90,90,90,90,90,90,90,90,90,90,90,90,90,90,90,100,100,100,100,100,100,100,100,100,100,100,100,100,100,100,105,105,112,112,112,112,112],"card_choices":[{"not_picked":["champ:CrookedStrike","champ:Haymaker"],"picked":"champ:Encircle","floor":2.0},{"not_picked":["champ:DefensiveShout","champ:FanOfKnives"],"picked":"champ:RisingSlash","floor":3.0},{"not_picked":["champ:BladeFlurry","champ:DancingMaster"],"picked":"champ:BringItOn","floor":6.0},{"not_picked":["champ:BladeFlurry","champ:GladiatorStyle"],"picked":"champ:Backstep","floor":9.0},{"not_picked":["champ:GladiatorsShout","champ:Circumvent"],"picked":"champ:BringItOn","floor":13.0},{"not_picked":["champ:Backstep","champ:EnGarde"],"picked":"champ:Control","floor":14.0},{"not_picked":["champ:CrookedStrike","champ:BringItOn","champ:Balance"],"picked":"SKIP","floor":15.0},{"not_picked":["champ:MurderStrike","champ:Improvising"],"picked":"champ:Devastate","floor":16.0},{"not_picked":[],"picked":"J.A.X.+1","floor":20.0},{"not_picked":["champ:GladiatorsShout+1","champ:BladeFlurry+1"],"picked":"champ:HeartStrike","floor":20.0},{"not_picked":["champ:RageSigil+1","champ:TornadoPunch"],"picked":"champ:Shatter","floor":21.0},{"not_picked":["champ:EndlessRage+1","champ:DeathBlow","champ:Devastate"],"picked":"SKIP","floor":26.0},{"not_picked":["champ:AdrenalArmor+1","champ:CrookedStrike+1"],"picked":"champ:DefensiveShout+1","floor":27.0},{"not_picked":["champ:FanOfKnives","champ:CrookedStrike+1","champ:DefensiveShout+1"],"picked":"SKIP","floor":28.0},{"not_picked":["champ:Duel","champ:Haymaker"],"picked":"champ:AdrenalArmor+1","floor":29.0},{"not_picked":["champ:TornadoPunch","champ:BladeFlurry","champ:SwordThrow"],"picked":"SKIP","floor":31.0},{"not_picked":["champ:FocusedGladiator+1","champ:DefensiveStyle"],"picked":"champ:CrookedStrike","floor":33.0},{"not_picked":["champ:SwordSigil+1","champ:AdrenalArmor+1"],"picked":"champ:Circumvent+1","floor":39.0},{"not_picked":["champ:ShieldSigil+1","champ:DeathBlow+1"],"picked":"champ:RageSigil+1","floor":41.0},{"not_picked":["champ:FightOn","champ:HeartStrike"],"picked":"champ:FanOfKnives+1","floor":44.0},{"not_picked":["champ:BringItOn+1","champ:ShieldSigil+1"],"picked":"champ:Aggression+1","floor":45},{"not_picked":["champ:Improvising","champ:SwordSigil+1"],"picked":"champ:VampiricStrike","floor":47},{"not_picked":["champ:CrookedStrike+1","champ:PerfectedStrike"],"picked":"champ:Aggression+1","floor":49},{"not_picked":["champ:BladeFlurry","champ:PerfectedStrike+1","champ:EnGarde+1"],"picked":"SKIP","floor":50}],"player_experience":147261,"relics_obtained":[{"floor":4.0,"key":"HornCleat"},{"floor":7.0,"key":"Quantum Egg"},{"floor":17.0,"key":"Nunchaku"},{"floor":17.0,"key":"Toxic Egg 2"},{"floor":17.0,"key":"Lizard Tail"},{"floor":20.0,"key":"MutagenicStrength"},{"floor":25.0,"key":"Counterbalance"},{"floor":26.0,"key":"Matryoshka"},{"floor":28.0,"key":"Mirror"},{"floor":32.0,"key":"Replay:Wax Seal"},{"floor":32.0,"key":"Regal Pillow"},{"floor":42.0,"key":"Oddly Smooth Stone"},{"floor":42.0,"key":"Meat on the Bone"},{"floor":45,"key":"Durian"},{"floor":46,"key":"ReplayTheSpireMod:Ring of Addiction"},{"floor":46,"key":"White Beast Statue"},{"floor":46,"key":"Potion Belt"}],"event_choices":[{"cards_removed":["champ:Devastate"],"damage_healed":30.0,"max_hp_gain":10.0,"max_hp_loss":0.0,"gold_gain":0.0,"event_name":"Bonfire Elementals","player_choice":"Offered Rare","floor":30.0,"gold_loss":0.0,"damage_taken":0.0},{"damage_healed":0.0,"max_hp_gain":0.0,"max_hp_loss":0.0,"gold_gain":0.0,"event_name":"Accursed Blacksmith","player_choice":"Forge","floor":40.0,"gold_loss":0.0,"damage_taken":0.0,"cards_upgraded":["champ:CrookedStrike"]}],"is_beta":false,"boss_relics":[{"not_picked":["SacredBark","ReplayTheSpireMod:DimensionalGlitch"],"picked":"Calling Bell"},{"not_picked":["Kintsugi","Fusion Hammer"],"picked":"Ring of Chaos"}],"items_purged_floors":[13,41,47],"is_endless":false,"potions_floor_spawned":[14,16,26,28,29,34,39,44,47,49,50],"ascension_level":1}}