{"host":"0cm5wy4nhuju7tij","time":1608103806,"event":{"mods":["2.2 Compatiblity","AchievementEnabler","BaseMod","Better Third Choice","BetterRewards","CCEM","Colored Powertips","Curses Come First","Custom Start","Displayed Cursed Tome","Downfall","Energized Spire","Filter the Spire","Fireblade Mod","Highlight Path","Minty Spire (QoL Compilation)","Permanent Neow","Railgun Mod","Robot Space Explorer","Shop Mod","Spicy Shops","StSLib","The Elementalist","The Mystic","The Servant 0.9.4"],"gold_per_floor":[117,133,102,116,134,134,164,174,174,174,174,174],"floor_reached":11,"playtime":665,"items_purged":[],"score":79,"play_id":"6ad50e2d-da67-4da1-8cb9-0c53f386ef26","local_time":"20201216023006","is_ascension_mode":true,"campfire_choices":[{"data":"Duplication","floor":6.0,"key":"SMITH"},{"floor":10.0,"key":"REST"}],"circlet_count":0,"master_deck":["Strike_S","Strike_S","Strike_S","Strike_S","Defend_S","Defend_S","Defend_S","Defend_S","KidneyShot","Exchange","Duplication+1","Ricochet","Advance","Ricochet","Rewind","SilverBlades","Misdirection"],"relics":["Uniform","betterThird:SlimedRelic","CCEMRelics:Francisca","Vajra"],"acts_visited":["Exordium"],"potions_floor_usage":[11],"damage_taken":[{"damage":0.0,"enemies":"Small Slimes","floor":1.0,"turns":4.0},{"damage":0.0,"enemies":"2 Louse","floor":2.0,"turns":2.0},{"damage":1.0,"enemies":"Jaw Worm","floor":4.0,"turns":6.0},{"damage":10.0,"enemies":"Lots of Slimes","floor":5.0,"turns":4.0},{"damage":26.0,"enemies":"3 Sentries","floor":7.0,"turns":5.0},{"damage":11.0,"enemies":"Large Slime","floor":8.0,"turns":6.0},{"damage":28,"enemies":"Gremlin Nob","floor":11,"turns":4}],"seed_played":"-110463715723917413","potions_obtained":[{"floor":2.0,"key":"DuplicationPotion"},{"floor":4.0,"key":"sneckomod:MuddlingPotion"},{"floor":5.0,"key":"LiquidBronze"},{"floor":8.0,"key":"SneckoOil"}],"is_trial":false,"path_per_floor":["M","M","?","M","M","R","E","M","T","R","E"],"character_chosen":"THE_SERVANT","items_purchased":[],"campfire_rested":1,"item_purchase_floors":[],"current_hp_per_floor":[65,65,54,53,43,43,17,6,6,25,0,0],"gold":174,"neow_bonus":"ONE_RANDOM_RARE_CARD","is_daily":false,"chose_seed":false,"campfire_upgraded":1,"win_rate":0.0,"timestamp":1608103806,"path_taken":["M","M","?","M","M","R","E","M","T","R","E"],"items_purchased_type":[],"build_version":"2020-12-13","purchased_purges":0,"victory":false,"max_hp_per_floor":[65,65,65,65,65,65,65,65,65,65,65,65],"card_choices":[{"not_picked":["Potential","Revamp"],"picked":"Ricochet","floor":1.0},{"not_picked":["ReturningBlade","Alleviate"],"picked":"Advance","floor":2.0},{"not_picked":["Alleviate","WasteNot"],"picked":"Ricochet","floor":4.0},{"not_picked":["Starlight","BottledTime"],"picked":"Rewind","floor":5.0},{"not_picked":["MurderousAura","Misdirection"],"picked":"SilverBlades","floor":7.0},{"not_picked":["Starlight","DoubleEdge"],"picked":"Misdirection","floor":8.0}],"player_experience":234822,"relics_obtained":[{"floor":7.0,"key":"CCEMRelics:Francisca"},{"floor":9.0,"key":"Vajra"}],"event_choices":[{"damage_healed":0.0,"max_hp_gain":0.0,"max_hp_loss":0.0,"gold_gain":0.0,"event_name":"betterThird:BetterGoop","player_choice":"Slimed","floor":3.0,"gold_loss":31.0,"damage_taken":11.0}],"is_beta":false,"boss_relics":[],"items_purged_floors":[],"is_endless":false,"potions_floor_spawned":[2,4,5,8],"killed_by":"Gremlin Nob","ascension_level":1}}