{"host":"63jn9lre6xij8k68","time":1608097544,"event":{"mods":["AchievementEnabler","BaseMod","Colored Map","DeckTracker","Minty Spire (QoL Compilation)","StSLib","SuperFastMode"],"gold_per_floor":[99,99,99,99,99,99,99,99,99,99,99,99,99,99,99,99,99,99,99,99,99,99,99],"floor_reached":22,"playtime":424,"items_purged":[],"score":273,"play_id":"777eb285-fa67-4a14-b0fb-68f66214f776","local_time":"20201216144544","is_ascension_mode":true,"campfire_choices":[{"floor":6,"key":"REST"},{"floor":8,"key":"REST"},{"floor":15,"key":"REST"}],"circlet_count":0,"master_deck":["Strike_R","Strike_R","Strike_R","Defend_R","Defend_R","Defend_R","Defend_R","Bash","Second Wind","Seeing Red","Body Slam","Cleave","Bludgeon","Impervious","Shrug It Off","Feel No Pain","True Grit"],"relics":["Ectoplasm","PreservedInsect","Singing Bowl","Anchor","Mark of Pain"],"acts_visited":["Exordium","TheCity"],"potions_floor_usage":[],"damage_taken":[{"damage":8,"enemies":"2 Louse","floor":1,"turns":3},{"damage":2,"enemies":"Jaw Worm","floor":2,"turns":3},{"damage":1,"enemies":"Cultist","floor":3,"turns":3},{"damage":27,"enemies":"Exordium Thugs","floor":5,"turns":5},{"damage":34,"enemies":"Gremlin Nob","floor":7,"turns":5},{"damage":13,"enemies":"Red Slaver","floor":11,"turns":3},{"damage":0,"enemies":"Blue Slaver","floor":14,"turns":3},{"damage":35,"enemies":"Hexaghost","floor":16,"turns":9},{"damage":20,"enemies":"Spheric Guardian","floor":18,"turns":4},{"damage":0,"enemies":"Shell Parasite","floor":19,"turns":3},{"damage":19,"enemies":"Centurion and Healer","floor":21,"turns":7},{"damage":30,"enemies":"Shelled Parasite and Fungi","floor":22,"turns":5}],"seed_played":"4500837184248809085","potions_obtained":[{"floor":3,"key":"SpeedPotion"},{"floor":5,"key":"EssenceOfSteel"},{"floor":7,"key":"CultistPotion"}],"is_trial":false,"path_per_floor":["M","M","M","?","M","R","E","R","T","$","M","T","?","M","R","B",null,"M","M","?","M","M"],"character_chosen":"IRONCLAD","items_purchased":[],"campfire_rested":3,"item_purchase_floors":[],"current_hp_per_floor":[64,62,61,50,23,47,13,37,37,37,26,26,26,28,53,18,68,48,48,48,29,0,0],"gold":99,"neow_bonus":"BOSS_RELIC","is_daily":false,"chose_seed":false,"campfire_upgraded":0,"win_rate":0.0,"timestamp":1608097544,"path_taken":["M","M","M","?","M","R","E","R","T","$","M","?","?","?","R","BOSS","M","M","?","M","M"],"items_purchased_type":[],"build_version":"2020-12-13","purchased_purges":0,"victory":false,"max_hp_per_floor":[80,80,80,80,80,80,80,80,80,80,82,82,82,84,84,84,84,84,84,84,84,84,84],"card_choices":[{"not_picked":["Flex","Headbutt"],"picked":"Second Wind","floor":1},{"not_picked":["Pommel Strike","Headbutt"],"picked":"Seeing Red","floor":2},{"not_picked":["Uppercut","Anger"],"picked":"Body Slam","floor":3},{"not_picked":["Flex","Heavy Blade"],"picked":"Cleave","floor":5},{"not_picked":["Warcry","Body Slam"],"picked":"Bludgeon","floor":7},{"not_picked":["Body Slam","Hemokinesis","Pommel Strike"],"picked":"Singing Bowl","floor":11},{"not_picked":["Burning Pact","Headbutt","Sentinel"],"picked":"Singing Bowl","floor":14},{"not_picked":["Corruption","Exhume"],"picked":"Impervious","floor":16},{"not_picked":["Cleave","Warcry"],"picked":"Shrug It Off","floor":18},{"not_picked":["Sword Boomerang","Second Wind"],"picked":"Feel No Pain","floor":19},{"not_picked":["Sever Soul","Thunderclap+1"],"picked":"True Grit","floor":21}],"player_experience":101994,"relics_obtained":[{"floor":7,"key":"PreservedInsect"},{"floor":9,"key":"Singing Bowl"},{"floor":12,"key":"Anchor"}],"event_choices":[{"damage_healed":0,"gold_gain":75,"player_choice":"Gather Gold","damage_taken":11,"max_hp_gain":0,"max_hp_loss":0,"event_name":"World of Goop","floor":4,"gold_loss":0},{"cards_removed":["Strike_R"],"damage_healed":0,"gold_gain":0,"player_choice":"Card Removal","damage_taken":0,"max_hp_gain":0,"max_hp_loss":0,"event_name":"Wheel of Change","floor":13,"gold_loss":0},{"cards_removed":["Strike_R"],"damage_healed":0,"gold_gain":0,"player_choice":"Purged","damage_taken":0,"max_hp_gain":0,"max_hp_loss":0,"event_name":"Purifier","floor":20,"gold_loss":0}],"is_beta":false,"boss_relics":[{"not_picked":["Fusion Hammer","Busted Crown"],"picked":"Mark of Pain"}],"items_purged_floors":[],"is_endless":false,"potions_floor_spawned":[3,5,7,18,21],"killed_by":"Shelled Parasite and Fungi","ascension_level":9}}