{"host":"cyh4fejqtcjbfr7k","time":1608102296,"event":{"mods":["2.2 Compatiblity","AchievementEnabler","BaseMod","Colored Map","Colored Powertips","DeckTracker","Downfall","Googly Eyes","Hubris","Infinite Spire","Minty Spire (QoL Compilation)","Replay The Spire","Shop Mod","StSLib","SuperFastMode","The Cursed","Unceasing Turn Reminder"],"gold_per_floor":[119,133,133,133,157,157,189,209,209,209,209,233,233,265,265,363,363,390,390,390,490,490,490,515,536,536,571,361,361,361,390,390,394,394],"floor_reached":33,"playtime":1255,"items_purged":[],"score":261,"play_id":"a60bf3d1-e3c5-444c-afb6-bba7f9e44be1","local_time":"20201216000456","is_ascension_mode":false,"campfire_choices":[{"data":"Eruption","floor":6,"key":"SMITH"},{"data":"PathToVictory","floor":13,"key":"SMITH"},{"floor":15,"key":"REST"},{"floor":23,"key":"REST"},{"floor":32,"key":"REST"}],"circlet_count":0,"master_deck":["Strike_P+1","Strike_P+1","Strike_P+1","Defend_P+1","Defend_P+1","Defend_P+1","Eruption+1","Vigilance","EmptyBody","PathToVictory+1","PathToVictory","Worship+1","PathToVictory","EmptyFist","Scrawl","Worship","LikeWater+1","Ragnarok+1","BattleHymn+1","DeceiveReality"],"relics":["PureWater","Replay:Bandana","ReplayFunnel","VioletLotus","Sozu","Golden Egg","Red Mask","Bag of Marbles","MerchantsRug","infinitespire:Beetle Shell"],"acts_visited":["Exordium","TheCity"],"potions_floor_usage":[14,16],"damage_taken":[{"damage":5,"enemies":"Jaw Worm","floor":1,"turns":6},{"damage":0,"enemies":"Cultist","floor":2,"turns":2},{"damage":1,"enemies":"2 Louse","floor":7,"turns":3},{"damage":0,"enemies":"Blue Slaver","floor":8,"turns":3},{"damage":9,"enemies":"3 Louse","floor":12,"turns":3},{"damage":33,"enemies":"3 Sentries","floor":14,"turns":9},{"damage":17,"enemies":"Hexaghost","floor":16,"turns":6},{"damage":29,"enemies":"3 Byrds","floor":18,"turns":7},{"damage":10,"enemies":"2 Thieves","floor":24,"turns":3},{"damage":13,"enemies":"Snake Plant","floor":25,"turns":3},{"damage":6,"enemies":"Masked Bandits","floor":27,"turns":5},{"damage":0,"enemies":"Colosseum Slavers","floor":29,"turns":4},{"damage":16,"enemies":"Book of Stabbing","floor":31,"turns":4},{"damage":64,"enemies":"Automaton","floor":33,"turns":6}],"seed_played":"-8125954293795314912","potions_obtained":[{"floor":1,"key":"Strength Potion"},{"floor":7,"key":"GamblersBrew"},{"floor":8,"key":"SkillPotion"},{"floor":14,"key":"FearPotion"}],"is_trial":false,"path_per_floor":["M","M","?","$","T","R","M","M","T","?","T","M","R","E","R","B",null,"M","?","?","?","AVR","R","M","M","T","?","$","?","?","E","R","B"],"character_chosen":"WATCHER","items_purchased":["Bag of Marbles","MerchantsRug","BattleHymn"],"campfire_rested":3,"item_purchase_floors":[28,28,28],"current_hp_per_floor":[74,74,74,74,74,74,73,73,73,73,73,64,64,31,54,37,79,50,35,35,35,35,60,50,37,37,31,31,31,31,15,40,0,0],"gold":394,"neow_bonus":"TEN_PERCENT_HP_BONUS","is_daily":false,"chose_seed":false,"campfire_upgraded":2,"win_rate":0.0,"timestamp":1608102296,"path_taken":["M","M","?","$","?","R","?","M","T","?","?","M","R","E","R","BOSS","M","?","?","?","AVR","R","M","?","T","?","$","?","?","E","R","BOSS"],"items_purchased_type":["Relic","Relic","Card"],"build_version":"2020-12-13","purchased_purges":0,"victory":false,"max_hp_per_floor":[79,79,79,79,79,79,79,79,79,79,79,79,79,79,79,79,79,79,84,84,84,84,84,84,84,84,84,84,84,84,84,84,84,84],"card_choices":[{"not_picked":["Nirvana","WreathOfFlame","SignatureMove"],"picked":"SKIP","floor":1},{"not_picked":["Wireheading","Protect"],"picked":"EmptyBody","floor":2},{"not_picked":["ThirdEye","Protect"],"picked":"PathToVictory","floor":7},{"not_picked":["BowlingBash","WreathOfFlame"],"picked":"PathToVictory","floor":8},{"not_picked":["Omniscience","WindmillStrike"],"picked":"PathToVictory","floor":12},{"not_picked":["FlyingSleeves","SashWhip"],"picked":"EmptyFist","floor":14},{"not_picked":["Brilliance","MasterReality"],"picked":"Scrawl","floor":16},{"not_picked":["SashWhip","Collect"],"picked":"Worship","floor":18},{"not_picked":["Replay:ManipulateFuture+1","Replay:BluntJabs"],"picked":"LikeWater+1","floor":24},{"not_picked":["SashWhip","EmptyMind","Replay:BluntJabs+1"],"picked":"SKIP","floor":25},{"not_picked":["JustLucky","Replay:BluntJabs"],"picked":"Ragnarok","floor":27},{"not_picked":["WaveOfTheHand","Conclude"],"picked":"DeceiveReality","floor":31}],"player_experience":582096,"relics_obtained":[{"floor":5,"key":"Replay:Bandana"},{"floor":9,"key":"infinitespire:Eraser"},{"floor":11,"key":"ReplayFunnel"},{"floor":14,"key":"Replay:PocketPolymizer"},{"floor":26,"key":"Golden Egg"},{"floor":27,"key":"Red Mask"},{"floor":31,"key":"infinitespire:Beetle Shell"}],"event_choices":[{"cards_removed":["Strike_P"],"damage_healed":0,"gold_gain":0,"player_choice":"Offered Basic","damage_taken":0,"max_hp_gain":0,"max_hp_loss":0,"event_name":"Bonfire Elementals","floor":3,"gold_loss":0},{"damage_healed":0,"gold_gain":0,"player_choice":"Shed Blood","damage_taken":20,"max_hp_gain":5,"max_hp_loss":0,"event_name":"Forgotten Altar","floor":19,"gold_loss":0},{"damage_healed":0,"gold_gain":0,"player_choice":"Simplicity","damage_taken":0,"max_hp_gain":0,"max_hp_loss":0,"event_name":"Back to Basics","floor":20,"gold_loss":0,"cards_upgraded":["Strike_P","Strike_P","Strike_P","Defend_P","Defend_P","Defend_P"]},{"damage_healed":0,"gold_gain":100,"player_choice":"Pray","damage_taken":0,"max_hp_gain":0,"max_hp_loss":0,"event_name":"Golden Shrine","floor":21,"gold_loss":0},{"damage_healed":0,"gold_gain":0,"player_choice":"Fought Bandits","damage_taken":0,"max_hp_gain":0,"max_hp_loss":0,"event_name":"Masked Bandits","floor":27,"gold_loss":0},{"damage_healed":0,"gold_gain":0,"player_choice":"Fight","damage_taken":0,"max_hp_gain":0,"max_hp_loss":0,"event_name":"Colosseum","floor":29,"gold_loss":0},{"damage_healed":0,"gold_gain":0,"player_choice":"Fled From Nobs","damage_taken":0,"max_hp_gain":0,"max_hp_loss":0,"event_name":"Colosseum","floor":29,"gold_loss":0},{"damage_healed":0,"gold_gain":0,"player_choice":"Ignored","damage_taken":0,"max_hp_gain":0,"max_hp_loss":0,"event_name":"Vampires","floor":30,"gold_loss":0}],"is_beta":false,"boss_relics":[{"not_picked":["hubris:VirtuousBlindfold","Replay:Bronze Core"],"picked":"VioletLotus"}],"items_purged_floors":[],"is_endless":false,"potions_floor_spawned":[1,7,8,14,24,25,27,31],"killed_by":"Automaton","ascension_level":0}}