{"host":"rl3s470f8onwqc1s","time":1608124921,"event":{"mods":["Act Like it!","BaseMod","Dota2Spire","Gold Saver","Minty Spire (QoL Compilation)","MostiFishMod","Shop Mod","StSLib","TestMod","óô»ðÖ¸ÄÏ"],"gold_per_floor":[1925,1940,1020,1033,1033,1068,1068,1093,1164,1182,1182,1457,1469,1500,1500,1627,1627,1645,1645,1136,1146,1156,1183,1183,1214,1238,1238,1270,184,194,194,194,322,322,332,239,260,272,283,317,58,58,58,78,111,159,187,187,187,188,189,189,189,33,63,65],"floor_reached":57,"playtime":2704,"items_purged":["Strike_B","Regret","Defragment"],"score":3936,"play_id":"6660d3a9-ddb1-484c-9f6e-850eae396459","local_time":"20201216212201","is_ascension_mode":true,"campfire_choices":[{"data":"MostiFishMod:STOP","floor":7.0,"key":"SMITH"},{"data":"Recycle","floor":11.0,"key":"SMITH"},{"data":"MostiFishMod:GatherIntelligence","floor":15.0,"key":"SMITH"},{"data":"MostiFishMod:DawningShadow","floor":24.0,"key":"SMITH"},{"data":"Heatsinks","floor":27.0,"key":"SMITH"},{"floor":32.0,"key":"RECALL"},{"data":"MostiFishMod:UniBlue","floor":42.0,"key":"SMITH"},{"data":"Defragment","floor":49.0,"key":"SMITH"},{"data":"Reboot","floor":53.0,"key":"SMITH"}],"circlet_count":0,"master_deck":["AscendersBane","Strike_B","Strike_B","Defend_B+1","Defend_B","Defend_B","Defend_B","Zap","Dualcast","MostiFishMod:FrostNova","MostiFishMod:WinterMarkForm","White Noise","Defragment+1","Recycle+1","MostiFishMod:STOP+1","MostiFishMod:GatherIntelligence+1","Coolheaded+1","MostiFishMod:Tomorrow+1","Heatsinks+1","Skim+1","MostiFishMod:DawningShadow+1","MostiFishMod:ActiveDefenseSystem","MostiFishMod:UniBlue+1","MostiFishMod:KingOfFree+1","MostiFishMod:Prepare","MostiFishMod:IntelligentEquipment+1","Glacier+1","Reboot+1","Defend_B+1","MostiFishMod:SeaWaves+1"],"relics":["testmod-TestBox","DaveBox","testmod-AscensionHeart","FrostBlade","ShadowXiaoBlade","Question Card","Dota2Spire:Dagon","Dota2Spire:UrnOfShadows","testmod-IntensifyImprint","Anchor","Singing Bowl","Matryoshka","ImportantClient","xbg","Dota2Spire:ArmletOfMordiggian","HornCleat","Mummified Hand","Dota2Spire:LinkenSphere","Boot","Dota2Spire:ArcaneBoots","Regal Pillow","Dota2Spire:MonkeyKingBar","Calipers","ChiLing","Chi","Ling","Busted Crown","Dota2Spire:DrumOfEndurance","Pen Nib","Bottled Tornado","Omamori","War Paint","Gambling Chip","Dota2Spire:MagicBottle","Dota2Spire:ShadowBlade","DataDisk"],"acts_visited":["Exordium","TheCity","TheBeyond","TheEnding"],"potions_floor_usage":[],"damage_taken":[{"damage":6.0,"enemies":"2 Louse","floor":1.0,"turns":2.0},{"damage":0.0,"enemies":"Small Slimes","floor":2.0,"turns":1.0},{"damage":0.0,"enemies":"Cultist","floor":4.0,"turns":1.0},{"damage":0.0,"enemies":"Gremlin Nob","floor":6.0,"turns":2.0},{"damage":0.0,"enemies":"Lagavulin","floor":8.0,"turns":3.0},{"damage":0.0,"enemies":"Exordium Wildlife","floor":10.0,"turns":2.0},{"damage":0.0,"enemies":"Gremlin Gang","floor":13.0,"turns":1.0},{"damage":12.0,"enemies":"3 Sentries","floor":14.0,"turns":3.0},{"damage":28.0,"enemies":"Hexaghost","floor":16.0,"turns":4.0},{"damage":11.0,"enemies":"Shell Parasite","floor":18.0,"turns":5.0},{"damage":0.0,"enemies":"3 Byrds","floor":21.0,"turns":3.0},{"damage":0.0,"enemies":"Snecko","floor":22.0,"turns":2.0},{"damage":0.0,"enemies":"Slavers","floor":23.0,"turns":4.0},{"damage":0.0,"enemies":"Book of Stabbing","floor":25.0,"turns":2.0},{"damage":0.0,"enemies":"Slavers","floor":28.0,"turns":3.0},{"damage":0.0,"enemies":"Centurion and Healer","floor":30.0,"turns":1.0},{"damage":1.0,"enemies":"Collector","floor":33.0,"turns":3.0},{"damage":0.0,"enemies":"3 Darklings","floor":35.0,"turns":4.0},{"damage":2.0,"enemies":"Orb Walker","floor":37.0,"turns":2.0},{"damage":3.0,"enemies":"Sphere and 2 Shapes","floor":38.0,"turns":2.0},{"damage":1.0,"enemies":"Jaw Worm Horde","floor":39.0,"turns":2.0},{"damage":3.0,"enemies":"Reptomancer","floor":40.0,"turns":2.0},{"damage":1.0,"enemies":"Transient","floor":44.0,"turns":2.0},{"damage":0.0,"enemies":"Giant Head","floor":45.0,"turns":2.0},{"damage":0.0,"enemies":"2 Orb Walkers","floor":46.0,"turns":1.0},{"damage":0.0,"enemies":"Nemesis","floor":47.0,"turns":1.0},{"damage":0.0,"enemies":"Donu and Deca","floor":50.0,"turns":2.0},{"damage":0.0,"enemies":"Awakened One","floor":51.0,"turns":3.0},{"damage":0.0,"enemies":"Shield and Spear","floor":55.0,"turns":2.0},{"damage":1,"enemies":"The Heart","floor":56,"turns":4}],"seed_played":"-2349888254692115540","potions_obtained":[{"floor":6.0,"key":"FocusPotion"},{"floor":21.0,"key":"Explosive Potion"},{"floor":31.0,"key":"testmod-SpacePotion"},{"floor":31.0,"key":"SmokeBomb"},{"floor":33.0,"key":"Dota2Spire:Clarity"},{"floor":39.0,"key":"DistilledChaos"},{"floor":44.0,"key":"Dexterity Potion"},{"floor":46.0,"key":"FairyPotion"}],"is_trial":false,"path_per_floor":["M","M","$","M","?","E","R","E","T","M","R","?","M","E","R","B",null,"M","?","$","M","M","E","R","E","T","R","E","R","M","?","R","B",null,"M","?","M","M","M","E","$","R","T","M","E","?","E","?","R","B","B",null,"R","$","E","B",null],"character_chosen":"DEFECT","items_purchased":["Dota2Spire:Dagon","Dota2Spire:UrnOfShadows","Defragment","FairyPotion","Dota2Spire:ArmletOfMordiggian","Heatsinks","Skim","HornCleat","Dota2Spire:MonkeyKingBar","Calipers","ChiLing","MostiFishMod:KingOfFree","testmod-SpacePotion","Bottled Tornado","Dota2Spire:ShadowBlade","Swift Potion"],"campfire_rested":0,"item_purchase_floors":[3,3,3,3,20,20,20,20,29,29,29,29,41,41,54,54],"current_hp_per_floor":[59,60,60,61,58,60,60,62,62,63,63,63,64,62,62,52,74,72,93,93,95,97,98,98,99,99,99,100,100,100,100,100,105,105,107,107,107,107,110,112,115,115,115,116,117,119,122,122,122,127,132,132,132,132,133,138],"gold":65,"neow_bonus":"BOSS_RELIC","is_daily":false,"chose_seed":false,"campfire_upgraded":8,"win_rate":0.0,"timestamp":1608124921,"path_taken":["M","M","$","M","?","E","R","E","T","M","R","?","?","E","R","BOSS","M","?","$","?","M","E","R","E","T","R","E","R","M","?","R","BOSS","M","?","M","M","M","E","?","R","T","M","E","?","E","?","R","BOSS","BOSS","R","$","E","BOSS"],"items_purchased_type":["Relic","Relic","Card","Potion","Relic","Card","Card","Relic","Relic","Relic","Relic","Card","Potion","Relic","Relic","Potion"],"build_version":"2020-12-13","purchased_purges":3,"victory":true,"max_hp_per_floor":[71,71,71,71,71,72,72,73,73,73,73,73,73,76,76,81,81,83,93,93,95,97,98,98,99,99,99,100,100,100,100,100,105,105,107,107,109,111,113,116,116,116,116,116,117,119,122,122,122,127,132,132,132,132,133,138],"card_choices":[{"not_picked":["Rebound","Steam"],"picked":"White Noise","floor":1.0},{"not_picked":["Fusion","Melter","Reinforced Body"],"picked":"Defragment","floor":2.0},{"not_picked":["Ball Lightning","Gash","Coolheaded"],"picked":"Recycle","floor":4.0},{"not_picked":["MostiFishMod:FourSeasons","MostiFishMod:ATRI","MostiFishMod:Nova"],"picked":"MostiFishMod:STOP","floor":6.0},{"not_picked":["Electrodynamics","MostiFishMod:ATRI","MostiFishMod:PushDownKick"],"picked":"MostiFishMod:GatherIntelligence","floor":8.0},{"not_picked":["Scrape","Genetic Algorithm","Ball Lightning"],"picked":"Coolheaded","floor":10.0},{"not_picked":["Cold Snap","Barrage","Streamline"],"picked":"MostiFishMod:FluxCapactior","floor":13.0},{"not_picked":["MostiFishMod:STOP","MostiFishMod:FluxCapactior","Biased Cognition","MostiFishMod:ATRI"],"picked":"Singing Bowl","floor":14.0},{"not_picked":["Core Surge","MostiFishMod:FourSeasons","MostiFishMod:STOP"],"picked":"MostiFishMod:Tomorrow","floor":16.0},{"not_picked":["MostiFishMod:ReprogramOld","Steam","Gash","Compile Driver"],"picked":"Singing Bowl","floor":18.0},{"not_picked":["Redo","Hologram","FTL","Beam Cell"],"picked":"Singing Bowl","floor":21.0},{"not_picked":["Conserve Battery","Rip and Tear+1","Barrage","Rebound"],"picked":"Singing Bowl","floor":22.0},{"not_picked":["All For One","MostiFishMod:IceShield","MostiFishMod:FourSeasons"],"picked":"MostiFishMod:DawningShadow","floor":23.0},{"not_picked":["Creative AI","Buffer","MostiFishMod:UniBlue"],"picked":"MostiFishMod:ActiveDefenseSystem","floor":25.0},{"not_picked":["MostiFishMod:ActiveDefenseSystem","MostiFishMod:GoodWordForIt","Buffer"],"picked":"MostiFishMod:UniBlue","floor":28.0},{"not_picked":["Chill","Sunder","Steam"],"picked":"MostiFishMod:Prepare","floor":30.0},{"not_picked":["Reboot","Meteor Strike","Electrodynamics"],"picked":"MostiFishMod:IntelligentEquipment","floor":33.0},{"not_picked":["Rebound","Leap"],"picked":"Singing Bowl","floor":35.0},{"not_picked":["Loop","Beam Cell"],"picked":"Singing Bowl","floor":37.0},{"not_picked":["Sweeping Beam","Turbo"],"picked":"Singing Bowl","floor":38.0},{"not_picked":["Cold Snap","Rebound"],"picked":"Singing Bowl","floor":39.0},{"not_picked":["MostiFishMod:Distribution","MostiFishMod:GatherIntelligence"],"picked":"Singing Bowl","floor":40.0},{"not_picked":["Scrape+1"],"picked":"Glacier","floor":44.0},{"not_picked":["MostiFishMod:UniBlue"],"picked":"Reboot","floor":45.0},{"not_picked":["FTL","Turbo"],"picked":"Singing Bowl","floor":46.0},{"not_picked":["MostiFishMod:Hijack","MostiFishMod:LinkProtocol"],"picked":"Singing Bowl","floor":47.0},{"not_picked":["Multi-Cast"],"picked":"MostiFishMod:SeaWaves","floor":55.0}],"player_experience":1288795,"relics_obtained":[{"floor":1.0,"key":"Question Card"},{"floor":6.0,"key":"testmod-IntensifyImprint"},{"floor":8.0,"key":"Anchor"},{"floor":9.0,"key":"Singing Bowl"},{"floor":14.0,"key":"Matryoshka"},{"floor":16.0,"key":"ImportantClient"},{"floor":23.0,"key":"Mummified Hand"},{"floor":25.0,"key":"Dota2Spire:LinkenSphere"},{"floor":26.0,"key":"Boot"},{"floor":26.0,"key":"Dota2Spire:ArcaneBoots"},{"floor":28.0,"key":"Regal Pillow"},{"floor":40.0,"key":"Pen Nib"},{"floor":43.0,"key":"Omamori"},{"floor":45.0,"key":"War Paint"},{"floor":46.0,"key":"Gambling Chip"},{"floor":47.0,"key":"Dota2Spire:MagicBottle"},{"floor":55.0,"key":"DataDisk"}],"event_choices":[{"cards_removed":["Strike_B"],"damage_healed":0.0,"max_hp_gain":0.0,"max_hp_loss":0.0,"gold_gain":0.0,"event_name":"Golden Wing","player_choice":"Card Removal","floor":5.0,"gold_loss":0.0,"damage_taken":7.0},{"damage_healed":0.0,"max_hp_gain":0.0,"max_hp_loss":0.0,"gold_gain":275.0,"event_name":"Golden Shrine","player_choice":"Desecrate","floor":12.0,"gold_loss":0.0,"damage_taken":0.0,"cards_obtained":["Regret"]},{"cards_removed":["MostiFishMod:FluxCapactior"],"damage_healed":11.0,"max_hp_gain":10.0,"max_hp_loss":0.0,"gold_gain":0.0,"event_name":"Bonfire Elementals","player_choice":"Offered Rare","floor":19.0,"gold_loss":0.0,"damage_taken":0.0},{"damage_healed":0.0,"max_hp_gain":0.0,"max_hp_loss":0.0,"gold_gain":0.0,"event_name":"Lab","player_choice":"Got Potions","floor":31.0,"gold_loss":0.0,"damage_taken":0.0},{"damage_healed":0.0,"max_hp_gain":0.0,"max_hp_loss":0.0,"gold_gain":0.0,"event_name":"WeMeetAgain","player_choice":"Paid Gold","floor":36.0,"gold_loss":93.0,"damage_taken":0.0,"relics_obtained":["Dota2Spire:DrumOfEndurance"]},{"damage_healed":0.0,"max_hp_gain":0.0,"max_hp_loss":0.0,"gold_gain":0.0,"event_name":"Mysterious Sphere","player_choice":"Fight","floor":46.0,"gold_loss":0.0,"damage_taken":0.0},{"damage_healed":0.0,"max_hp_gain":0.0,"max_hp_loss":0.0,"gold_gain":0.0,"event_name":"Duplicator","player_choice":"Copied","floor":48.0,"gold_loss":0.0,"damage_taken":0.0,"cards_obtained":["Defend_B"]}],"is_beta":false,"boss_relics":[{"not_picked":["TakeMeEscape","Velvet Choker"],"picked":"xbg"},{"not_picked":["PatriotShield","RhineFirstAidKit"],"picked":"Busted Crown"}],"items_purged_floors":[3,20,29],"is_endless":false,"potions_floor_spawned":[6,8,10,21,28,33,35,39,44,46],"ascension_level":20}}