{"host":"hz5hj4ftqeo22kw2","time":1608142732,"event":{"mods":["BaseMod","Better Third Choice","Jorbs\u0027s Wanderer Trilogy","Minty Spire (QoL Compilation)","Permanent Neow","RNG Fix","Relic Stats","StSLib","everything is the same but u backflip on backflip","slay the spire mod where everything is the same but ironclad has a cowboy hat"],"gold_per_floor":[114,114,126,139,152,152,152,152],"floor_reached":7,"playtime":368,"items_purged":[],"score":80,"play_id":"ee97531a-16b9-4dd5-a13a-15f1cc9a71bd","local_time":"20201216131852","is_ascension_mode":true,"campfire_choices":[{"floor":6,"key":"REST"}],"circlet_count":0,"master_deck":["AscendersBane","Strike_P","Strike_P","Strike_P","Strike_P","Defend_P","Defend_P","Defend_P","Defend_P","Eruption","Vigilance","DeusExMachina","Wireheading+1","CrushJoints","EmptyMind"],"relics":["PureWater"],"acts_visited":["Exordium"],"potions_floor_usage":[7],"damage_taken":[{"damage":8,"enemies":"Small Slimes","floor":1,"turns":3},{"damage":9,"enemies":"2 Louse","floor":3,"turns":4},{"damage":2,"enemies":"Jaw Worm","floor":4,"turns":3},{"damage":11,"enemies":"3 Louse","floor":5,"turns":6},{"damage":0,"enemies":"3 Sentries","floor":7,"turns":1}],"seed_played":"-2794363655576168454","potions_obtained":[{"floor":4,"key":"GamblersBrew"},{"floor":5,"key":"SkillPotion"}],"is_trial":false,"path_per_floor":["M","?","M","M","M","R","E"],"character_chosen":"WATCHER","items_purchased":[],"campfire_rested":1,"item_purchase_floors":[],"current_hp_per_floor":[53,53,44,42,31,51,51,51],"gold":152,"neow_bonus":"ONE_RANDOM_RARE_CARD","is_daily":false,"chose_seed":false,"campfire_upgraded":0,"win_rate":0.0,"timestamp":1608142732,"path_taken":["M","?","M","M","?","R","E"],"items_purchased_type":[],"build_version":"2020-12-13","purchased_purges":0,"victory":false,"max_hp_per_floor":[68,68,68,68,68,68,68,68],"relic_stats":{"counters":[5,17],"obtain_stats":[{"PureWater":0},{"PureWater":0},{"PureWater":0}]},"card_choices":[{"not_picked":["BowlingBash","WaveOfTheHand"],"picked":"Wireheading","floor":1},{"not_picked":["FlyingSleeves","Adaptation"],"picked":"CrushJoints","floor":3},{"not_picked":["CutThroughFate","MentalFortress"],"picked":"EmptyMind","floor":4},{"not_picked":["Prostrate","LikeWater","EmptyBody"],"picked":"SKIP","floor":5}],"player_experience":420602,"relics_obtained":[],"event_choices":[{"damage_healed":0,"gold_gain":0,"player_choice":"Grow","damage_taken":0,"max_hp_gain":0,"max_hp_loss":0,"event_name":"Living Wall","floor":2,"gold_loss":0,"cards_upgraded":["Wireheading"]}],"is_beta":false,"boss_relics":[],"items_purged_floors":[],"is_endless":false,"potions_floor_spawned":[4,5],"killed_by":"3 Sentries","ascension_level":17}}