{"host":"ipcfr4ajj2jkxvg7","time":1608123226,"event":{"mods":["BaseMod","Colored Powertips","GifTheSpireLib","Marisa（F雨　魔理沙）","Minty Spire (QoL Compilation)","Quick Restart","Remilia（蕾米莉亚）","Replay The Spire","RumiaBox-露米娅的神秘盒子","StSLib"],"gold_per_floor":[113,113,38,38,49,77,88,115,115,46,66,99,113,131,131,230,230,243,259,0,0,100,100,127,2,28,28,46,46,46],"floor_reached":29,"playtime":761,"items_purged":["Injury","Defend_MRS","Clumsy"],"score":439,"play_id":"65e6f91e-ab87-4811-a67d-90f07e566e4c","local_time":"20201216205346","is_ascension_mode":true,"campfire_choices":[{"data":"DeepEcoloBomb","floor":15.0,"key":"SMITH"},{"data":"EnergyFlow","floor":23.0,"key":"SMITH"},{"floor":27.0,"key":"REST"}],"circlet_count":0,"master_deck":["Strike_MRS","Strike_MRS","Strike_MRS","Strike_MRS","Defend_MRS","Defend_MRS","Defend_MRS","MasterSpark","UpSweep","PowerUp","EnergyFlow+1","DeepEcoloBomb+1","PowerUp","UltimateShortwave","PropBag","OrrerysSun"],"relics":["MiniHakkero","NeowsBlessing","AddBug","SecretRecord","SecretRecord","SecretRecord","SecretRecord"],"acts_visited":["Exordium","TheCity"],"potions_floor_usage":[29],"damage_taken":[{"damage":0.0,"enemies":"Small Slimes","floor":1.0,"turns":1.0},{"damage":0.0,"enemies":"Jaw Worm","floor":5.0,"turns":1.0},{"damage":0.0,"enemies":"Lagavulin","floor":6.0,"turns":1.0},{"damage":1.0,"enemies":"Cultist","floor":7.0,"turns":3.0},{"damage":20.0,"enemies":"3 Sentries","floor":8.0,"turns":7.0},{"damage":8.0,"enemies":"Blue Slaver","floor":11.0,"turns":2.0},{"damage":8.0,"enemies":"Gremlin Nob","floor":12.0,"turns":3.0},{"damage":2.0,"enemies":"2 Fungi Beasts","floor":13.0,"turns":3.0},{"damage":5.0,"enemies":"Gremlin Gang","floor":14.0,"turns":3.0},{"damage":0.0,"enemies":"Fading Forest","floor":16.0,"turns":11.0},{"damage":27.0,"enemies":"3 Byrds","floor":18.0,"turns":4.0},{"damage":0.0,"enemies":"Shell Parasite","floor":19.0,"turns":1.0},{"damage":22.0,"enemies":"Replay:Snechameleon","floor":24.0,"turns":5.0},{"damage":1.0,"enemies":"3 Cultists","floor":28.0,"turns":5.0},{"damage":33,"enemies":"Slavers","floor":29,"turns":4}],"seed_played":"-4798765051823116357","potions_obtained":[{"floor":5.0,"key":"ColorlessPotion"},{"floor":7.0,"key":"Strength Potion"},{"floor":11.0,"key":"Ancient Potion"},{"floor":12.0,"key":"SkillPotion"},{"floor":16.0,"key":"SpeedPotion"},{"floor":18.0,"key":"Adrenaline Potion"},{"floor":19.0,"key":"Elixir"}],"is_trial":false,"path_per_floor":["M","?","$","?","M","E","M","E","T","$","M","E","M","M","R","B",null,"M","M","$","?","?","R","E","$","T","R","M","E"],"character_chosen":"MARISA","items_purchased":["DeepEcoloBomb","PropBag","OrrerysSun"],"campfire_rested":1,"item_purchase_floors":[10,20,20],"current_hp_per_floor":[68,68,68,68,68,68,67,47,47,47,39,31,29,24,24,32,64,37,37,37,37,37,37,15,15,15,37,36,3,3],"gold":46,"neow_bonus":"THREE_ENEMY_KILL","is_daily":false,"chose_seed":false,"campfire_upgraded":2,"win_rate":0.0,"timestamp":1608123226,"path_taken":["M","?","$","?","M","E","M","E","T","?","M","E","?","M","R","BOSS","M","M","$","?","?","R","E","$","T","R","M","E"],"items_purchased_type":["Card","Card","Card"],"build_version":"2020-12-13","purchased_purges":3,"victory":false,"max_hp_per_floor":[75,75,75,75,75,75,75,75,75,75,75,75,75,75,75,75,75,75,75,75,75,75,75,75,75,75,75,75,75,75],"card_choices":[{"not_picked":["MilkyWay","WitchLeyline"],"picked":"PowerUp","floor":1.0},{"not_picked":["DoubleSpark","WitchOfGreed"],"picked":"EnergyFlow","floor":5.0},{"not_picked":["MagicChant","ShootingEcho","IllusionStar"],"picked":"SKIP","floor":6.0},{"not_picked":["ShootingEcho","OortCloud","MagicChant"],"picked":"SKIP","floor":7.0},{"not_picked":["DC","ChargeUpSpray","AlicesGift"],"picked":"SKIP","floor":8.0},{"not_picked":["UnstableBomb","BlazeAway","NonDirectionalLaser"],"picked":"SKIP","floor":11.0},{"not_picked":["EnergyRecoil","EscapeVelocity","UnstableBomb"],"picked":"SKIP","floor":12.0},{"not_picked":["6A","AsteroidBelt","GravityBeat"],"picked":"SKIP","floor":13.0},{"not_picked":["DoubleSpark","GravityBeat"],"picked":"PowerUp","floor":14.0},{"not_picked":["TreasureHunter","BlazingStar"],"picked":"UltimateShortwave","floor":16.0},{"not_picked":["FairyDestructionRay","ShootingEcho","DC"],"picked":"SKIP","floor":18.0},{"not_picked":["UnstableBomb","MeteoricShower+1","ShootingEcho"],"picked":"SKIP","floor":19.0},{"not_picked":["MysteriousBeam+1","OneTimeOff","6A"],"picked":"SKIP","floor":24.0},{"not_picked":["OpenUniverse","IllusionStar","DragonMeteor"],"picked":"SKIP","floor":28.0}],"player_experience":375810,"relics_obtained":[{"floor":1.0,"key":"AddBug"},{"floor":4.0,"key":"Ring of Panic"},{"floor":4.0,"key":"Ring of Misfortune"},{"floor":6.0,"key":"Replay:Bottled Flurry"},{"floor":8.0,"key":"GodSword6"},{"floor":9.0,"key":"Letter Opener"},{"floor":11.0,"key":"SecretRecord"},{"floor":12.0,"key":"Darkstone Periapt"},{"floor":13.0,"key":"SecretRecord"},{"floor":24.0,"key":"SecretRecord"},{"floor":24.0,"key":"Quantum Egg"},{"floor":26.0,"key":"Ccalipers"}],"event_choices":[{"damage_healed":0.0,"max_hp_gain":0.0,"max_hp_loss":0.0,"gold_gain":0.0,"event_name":"Golden Idol","player_choice":"Take Wound","floor":2.0,"gold_loss":0.0,"damage_taken":0.0,"relics_obtained":["Golden Idol"],"cards_obtained":["Injury"]},{"damage_healed":0.0,"max_hp_gain":0.0,"max_hp_loss":0.0,"gold_gain":100.0,"event_name":"Golden Shrine","player_choice":"Pray","floor":22.0,"gold_loss":0.0,"damage_taken":0.0}],"is_beta":false,"boss_relics":[{"not_picked":["EasyGame_NEW","Runic Dome"],"picked":"Coffee Dripper"}],"items_purged_floors":[3,20,25],"is_endless":false,"potions_floor_spawned":[5,7,11,12,16,18,19],"killed_by":"Slavers","ascension_level":6}}