{"host":"j5gdvqtwmxqn6tw6","time":1608131245,"event":{"mods":["BaseMod","Colored Map","Colored Powertips","Downfall","Minty Spire (QoL Compilation)","Replay The Spire","StSLib","SuperFastMode"],"gold_per_floor":[199,216,226,226,252,271,271,271,271,271,271,283,294,310,323,421,421,421,436,446,446,459,459,534,587,605,605,623,72,72,72,82,185,185,185,185,217,230,248,248,272,291,291,326,346,346,43,54,69,109],"floor_reached":51,"playtime":7257,"items_purged":["Guardian:Defend_Guardian"],"score":815,"play_id":"b72986b7-3292-4d0e-9e68-9f83fb2644c1","local_time":"20201216160725","is_ascension_mode":false,"campfire_choices":[{"data":"Guardian:ShieldSpikes","floor":4,"key":"SMITH"},{"data":"Guardian:TimeBomb","floor":8,"key":"SMITH"},{"data":"Guardian:TwinSlam","floor":10,"key":"SMITH"},{"data":"Guardian:BaubleBeam","floor":18,"key":"SMITH"},{"data":"Guardian:SpikerProtocol","floor":21,"key":"SMITH"},{"data":"Guardian:EvasiveProtocol","floor":27,"key":"SMITH"},{"floor":35,"key":"DIG"},{"data":"Guardian:ShieldCharger","floor":40,"key":"SMITH"},{"data":"Guardian:RollAttack","floor":43,"key":"SMITH"}],"circlet_count":0,"master_deck":["Guardian:Strike_Guardian","Guardian:Strike_Guardian","Guardian:Defend_Guardian+1","Guardian:Defend_Guardian+1","Guardian:Defend_Guardian+1","Guardian:CurlUp","Guardian:TwinSlam+1","Guardian:ShieldSpikes+1","Guardian:RollAttack+1","Guardian:TimeBomb+1","Guardian:EvasiveProtocol+1","Guardian:SpikerProtocol+1","Guardian:BaubleBeam+1","Guardian:ChargeUp+1","Guardian:ShieldCharger+1","Guardian:Gem_Lightblue","Guardian:WalkerClaw+1"],"relics":["Guardian:ModeShifter","Ice Cream","Gambling Chip","Snack Pack","Busted Crown","downfall:KnowingSkull","Ornamental Fan","Bronze Scales","Replay:Bottled Eggs","Lantern","Coffee Dripper","Mercury Hourglass","Lizard Tail","Oddly Smooth Stone","Centennial Puzzle","ReplayTheSpireMod:TigerMarble","Sling"],"acts_visited":["Exordium","TheCity","TheBeyond"],"potions_floor_usage":[5,16,25,26,33,33,33,37,39,44,50,50,50],"damage_taken":[{"damage":0,"enemies":"Cultist","floor":2,"turns":4},{"damage":0,"enemies":"Jaw Worm","floor":3,"turns":6},{"damage":25,"enemies":"Gremlin Nob","floor":5,"turns":5},{"damage":0,"enemies":"Small Slimes","floor":6,"turns":5},{"damage":2,"enemies":"Blue Slaver","floor":12,"turns":4},{"damage":0,"enemies":"2 Fungi Beasts","floor":13,"turns":3},{"damage":5,"enemies":"Large Slime","floor":14,"turns":4},{"damage":8,"enemies":"Exordium Wildlife","floor":15,"turns":4},{"damage":42,"enemies":"downfall:Ironclad","floor":16,"turns":14},{"damage":14,"enemies":"Spheric Guardian","floor":19,"turns":5},{"damage":17,"enemies":"Chosen","floor":20,"turns":5},{"damage":5,"enemies":"Shelled Parasite and Fungi","floor":22,"turns":7},{"damage":3,"enemies":"Cultist and Chosen","floor":25,"turns":5},{"damage":0,"enemies":"3 Cultists","floor":26,"turns":4},{"damage":15,"enemies":"Centurion and Healer","floor":28,"turns":8},{"damage":0,"enemies":"downfall:FleeingMerchant","floor":29,"turns":4},{"damage":0,"enemies":"Shelled Parasite and Fungi","floor":32,"turns":3},{"damage":0,"enemies":"downfall:Watcher","floor":33,"turns":8},{"damage":10,"enemies":"Reptomancer","floor":37,"turns":6},{"damage":7,"enemies":"Orb Walker","floor":38,"turns":4},{"damage":11,"enemies":"3 Shapes","floor":39,"turns":4},{"damage":0,"enemies":"Sphere and 2 Shapes","floor":42,"turns":5},{"damage":12,"enemies":"R_Hoarder","floor":44,"turns":9},{"damage":0,"enemies":"3 Darklings","floor":45,"turns":4},{"damage":0,"enemies":"downfall:FleeingMerchant","floor":47,"turns":4},{"damage":0,"enemies":"Transient","floor":48,"turns":5},{"damage":0,"enemies":"Sphere and 2 Shapes","floor":49,"turns":4},{"damage":37,"enemies":"downfall:Defect","floor":50,"turns":9}],"seed_played":"2987356879154627471","potions_obtained":[{"floor":2,"key":"SteroidPotion"},{"floor":13,"key":"LiquidBronze"},{"floor":16,"key":"Explosive Potion"},{"floor":19,"key":"Elixir"},{"floor":22,"key":"SpeedPotion"},{"floor":28,"key":"EntropicBrew"},{"floor":33,"key":"FearPotion"},{"floor":38,"key":"DuplicationPotion"},{"floor":44,"key":"DistilledChaos"},{"floor":48,"key":"PowerPotion"},{"floor":49,"key":"CultistPotion"}],"is_trial":false,"path_per_floor":["R_BF","M","M","R","E","M","T","R","?","R","?","M","M","M","M","B",null,"R","M","M","R","M","?","T","M","M","R","M","$","?","T","M","B",null,"R_BF","?","E","M","M","R","T","M","R","E","M","?","$","M","M","B",null],"character_chosen":"GUARDIAN","items_purchased":["Bronze Scales","Guardian:BronzeArmor","Replay:Bottled Eggs","ReplayTheSpireMod:TigerMarble","Sling"],"campfire_rested":0,"item_purchase_floors":[29,29,29,47,47],"current_hp_per_floor":[88,88,88,88,63,63,63,63,63,63,63,61,61,56,48,6,88,88,74,57,57,52,44,44,43,43,43,32,34,34,34,34,38,88,88,88,78,71,62,62,62,62,62,58,58,58,58,62,64,33],"gold":109,"neow_bonus":"TEN_PERCENT_HP_BONUS","is_daily":false,"chose_seed":false,"campfire_upgraded":8,"win_rate":0.0,"timestamp":1608131245,"path_taken":["R_BF","M","?","R","E","M","T","R","?","R","?","M","M","?","M","BOSS","R","M","?","R","M","?","T","?","M","R","M","?","?","?","M","BOSS","R_BF","?","E","M","M","R","T","M","R","E","M","?","$","M","M","BOSS"],"items_purchased_type":["Relic","Card","Relic","Relic","Relic"],"build_version":"2020-12-13","purchased_purges":1,"victory":true,"max_hp_per_floor":[88,88,88,88,88,88,88,88,88,88,88,88,88,88,88,88,88,88,88,88,88,88,88,88,88,88,88,88,88,88,88,88,88,88,88,88,88,88,88,88,88,88,88,88,88,88,88,88,88,88],"card_choices":[{"not_picked":["Guardian:GuardianWhirl","Guardian:PrimingBeam"],"picked":"Guardian:ShieldSpikes","floor":2},{"not_picked":["Guardian:Incinerate","Guardian:ChargeCore"],"picked":"Guardian:RollAttack","floor":3},{"not_picked":["Guardian:MultiBeam","Guardian:TemporalStrike"],"picked":"Guardian:Gem_Cyan","floor":5},{"not_picked":["Guardian:WalkerClaw","Guardian:RollAttack"],"picked":"Guardian:TimeBomb","floor":6},{"not_picked":["Guardian:Reroute","Guardian:Gem_Cyan"],"picked":"Guardian:EvasiveProtocol","floor":12},{"not_picked":["Guardian:MultiBeam","Guardian:BronzeArmor"],"picked":"Guardian:Gem_Green","floor":13},{"not_picked":["Guardian:Planning","Guardian:Gem_Red"],"picked":"Guardian:SpikerProtocol","floor":14},{"not_picked":["Guardian:PrismaticBarrier","Guardian:PiercingHide"],"picked":"Guardian:Gem_Synthetic","floor":15},{"not_picked":["Guardian:TimeSifter","Guardian:FastForward"],"picked":"Guardian:BaubleBeam","floor":16},{"not_picked":[],"picked":"Guardian:Gem_Lightblue","floor":19},{"not_picked":["Guardian:ChargeCore+1"],"picked":"SKIP","floor":20},{"not_picked":["Guardian:ShieldCharger"],"picked":"SKIP","floor":22},{"not_picked":["Guardian:TemporalShield"],"picked":"SKIP","floor":25},{"not_picked":["Guardian:Gem_White"],"picked":"SKIP","floor":26},{"not_picked":["Guardian:WalkerClaw"],"picked":"SKIP","floor":28},{"not_picked":["Guardian:TemporalShield"],"picked":"SKIP","floor":29},{"not_picked":[],"picked":"Guardian:ChargeUp+1","floor":32},{"not_picked":[],"picked":"Guardian:ShieldCharger","floor":37},{"not_picked":["Guardian:GuardianWhirl+1"],"picked":"SKIP","floor":38},{"not_picked":[],"picked":"Guardian:Gem_Green","floor":39},{"not_picked":[],"picked":"Guardian:Gem_Lightblue","floor":42},{"not_picked":[],"picked":"Guardian:WalkerClaw+1","floor":44},{"not_picked":["Guardian:PiercingHide"],"picked":"SKIP","floor":45},{"not_picked":["Guardian:Gem_Green"],"picked":"SKIP","floor":47},{"not_picked":["Guardian:Clone+1"],"picked":"SKIP","floor":48},{"not_picked":["Guardian:Suspension"],"picked":"SKIP","floor":49}],"player_experience":33172,"relics_obtained":[{"floor":5,"key":"Ice Cream"},{"floor":7,"key":"Gambling Chip"},{"floor":24,"key":"Ornamental Fan"},{"floor":31,"key":"Lantern"},{"floor":35,"key":"Mercury Hourglass"},{"floor":37,"key":"Lizard Tail"},{"floor":41,"key":"Oddly Smooth Stone"},{"floor":44,"key":"Centennial Puzzle"}],"event_choices":[{"cards_removed":["Guardian:Strike_Guardian"],"damage_healed":0,"gold_gain":0,"player_choice":"Purged","damage_taken":0,"max_hp_gain":0,"max_hp_loss":0,"event_name":"Purifier","floor":11,"gold_loss":0},{"cards_removed":["Guardian:Strike_Guardian"],"damage_healed":0,"gold_gain":0,"player_choice":"Elegance","damage_taken":0,"max_hp_gain":0,"max_hp_loss":0,"event_name":"Back to Basics","floor":30,"gold_loss":0},{"cards_removed":["Guardian:BronzeArmor"],"damage_healed":0,"gold_gain":0,"player_choice":"Removed Skill","damage_taken":0,"max_hp_gain":0,"max_hp_loss":0,"event_name":"Falling","floor":36,"gold_loss":0}],"is_beta":false,"boss_relics":[{"not_picked":["Painkiller Herb","Replay:Ancient Bell"],"picked":"Busted Crown"},{"not_picked":["Velvet Choker","Abe\u0027s Treasure"],"picked":"Coffee Dripper"}],"items_purged_floors":[29],"is_endless":false,"potions_floor_spawned":[2,13,16,19,22,28,33,38,44,48,49],"ascension_level":0}}