{"host":"4pmzrw6j7p9u06vv","time":1608150298,"event":{"mods":["BaseMod","BetterRewards","Downfall","Hermit","MarisaÅiñ∂âJÅ@ñÇóùçπÅj","Minty Spire (QoL Compilation)","Replay The Spire","StSLib","The Jungle"],"gold_per_floor":[115,131,131,6,6,33,33,33,33,33,47,65,81,96,96,96,96],"floor_reached":16,"playtime":573,"items_purged":["Strike_R"],"score":102,"play_id":"67b8c43a-8ecb-47f5-8bb7-3f0a289da6e1","local_time":"20201216172458","is_ascension_mode":false,"campfire_choices":[{"floor":8,"key":"REST"},{"floor":15,"key":"REST"}],"circlet_count":0,"master_deck":["Strike_R","Strike_R","Strike_R+1","Strike_R+1","Defend_R","Defend_R+1","Defend_R","Defend_R+1","Bash","Double Tap","Inflame"],"relics":["Burning Blood","White Beast Statue","War Paint","GremlinMask"],"acts_visited":["Exordium"],"potions_floor_usage":[6,14,16,16],"damage_taken":[{"damage":1,"enemies":"2 Louse","floor":1,"turns":3},{"damage":3,"enemies":"Small Slimes","floor":2,"turns":3},{"damage":34,"enemies":"Lagavulin","floor":6,"turns":6},{"damage":0,"enemies":"Cultist","floor":11,"turns":3},{"damage":15,"enemies":"Gremlin Gang","floor":12,"turns":6},{"damage":19,"enemies":"Blue Slaver","floor":13,"turns":4},{"damage":0,"enemies":"Looter","floor":14,"turns":3},{"damage":43,"enemies":"Slime Boss","floor":16,"turns":9}],"seed_played":"-8940940543388482136","potions_obtained":[{"floor":6,"key":"LifebloodPotion"},{"floor":11,"key":"Ancient Potion"},{"floor":12,"key":"Ancient Potion"},{"floor":13,"key":"Dexterity Potion"},{"floor":14,"key":"Weak Potion"}],"is_trial":false,"path_per_floor":["M","M","?","$","?","E","$","R","T","?","M","M","M","M","R","B"],"character_chosen":"IRONCLAD","items_purchased":["SkillPotion"],"campfire_rested":2,"item_purchase_floors":[4],"current_hp_per_floor":[61,64,48,48,36,8,8,32,32,32,38,29,16,22,46,3,3],"gold":96,"neow_bonus":"THREE_RARE_CARDS","is_daily":false,"chose_seed":false,"campfire_upgraded":0,"win_rate":0.0,"timestamp":1608150298,"path_taken":["M","M","?","$","?","E","$","R","T","?","?","M","?","M","R","BOSS"],"items_purchased_type":["Potion"],"build_version":"2020-12-13","purchased_purges":1,"victory":false,"max_hp_per_floor":[80,80,80,80,80,80,80,80,80,80,80,80,80,80,80,80,80],"card_choices":[{"not_picked":["Demonic Infusion","Berserk"],"picked":"Double Tap","floor":0},{"not_picked":["Armaments","Replay:Undeath\u0027s Touch","Clash"],"picked":"SKIP","floor":1},{"not_picked":["Cleave","Dark Embrace","Replay:Undeath\u0027s Touch"],"picked":"SKIP","floor":2},{"not_picked":["Twin Strike","Juggernaut"],"picked":"Inflame","floor":6},{"not_picked":["Battle Trance","ReplayTheSpireMod:Limb From Limb","Massacre"],"picked":"SKIP","floor":11},{"not_picked":["Clash","Anger","Abandon"],"picked":"SKIP","floor":12},{"not_picked":["Pommel Strike","True Grit","Bloodletting"],"picked":"SKIP","floor":13},{"not_picked":["True Grit","Thunderclap","Warcry"],"picked":"SKIP","floor":14}],"player_experience":35514,"relics_obtained":[{"floor":6,"key":"War Paint"}],"event_choices":[{"damage_healed":0,"gold_gain":0,"player_choice":"Entered Light","damage_taken":16,"max_hp_gain":0,"max_hp_loss":0,"event_name":"Shining Light","floor":3,"gold_loss":0,"cards_upgraded":["Strike_R","Strike_R"]},{"damage_healed":0,"gold_gain":0,"player_choice":"Success","damage_taken":12,"relics_obtained":["White Beast Statue"],"max_hp_gain":0,"max_hp_loss":0,"event_name":"Scrap Ooze","floor":5,"gold_loss":0},{"damage_healed":0,"gold_gain":0,"player_choice":"Trade","damage_taken":0,"relics_obtained":["GremlinMask"],"max_hp_gain":0,"max_hp_loss":0,"event_name":"FaceTrader","floor":10,"gold_loss":0}],"is_beta":false,"boss_relics":[],"items_purged_floors":[4],"is_endless":false,"potions_floor_spawned":[6,11,12,13,14],"killed_by":"Slime Boss","ascension_level":0}}