{"host":"sgwqwgbtco1nn2mb","time":1608124500,"event":{"mods":["Act Like it!","BaseMod","Gensokyo","KinomotoSakuraMod(木之本樱)","Marisa（F雨　魔理沙）","Minty Spire (QoL Compilation)","MostiFishMod","Quick Restart","Remilia（蕾米莉亚）","Replay The Spire","RumiaBox-露米娅的神秘盒子","StSLib","Youmu（魂魄妖梦）","Yuyuko","【功能Mod】混沌之环修复补丁"],"gold_per_floor":[109,109,128,139,152,152,181,181,205,225,245,85,85,85,110,130,130,233,233,253,253,265,280,280,315,315,333,405,107,107,107,107],"floor_reached":31,"playtime":1267,"items_purged":["Strike_MRS"],"score":282,"play_id":"27a49dbc-7ead-414a-92fb-7b8b3a23f2ba","local_time":"20201216211500","is_ascension_mode":false,"campfire_choices":[{"data":"FinalSpark","floor":6.0,"key":"SMITH"},{"data":"MasterSpark","floor":8.0,"key":"SMITH"},{"floor":17.0,"key":"REST"},{"data":"UltimateShortwave","floor":26.0,"key":"SMITH"}],"circlet_count":0,"master_deck":["Strike_MRS","Strike_MRS","Defend_MRS","Defend_MRS+1","Defend_MRS+1","MasterSpark+1","UpSweep","MachineGunSpark","NonDirectionalLaser","FinalSpark+1","FairyDestructionRay","SuperPerseids","IllusionStar","MagicChant","StarBarrage","UltimateShortwave+1","MagicAbsorber","PowerUp","DoubleSpark","ManaConvection+1","DeepEcoloBomb","OneTimeOff"],"relics":["MiniHakkero","DaveBox","HollowDreamFlower","Question Card","Gensokyo:LunaticRedEyes","SSSystem","Gensokyo:Bombinomicon","Bag of Preparation","ImportantClient","Tiny Chest","Replay:Bottled Snecko","Oddly Smooth Stone","Sling"],"acts_visited":["Exordium","Gensokyo:Gensokyo"],"potions_floor_usage":[],"damage_taken":[{"damage":11.0,"enemies":"Gensokyo:Python","floor":1.0,"turns":3.0},{"damage":1.0,"enemies":"Gensokyo:3_Fairies","floor":3.0,"turns":3.0},{"damage":2.0,"enemies":"Gensokyo:2_Kodama","floor":4.0,"turns":2.0},{"damage":24.0,"enemies":"Gensokyo:5_Fairies","floor":5.0,"turns":5.0},{"damage":13.0,"enemies":"Gensokyo:Mamizou","floor":7.0,"turns":6.0},{"damage":12.0,"enemies":"Gensokyo:VengefulSpirit","floor":10.0,"turns":4.0},{"damage":3.0,"enemies":"Gensokyo:2_Rabbits","floor":11.0,"turns":3.0},{"damage":1.0,"enemies":"Gensokyo:5_Fairies","floor":16.0,"turns":3.0},{"damage":51.0,"enemies":"Gensokyo:Reimu","floor":18.0,"turns":8.0},{"damage":21.0,"enemies":"Gensokyo:3_Dogs","floor":20.0,"turns":3.0},{"damage":32.0,"enemies":"Gensokyo:AngelMirror","floor":22.0,"turns":4.0},{"damage":6.0,"enemies":"Gensokyo:Slime_Group","floor":23.0,"turns":5.0},{"damage":0.0,"enemies":"Gensokyo:Reisen","floor":25.0,"turns":4.0},{"damage":40,"enemies":"Gensokyo:Swordslinger","floor":27,"turns":3},{"damage":11,"enemies":"Gensokyo:Mirror_and_Dog","floor":31,"turns":1}],"seed_played":"829210334357068911","potions_obtained":[{"floor":5.0,"key":"Swift Potion"},{"floor":10.0,"key":"Energy Potion"},{"floor":16.0,"key":"GamblersBrew"},{"floor":20.0,"key":"SmokeBomb"},{"floor":23.0,"key":"ColorlessPotion"},{"floor":27,"key":"Elixir"}],"is_trial":false,"path_per_floor":["M","?","M","M","M","R","E","R","T","M","M","?","PTL","PTL","T","M","R","B",null,"M","?","M","M","?","E","R","M","T","$","?","M"],"character_chosen":"MARISA","items_purchased":["Oddly Smooth Stone","Sling"],"campfire_rested":1,"item_purchase_floors":[29,29],"current_hp_per_floor":[61,61,64,66,46,46,37,37,37,29,30,30,30,30,30,33,59,12,89,68,68,40,38,38,42,42,6,6,6,6,0,0],"gold":107,"neow_bonus":"TWENTY_PERCENT_HP_BONUS","is_daily":false,"chose_seed":false,"campfire_upgraded":3,"win_rate":0.0,"timestamp":1608124500,"path_taken":["M","?","?","M","M","R","E","R","T","M","M","?","PTL","PTL","?","M","R","BOSS","M","?","M","M","?","E","R","M","T","$","?","?"],"items_purchased_type":["Relic","Relic"],"build_version":"2020-12-13","purchased_purges":1,"victory":false,"max_hp_per_floor":[89,89,89,89,89,89,89,89,89,89,89,89,89,89,89,89,89,89,89,89,89,89,89,89,89,89,89,89,89,89,89,89],"card_choices":[{"not_picked":["GrandCross","GravityBeat"],"picked":"MachineGunSpark","floor":1.0},{"not_picked":["ShootingEcho","GravityBeat","GrandCross"],"picked":"NonDirectionalLaser","floor":3.0},{"not_picked":["NonDirectionalLaser","RefractionSpark","DarkMatter"],"picked":"FinalSpark","floor":4.0},{"not_picked":["GalacticHalo","UnstableBomb","GasGiant"],"picked":"FairyDestructionRay","floor":5.0},{"not_picked":["Acceleration","OortCloud","WitchLeyline"],"picked":"SuperPerseids","floor":7.0},{"not_picked":["GravityBeat","Acceleration","ChargingUp"],"picked":"IllusionStar","floor":10.0},{"not_picked":["GravityBeat","SporeBomb","MachineGunSpark"],"picked":"MagicChant","floor":11.0},{"not_picked":["Orbital","IllusionStar","WitchOfGreed"],"picked":"StarBarrage","floor":16.0},{"not_picked":["BinaryStars","AbsoluteMagnitude","StarDustReverie"],"picked":"UltimateShortwave","floor":18.0},{"not_picked":["ChargingUp","Singularity+1","OneTimeOff+1"],"picked":"MagicAbsorber","floor":20.0},{"not_picked":["SuperPerseids+1","MachineGunSpark","LuminesStrike"],"picked":"PowerUp","floor":22.0},{"not_picked":["IllusionStar+1","NonDirectionalLaser","LuminesStrike"],"picked":"DoubleSpark","floor":23.0},{"not_picked":["EnergyRecoil+1","MachineGunSpark","6A"],"picked":"ManaConvection+1","floor":25.0},{"not_picked":["WitchLeyline+1","ShootingEcho","Acceleration+1"],"picked":"DeepEcoloBomb","floor":27}],"player_experience":486047,"relics_obtained":[{"floor":1.0,"key":"Question Card"},{"floor":7.0,"key":"SSSystem"},{"floor":9.0,"key":"Simple Rune"},{"floor":15.0,"key":"Bag of Preparation"},{"floor":16.0,"key":"ImportantClient"},{"floor":25.0,"key":"Tiny Chest"},{"floor":28,"key":"Replay:Bottled Snecko"}],"event_choices":[],"is_beta":false,"boss_relics":[{"not_picked":["Kintsugi","OneHitWonderSystem","TakeMeEscape"]}],"items_purged_floors":[29],"is_endless":false,"potions_floor_spawned":[5,10,16,20,23,27],"killed_by":"Gensokyo:Mirror_and_Dog","ascension_level":0}}