{"host":"3lwutyfpza97k53s","time":1608100149,"event":{"mods":["A Magickal Journey","Act Like it!","BaseMod","BetterRewards","CapriCore","Clockwork Mod","Conspire","Dio Mod","Downfall","Hallownest","Hermit","Infinite Spire","Minty Spire (QoL Compilation)","Replay The Spire","Robot Space Explorer","Shade Mod","Shop Mod","StSLib","The Construct","The Immortal","The Judge","The Jungle","The Necromancer","TheVacant","TheWitcher"],"gold_per_floor":[112,132,132,145,145,145,145,145,145,160,160,172,172,172,172,272,272,283,301,301,318,233,266,266,266,266,266,231,231,231,231],"floor_reached":30,"playtime":1143,"items_purged":["Clockwork:Strike","Clockwork:Strike","Clockwork:Strike","Clockwork:Strike"],"score":504,"play_id":"000452ad-6740-4431-939d-7120ad95e0cd","local_time":"20201216002909","is_ascension_mode":true,"campfire_choices":[{"data":"Clockwork:Shield","floor":6,"key":"SMITH"},{"data":"Clockwork:Tinker","floor":7,"key":"SMITH"},{"data":"Clockwork:Shield","floor":8,"key":"SMITH"},{"data":"Clockwork:Shield","floor":11,"key":"SMITH"},{"data":"Clockwork:Improve","floor":13,"key":"SMITH"},{"data":"Clockwork:Shield","floor":15,"key":"SMITH"},{"floor":24,"key":"RECALL"},{"data":"Clockwork:Shield","floor":25,"key":"SMITH"},{"data":"Clockwork:RevUp","floor":29,"key":"SMITH"}],"circlet_count":0,"master_deck":["Clockwork:Shield","Clockwork:Shield","Clockwork:Shield","Clockwork:Shield","Clockwork:Tinker+1","Clockwork:WarmUp","Clockwork:Handicap","Clockwork:QuantumStrike+1","Clockwork:QuantumStrike+1","Clockwork:Improve+1","Clockwork:RevUp+1"],"relics":["Clockwork:MomentumEngine","conspire:InfiniteJournal","WingedGreaves","Shovel","Replay:Wax Seal","Juzu Bracelet","Art of War","Gambling Chip","Simple Rune","Replay:Towering Pillar of Hats","Membership Card","Sozu","Clockwork:QuicksilverHourglass","Strawberry","Regal Pillow","SnafuTest:BearRelic"],"acts_visited":["Exordium","TheCity"],"potions_floor_usage":[12],"damage_taken":[{"damage":18,"enemies":"infinitespire:Voidling","floor":1,"turns":6},{"damage":0,"enemies":"Jaw Worm","floor":2,"turns":5},{"damage":0,"enemies":"Cultist","floor":4,"turns":2},{"damage":2,"enemies":"conspire:2 RoseBushes","floor":10,"turns":9},{"damage":8,"enemies":"Large Slime","floor":12,"turns":8},{"damage":6,"enemies":"Slime Boss","floor":16,"turns":7},{"damage":44,"enemies":"conspire:FuzzyDice","floor":18,"turns":5},{"damage":21,"enemies":"3 Byrds","floor":19,"turns":4},{"damage":0,"enemies":"Centurion and Healer","floor":21,"turns":5},{"damage":10,"enemies":"conspire:SneckoGhost","floor":23,"turns":6},{"damage":8,"enemies":"Snake Plant","floor":30,"turns":2}],"seed_played":"-1788570889087945657","potions_obtained":[{"floor":10,"key":"DuplicationPotion"}],"is_trial":false,"path_per_floor":["M","M","?","M","?","R","R","R","T","M","R","M","R","?","R","B",null,"M","M","?","M","?","E","R","R","T","?","$","R","M"],"character_chosen":"CLOCKWORK","items_purchased":["Clockwork:QuantumStrike","Clockwork:QuantumStrike","Replay:Wax Seal","Juzu Bracelet","Art of War","Clockwork:SmithsMallet","Simple Rune","Membership Card","Clockwork:RevUp"],"campfire_rested":0,"item_purchase_floors":[0,0,0,0,0,0,0,0,28],"current_hp_per_floor":[29,29,34,34,25,25,25,25,25,23,23,15,15,15,15,9,70,26,5,5,5,12,2,2,2,2,2,2,2,0,0],"gold":231,"neow_bonus":"","is_daily":false,"chose_seed":false,"campfire_upgraded":8,"win_rate":0.0,"timestamp":1608100149,"path_taken":["M","M","?","M","?","R","R","R","T","M","R","M","R","?","R","BOSS","M","M","?","M","?","E","R","R","T","?","$","R","M"],"items_purchased_type":["Card","Card","Relic","Relic","Relic","Card","Relic","Relic","Card"],"build_version":"2020-12-13","purchased_purges":4,"victory":false,"max_hp_per_floor":[85,85,90,90,90,90,90,90,90,90,90,90,90,90,90,90,90,90,90,90,90,97,97,97,97,97,97,97,97,97,97],"card_choices":[{"not_picked":["Clockwork:AdaptiveShield","Clockwork:ChargingShield","Clockwork:Pluck"],"picked":"SKIP","floor":1},{"not_picked":["Clockwork:SystemScan","Clockwork:Downsize","Clockwork:AssemblyLine"],"picked":"SKIP","floor":2},{"not_picked":["Clockwork:SystemScan","Clockwork:Downsize","Clockwork:AssemblyLine"],"picked":"SKIP","floor":2},{"not_picked":["Clockwork:Roundhouse","Clockwork:AdaptiveCannon","Clockwork:SnapKeep"],"picked":"SKIP","floor":4},{"not_picked":["Clockwork:SnapKeep","Clockwork:TestingEnvironment"],"picked":"Clockwork:CraftMomentumEngine","floor":10},{"not_picked":["Clockwork:Pluck","Clockwork:Scour"],"picked":"Clockwork:Improve","floor":12},{"not_picked":["Clockwork:Halt","Clockwork:Randomization"],"picked":"Clockwork:CraftQuicksilverHourglass","floor":16},{"not_picked":["Clockwork:ReserveSystems+1","Clockwork:MechanicalBulk","Clockwork:SmithsMallet"],"picked":"SKIP","floor":18},{"not_picked":["Clockwork:MechanicalMass","Clockwork:AdaptiveCannon","Clockwork:TiltAWhirl"],"picked":"SKIP","floor":19},{"not_picked":["Clockwork:LogisticRegression","Clockwork:SystemScan","Clockwork:RitualDaggerMk0"],"picked":"SKIP","floor":21},{"not_picked":["Clockwork:PerfectedStrike+1","Clockwork:SearchingStrike+1","Clockwork:ChargingShield"],"picked":"SKIP","floor":23}],"player_experience":468525,"relics_obtained":[{"floor":23,"key":"Regal Pillow"},{"floor":26,"key":"SnafuTest:BearRelic"}],"event_choices":[{"damage_healed":0,"gold_gain":0,"player_choice":"Donut","damage_taken":0,"max_hp_gain":5,"max_hp_loss":0,"event_name":"Big Fish","floor":3,"gold_loss":0},{"damage_healed":0,"gold_gain":0,"player_choice":"Damaged","damage_taken":9,"max_hp_gain":0,"max_hp_loss":0,"event_name":"Wheel of Change","floor":5,"gold_loss":0},{"damage_healed":0,"gold_gain":0,"player_choice":"Simplicity","damage_taken":0,"max_hp_gain":0,"max_hp_loss":0,"event_name":"Back to Basics","floor":20,"gold_loss":0,"cards_upgraded":["Clockwork:Shield","Clockwork:Shield","Clockwork:Shield","Clockwork:Shield"]},{"damage_healed":0,"gold_gain":0,"player_choice":"Obtained Relic","damage_taken":0,"relics_obtained":["Strawberry"],"max_hp_gain":0,"max_hp_loss":0,"event_name":"Addict","floor":22,"gold_loss":85},{"damage_healed":0,"gold_gain":0,"player_choice":"Ignored","damage_taken":0,"max_hp_gain":0,"max_hp_loss":0,"event_name":"Ghosts","floor":27,"gold_loss":0}],"is_beta":false,"boss_relics":[{"not_picked":["Fusion Hammer","SacredBark","Runic Dome"]}],"items_purged_floors":[0,0,0,0],"is_endless":false,"potions_floor_spawned":[10,18,23],"killed_by":"Snake Plant","ascension_level":7}}