{"host":"q9718omregw4er46","time":1608152285,"event":{"mods":["BaseMod","Bestiary","Colored Powertips","Custom Start","Highlight Path","Minty Spire (QoL Compilation)","Practice Mode","Quick Restart","Relic Stats"],"gold_per_floor":[117,137,25,75,86,114,114,132,155,183,183,183,210,226,226,305,305,322,334,334,350,350,375,375,8,60,79,110,110,110],"floor_reached":29,"playtime":1028,"items_purged":["Strike_P","Defend_P"],"score":601,"play_id":"8370ee4d-1071-480f-ba88-6caa24eb3758","local_time":"20201217015805","is_ascension_mode":true,"campfire_choices":[{"data":"EmptyFist","floor":7.0,"key":"SMITH"},{"data":"Meditate","floor":11.0,"key":"SMITH"},{"data":"TalkToTheHand","floor":15.0,"key":"SMITH"},{"data":"LessonLearned","floor":24,"key":"SMITH"}],"circlet_count":0,"master_deck":["AscendersBane","Strike_P+1","Strike_P+1","Defend_P","Defend_P","Defend_P","Eruption+1","Vigilance","Consecrate","EmptyFist+1","CarveReality","FlurryOfBlows+1","Meditate+1","TalkToTheHand+1","LessonLearned+1","CutThroughFate","MentalFortress","EmptyMind+1","DevaForm"],"relics":["SlaversCollar","Orichalcum","Bag of Marbles","Omamori","Turnip","Cursed Key","Smiling Mask","Sling","Blood Vial","Ancient Tea Set"],"acts_visited":["Exordium","TheCity"],"potions_floor_usage":[19,19,28],"damage_taken":[{"damage":2.0,"enemies":"Jaw Worm","floor":1.0,"turns":5.0},{"damage":7.0,"enemies":"Cultist","floor":2.0,"turns":3.0},{"damage":10.0,"enemies":"Small Slimes","floor":5.0,"turns":4.0},{"damage":3.0,"enemies":"Gremlin Nob","floor":6.0,"turns":3.0},{"damage":0.0,"enemies":"Gremlin Gang","floor":8.0,"turns":3.0},{"damage":4.0,"enemies":"3 Sentries","floor":10.0,"turns":8.0},{"damage":0.0,"enemies":"Gremlin Nob","floor":13.0,"turns":2.0},{"damage":6.0,"enemies":"Large Slime","floor":14.0,"turns":3.0},{"damage":5.0,"enemies":"The Guardian","floor":16.0,"turns":8.0},{"damage":17.0,"enemies":"Chosen","floor":18.0,"turns":5.0},{"damage":0,"enemies":"Spheric Guardian","floor":19,"turns":4},{"damage":0,"enemies":"3 Cultists","floor":21,"turns":3},{"damage":3,"enemies":"Slavers","floor":23,"turns":6},{"damage":23,"enemies":"Snecko","floor":27,"turns":5},{"damage":15,"enemies":"Gremlin Leader","floor":28,"turns":5},{"damage":11,"enemies":"Snake Plant","floor":29,"turns":1}],"seed_played":"-8114225742689714727","potions_obtained":[{"floor":1.0,"key":"EssenceOfSteel"},{"floor":6.0,"key":"Block Potion"},{"floor":13.0,"key":"SteroidPotion"},{"floor":27,"key":"Weak Potion"}],"is_trial":false,"path_per_floor":["M","M","$","?","M","E","R","M","T","E","R","?","E","M","R","B",null,"M","M","?","M","?","E","R","$","T","M","E","M"],"character_chosen":"WATCHER","items_purchased":["CarveReality","Sling","MentalFortress","EmptyMind"],"campfire_rested":0,"item_purchase_floors":[3,25,25,25],"current_hp_per_floor":[59,52,52,52,42,39,39,39,39,35,35,35,35,29,29,24,57,40,40,40,40,40,37,37,37,37,16,3,0,0],"gold":110,"neow_bonus":"BOSS_RELIC","is_daily":false,"chose_seed":false,"campfire_upgraded":4,"win_rate":0.0,"timestamp":1608152285,"path_taken":["M","M","$","?","?","E","R","M","T","E","R","?","E","M","R","BOSS","M","?","?","M","?","E","R","$","T","?","E","M"],"items_purchased_type":["Card","Relic","Card","Card"],"build_version":"2020-12-13","purchased_purges":2,"victory":false,"max_hp_per_floor":[68,68,68,68,68,68,68,68,68,68,68,68,68,68,68,68,68,68,68,68,68,68,68,68,68,68,68,68,68,68],"relic_stats":{"Blood Vial":6,"counters":[16,68],"Turnip":[6],"Orichalcum":[60],"Cursed Key":1,"Smiling Mask":50,"obtain_stats":[{"Blood Vial":26,"SlaversCollar":0,"Turnip":13,"Bag of Marbles":9,"Omamori":10,"PureWater":0,"Orichalcum":6,"Cursed Key":17,"Smiling Mask":23,"Sling":25,"Ancient Tea Set":28},{"Blood Vial":13,"SlaversCollar":0,"Turnip":7,"Bag of Marbles":5,"Omamori":6,"PureWater":0,"Orichalcum":4,"Cursed Key":9,"Smiling Mask":13,"Sling":13,"Ancient Tea Set":15},{"Blood Vial":57,"SlaversCollar":0,"Turnip":28,"Bag of Marbles":18,"Omamori":26,"PureWater":0,"Orichalcum":15,"Cursed Key":39,"Smiling Mask":57,"Sling":57,"Ancient Tea Set":67}]},"card_choices":[{"not_picked":["Sanctity","Indignation"],"picked":"Consecrate","floor":1.0},{"not_picked":["ThirdEye","ClearTheMind"],"picked":"EmptyFist","floor":2.0},{"not_picked":["BowlingBash","Consecrate"],"picked":"FlurryOfBlows","floor":5.0},{"not_picked":["InnerPeace","Crescendo","SpiritShield"],"picked":"SKIP","floor":6.0},{"not_picked":["SashWhip","Crescendo"],"picked":"Meditate","floor":8.0},{"not_picked":["ClearTheMind","Vengeance","Ragnarok"],"picked":"SKIP","floor":10.0},{"not_picked":["WheelKick","Evaluate"],"picked":"TalkToTheHand","floor":13.0},{"not_picked":["Prostrate","Consecrate","ThirdEye"],"picked":"SKIP","floor":14.0},{"not_picked":["Wish","SpiritShield"],"picked":"LessonLearned","floor":16.0},{"not_picked":["Pray","EmptyFist","WreathOfFlame"],"picked":"SKIP","floor":18.0},{"not_picked":["FlurryOfBlows","BowlingBash","Protect"],"picked":"SKIP","floor":19},{"not_picked":["BowlingBash","Halt"],"picked":"CutThroughFate","floor":21},{"not_picked":["SashWhip","JustLucky","Worship"],"picked":"SKIP","floor":23},{"not_picked":["WheelKick","ClearTheMind"],"picked":"DevaForm","floor":27},{"not_picked":["Crescendo","CrushJoints","CutThroughFate"],"picked":"SKIP","floor":28}],"player_experience":1024571,"relics_obtained":[{"floor":6.0,"key":"Orichalcum"},{"floor":9.0,"key":"Bag of Marbles"},{"floor":10.0,"key":"Omamori"},{"floor":13.0,"key":"Turnip"},{"floor":23,"key":"Smiling Mask"},{"floor":26,"key":"Blood Vial"},{"floor":28,"key":"Ancient Tea Set"}],"event_choices":[{"damage_healed":0.0,"max_hp_gain":0.0,"max_hp_loss":0.0,"gold_gain":50.0,"event_name":"Golden Shrine","player_choice":"Pray","floor":4.0,"gold_loss":0.0,"damage_taken":0.0},{"cards_removed":["Strike_P"],"damage_healed":0.0,"max_hp_gain":0.0,"max_hp_loss":0.0,"gold_gain":0.0,"event_name":"Purifier","player_choice":"Purged","floor":12.0,"gold_loss":0.0,"damage_taken":0.0},{"damage_healed":0,"gold_gain":0,"player_choice":"Ignored","damage_taken":0,"max_hp_gain":0,"max_hp_loss":0,"event_name":"Vampires","floor":20,"gold_loss":0},{"damage_healed":0,"gold_gain":0,"player_choice":"0 cards matched","damage_taken":0,"max_hp_gain":0,"max_hp_loss":0,"event_name":"Match and Keep!","floor":22,"gold_loss":0,"cards_obtained":[]}],"is_beta":false,"boss_relics":[{"not_picked":["Runic Dome","Empty Cage"],"picked":"Cursed Key"}],"items_purged_floors":[3,25],"is_endless":false,"potions_floor_spawned":[1,6,13,18,27],"killed_by":"Snake Plant","ascension_level":19}}