{"host":"fqid566djxhwi0rl","time":1608152040,"event":{"mods":["2.2 Compatiblity","AchievementEnabler","Aspiration","BaseMod","Downfall","Energized Spire","Faster Ascension Climbing","GifTheSpireLib","Minty Spire (QoL Compilation)","Replay The Spire","StSLib","The Blackbeard","The Gatherer","Trackpad","Yuri Mod"],"gold_per_floor":[113,127,226,242,58,58,84,84,84,84,84],"floor_reached":10,"playtime":364,"items_purged":[],"score":96,"play_id":"87ef2ed1-9363-4d32-9539-693746d497e9","local_time":"20201216225400","is_ascension_mode":true,"campfire_choices":[{"data":"sneckomod:UnknownRareSkill","floor":6,"key":"SMITH"}],"circlet_count":0,"master_deck":["sneckomod:Strike","sneckomod:Strike","sneckomod:Strike","sneckomod:Defend","sneckomod:Defend","sneckomod:Defend","sneckomod:TailWhip","sneckomod:SnekBite","sneckomod:Unknown","sneckomod:Unknown","sneckomod:CheapStock","sneckomod:UnknownWeak","sneckomod:UnknownRareSkill+1","sneckomod:SoulDraw","sneckomod:UnknownCommonSkill+1","sneckomod:Restock"],"relics":["sneckomod:SneckoSoul","aspiration:DSix","Anchor","aspiration:ChemicalBlood"],"acts_visited":["Exordium"],"potions_floor_usage":[],"damage_taken":[{"damage":12,"enemies":"Jaw Worm","floor":1,"turns":4},{"damage":0,"enemies":"2 Louse","floor":2,"turns":2},{"damage":7,"enemies":"Small Slimes","floor":4,"turns":4},{"damage":48,"enemies":"Gremlin Nob","floor":7,"turns":5},{"damage":21,"enemies":"Replay:BlueRogue","floor":10,"turns":3}],"seed_played":"-1942092188090977990","potions_obtained":[{"floor":4,"key":"Explosive Potion"}],"is_trial":false,"path_per_floor":["M","M","?","M","$","R","E","PTL","PTL","E"],"character_chosen":"THE_SNECKO","items_purchased":["sneckomod:UnknownCommonSkill+1","Anchor"],"campfire_rested":0,"item_purchase_floors":[5,5],"current_hp_per_floor":[69,70,71,64,65,65,17,17,17,0,0],"gold":84,"neow_bonus":"DSIX","is_daily":false,"chose_seed":false,"campfire_upgraded":1,"win_rate":0.0,"timestamp":1608152040,"path_taken":["M","M","?","M","$","R","E","PTL","PTL","E"],"items_purchased_type":["Card","Relic"],"build_version":"2020-12-13","purchased_purges":0,"victory":false,"max_hp_per_floor":[90,91,92,92,93,93,93,93,93,93,93],"card_choices":[{"not_picked":["sneckomod:WideSting","sneckomod:UnknownVulnerable"],"picked":"sneckomod:CheapStock","floor":1},{"not_picked":["sneckomod:RainOfDice","sneckomod:UnknownCommonSkill"],"picked":"sneckomod:UnknownWeak","floor":2},{"not_picked":["sneckomod:UnknownBlock","sneckomod:SnakeSap"],"picked":"sneckomod:UnknownRareSkill","floor":3},{"not_picked":["sneckomod:UnknownStrike","sneckomod:UnknownCommonAttack"],"picked":"sneckomod:SoulDraw","floor":4},{"not_picked":["sneckomod:SoulDraw","sneckomod:Unknown0Cost"],"picked":"sneckomod:Restock","floor":7}],"player_experience":694471,"relics_obtained":[{"floor":7,"key":"aspiration:ChemicalBlood"}],"event_choices":[],"is_beta":false,"boss_relics":[],"items_purged_floors":[],"is_endless":false,"potions_floor_spawned":[4],"killed_by":"Replay:BlueRogue","ascension_level":9}}