{"host":"2e3z4r48quhw80cc","time":1608088642,"event":{"mods":["BaseMod","Minty Spire (QoL Compilation)","Quick Restart","StSLib","SuperFastMode"],"gold_per_floor":[116,116,49,49,49,77,77,104,104,104,104,104,139,169,181,288,300,324,349,379,391,403,441,453,120,169,169,181,209,63,76,76,175,175,194,94,54,70,70,70,70,83,83,8,8,27,55,67,67,67],"floor_reached":51,"playtime":1998,"items_purged":["Strike_B","Auto Shields"],"score":961,"play_id":"a9f5fa4d-44f2-4cce-8cab-6881b8b6b502","local_time":"20201216121722","is_ascension_mode":true,"campfire_choices":[{"data":"Zap","floor":7.0,"key":"SMITH"},{"data":"Fission","floor":10.0,"key":"SMITH"},{"data":"Loop","floor":12.0,"key":"SMITH"},{"data":"White Noise","floor":15.0,"key":"SMITH"},{"floor":32.0,"key":"REST"},{"data":"Steam+1","floor":40.0,"key":"PURGE"},{"data":"Defragment","floor":45,"key":"SMITH"},{"floor":49,"key":"REST"}],"circlet_count":0,"master_deck":["Defend_B+1","Defend_B+1","Zap+1","Dualcast","White Noise+1","Loop+1","Fission+1","Coolheaded+1","Conserve Battery+1","Creative AI+1","Recycle+1","Tempest+1","Go for the Eyes+1","Force Field+1","Blind+1","Defragment+1","Chaos+1","Machine Learning","Echo Form+1","Meteor Strike+1","Cold Snap+1","Glacier+1","Redo+1","Defragment+1","Buffer","Tempest+1"],"relics":["Cracked Core","NeowsBlessing","HornCleat","Ancient Tea Set","Sundial","Boot","Toxic Egg 2","MawBank","Nuclear Battery","Molten Egg 2","White Beast Statue","Lee\u0027s Waffle","War Paint","Peace Pipe","Astrolabe","InkBottle","Mercury Hourglass"],"acts_visited":["Exordium","TheCity","TheBeyond"],"potions_floor_usage":[47,50,50,50],"damage_taken":[{"damage":0.0,"enemies":"Jaw Worm","floor":1.0,"turns":1.0},{"damage":0.0,"enemies":"Lagavulin","floor":6.0,"turns":1.0},{"damage":0.0,"enemies":"3 Sentries","floor":8.0,"turns":2.0},{"damage":12.0,"enemies":"Gremlin Nob","floor":13.0,"turns":4.0},{"damage":10.0,"enemies":"2 Louse","floor":14.0,"turns":2.0},{"damage":10.0,"enemies":"The Guardian","floor":16.0,"turns":10.0},{"damage":13.0,"enemies":"Chosen","floor":18.0,"turns":6.0},{"damage":0.0,"enemies":"3 Byrds","floor":19.0,"turns":5.0},{"damage":13.0,"enemies":"Sentry and Sphere","floor":20.0,"turns":6.0},{"damage":34.0,"enemies":"Gremlin Leader","floor":23.0,"turns":7.0},{"damage":0.0,"enemies":"Snake Plant","floor":28.0,"turns":5.0},{"damage":25.0,"enemies":"Slavers","floor":29.0,"turns":9.0},{"damage":34.0,"enemies":"Cultist and Chosen","floor":31.0,"turns":10.0},{"damage":31.0,"enemies":"Champ","floor":33.0,"turns":12.0},{"damage":4.0,"enemies":"3 Shapes","floor":35.0,"turns":5.0},{"damage":12.0,"enemies":"Orb Walker","floor":38.0,"turns":6.0},{"damage":4,"enemies":"Spire Growth","floor":42,"turns":4},{"damage":0,"enemies":"Maw","floor":46,"turns":5},{"damage":10,"enemies":"Reptomancer","floor":47,"turns":7},{"damage":11,"enemies":"Sphere and 2 Shapes","floor":48,"turns":5},{"damage":53,"enemies":"Awakened One","floor":50,"turns":16}],"seed_played":"5734065089056716877","potions_obtained":[{"floor":8.0,"key":"LiquidMemories"},{"floor":16.0,"key":"DistilledChaos"},{"floor":19.0,"key":"Strength Potion"},{"floor":23.0,"key":"SpeedPotion"},{"floor":28.0,"key":"ColorlessPotion"},{"floor":29.0,"key":"PotionOfCapacity"},{"floor":31.0,"key":"SkillPotion"},{"floor":35.0,"key":"PowerPotion"},{"floor":46,"key":"LiquidMemories"},{"floor":47,"key":"FocusPotion"}],"is_trial":false,"path_per_floor":["M","?","$","?","?","E","R","E","T","R","?","R","E","M","R","B",null,"M","M","M","?","$","E","T","$","T","?","M","E","$","M","R","B",null,"M","$","?","M","$","R","$","M","T","$","R","M","E","M","R","B",null],"character_chosen":"DEFECT","items_purchased":["Loop","Lee\u0027s Waffle","Force Field+1","Blind+1","Defragment","Chaos+1","Defragment"],"campfire_rested":2,"item_purchase_floors":[3,25,25,25,30,30,44],"current_hp_per_floor":[75,80,80,80,62,62,62,62,62,62,62,62,50,40,40,30,68,55,55,42,42,42,8,8,87,87,87,87,62,62,28,54,23,71,67,67,67,55,55,55,55,51,51,51,51,51,41,30,56,3],"gold":67,"neow_bonus":"THREE_ENEMY_KILL","is_daily":false,"chose_seed":false,"campfire_upgraded":5,"win_rate":0.0,"timestamp":1608088642,"path_taken":["M","?","$","?","?","E","R","E","T","R","?","R","E","M","R","BOSS","M","M","?","?","$","E","?","$","T","?","M","E","$","M","R","BOSS","M","$","?","?","?","R","?","M","T","?","R","M","E","M","R","BOSS"],"items_purchased_type":["Card","Relic","Card","Card","Card","Card","Card"],"build_version":"2020-12-13","purchased_purges":2,"victory":true,"max_hp_per_floor":[75,80,80,80,80,80,80,80,80,80,80,80,80,80,80,80,80,80,80,80,80,80,80,80,87,87,87,87,87,87,87,87,87,87,87,87,87,87,87,87,87,87,87,87,87,87,87,87,87,87],"card_choices":[{"not_picked":["Compile Driver","Turbo"],"picked":"White Noise","floor":1.0},{"not_picked":["Go for the Eyes","Cold Snap"],"picked":"Auto Shields","floor":6.0},{"not_picked":["Beam Cell","Reinforced Body"],"picked":"Fission","floor":8.0},{"not_picked":["Cold Snap","Rebound"],"picked":"Coolheaded+1","floor":13.0},{"not_picked":["Gash","Coolheaded+1"],"picked":"Conserve Battery+1","floor":14.0},{"not_picked":["All For One","Fission+1"],"picked":"Creative AI","floor":16.0},{"not_picked":["Turbo+1","Stack+1"],"picked":"Recycle+1","floor":18.0},{"not_picked":["Hologram+1","Gash"],"picked":"Tempest+1","floor":19.0},{"not_picked":["Conserve Battery+1","Cold Snap","Go for the Eyes"],"picked":"SKIP","floor":20.0},{"not_picked":["Aggregate+1","Gash+1"],"picked":"Go for the Eyes+1","floor":23.0},{"not_picked":["Compile Driver+1","Turbo+1","Stack+1"],"picked":"SKIP","floor":28.0},{"not_picked":["Machine Learning","Sweeping Beam+1","Go for the Eyes+1"],"picked":"SKIP","floor":29.0},{"not_picked":["Sweeping Beam+1","Ball Lightning+1","Compile Driver+1"],"picked":"SKIP","floor":31.0},{"not_picked":["Biased Cognition","Hyperbeam+1"],"picked":"Machine Learning","floor":33.0},{"not_picked":["Defragment+1","Hologram+1"],"picked":"Glacier+1","floor":35.0},{"not_picked":["Turbo+1","Barrage+1","Compile Driver+1"],"picked":"SKIP","floor":38.0},{"not_picked":["Steam+1","Hello World+1","Redo+1"],"picked":"SKIP","floor":42},{"not_picked":["Steam+1","Hello World+1"],"picked":"Redo+1","floor":42},{"not_picked":["Streamline+1","Sweeping Beam+1"],"picked":"Buffer","floor":46},{"not_picked":["Hologram+1","Coolheaded+1"],"picked":"Tempest+1","floor":47},{"not_picked":["Steam+1","Beam Cell+1","Sunder+1"],"picked":"SKIP","floor":48}],"player_experience":51018,"relics_obtained":[{"floor":6.0,"key":"Ancient Tea Set"},{"floor":8.0,"key":"Sundial"},{"floor":9.0,"key":"Boot"},{"floor":13.0,"key":"MawBank"},{"floor":23.0,"key":"Molten Egg 2"},{"floor":24.0,"key":"White Beast Statue"},{"floor":26.0,"key":"War Paint"},{"floor":29.0,"key":"Peace Pipe"},{"floor":43,"key":"InkBottle"},{"floor":47,"key":"Mercury Hourglass"}],"event_choices":[{"damage_healed":0.0,"max_hp_gain":5.0,"max_hp_loss":0.0,"gold_gain":0.0,"event_name":"Big Fish","player_choice":"Donut","floor":2.0,"gold_loss":0.0,"damage_taken":0.0},{"damage_healed":0.0,"max_hp_gain":0.0,"max_hp_loss":0.0,"gold_gain":0.0,"event_name":"The Cleric","player_choice":"Leave","floor":4.0,"gold_loss":0.0,"damage_taken":0.0},{"damage_healed":0.0,"max_hp_gain":0.0,"max_hp_loss":0.0,"gold_gain":0.0,"event_name":"Scrap Ooze","player_choice":"Success","floor":5.0,"gold_loss":0.0,"damage_taken":18.0,"relics_obtained":["HornCleat"]},{"damage_healed":0.0,"max_hp_gain":0.0,"max_hp_loss":0.0,"gold_gain":0.0,"event_name":"WeMeetAgain","player_choice":"Gave Potion","floor":11.0,"gold_loss":0.0,"damage_taken":0.0,"relics_obtained":["Toxic Egg 2"]},{"cards_removed":["Strike_B"],"damage_healed":0.0,"max_hp_gain":0.0,"max_hp_loss":0.0,"gold_gain":0.0,"event_name":"Back to Basics","player_choice":"Elegance","floor":21.0,"gold_loss":0.0,"damage_taken":0.0},{"damage_healed":0.0,"max_hp_gain":0.0,"max_hp_loss":0.0,"gold_gain":0.0,"cards_transformed":["Strike_B","Defend_B"],"event_name":"Drug Dealer","player_choice":"Became Test Subject","floor":27.0,"gold_loss":0.0,"damage_taken":0.0,"cards_obtained":["Steam","Steam Power"]},{"damage_healed":0.0,"max_hp_gain":0.0,"max_hp_loss":0.0,"gold_gain":0.0,"event_name":"Designer","player_choice":"Upgraded Two","floor":37.0,"gold_loss":40.0,"damage_taken":0.0,"cards_upgraded":["Defragment","Creative AI"]}],"is_beta":false,"boss_relics":[{"not_picked":["Snecko Eye","Busted Crown"],"picked":"Nuclear Battery"},{"not_picked":["Runic Pyramid","Philosopher\u0027s Stone"],"picked":"Astrolabe"}],"items_purged_floors":[25,36],"is_endless":false,"potions_floor_spawned":[8,16,19,23,28,29,31,33,35,38,42,46,47,48],"ascension_level":5}}