{"host":"lctcqud4f9t1q6q5","time":1608116292,"event":{"mods":["BaseMod","Better Vampires","Block Reminder","Colored Map","Colored Powertips","Downfall","Highlight Path","KinomotoSakuraMod(木之本樱)","Lobotomy","LobotomyExtend","Marisa（F雨　魔理沙）","Minty Spire (QoL Compilation)","Quick Restart","Reimu（博丽灵梦）","Relic Stats","Replay The Spire","RumiaBox-露米娅的神秘盒子","Shop Mod","Spicy Shops","StSLib","TestMod","The Bug Knight","Thieving Mod","WarShipGirlsR/战舰少女R mod","vexMod","【功能Mod】混沌之环修复补丁","篝火指南"],"gold_per_floor":[195],"floor_reached":0,"playtime":0,"items_purged":[],"score":0,"play_id":"49e6c451-60c6-4ed8-8f2a-74a4e0d360c8","local_time":"20201216185812","is_ascension_mode":true,"campfire_choices":[],"circlet_count":0,"master_deck":["Strike_P","Strike_P","Strike_P","Strike_P","Defend_P","Defend_P","Defend_P","Eruption","Vigilance","testmod-Bloodthirsty+1","CutThroughFate","Wish+1","LikeWater+1","DevaForm","Wish","Replay:AtTheReady+1","PathToVictory"],"relics":[],"acts_visited":["Exordium","TheCity"],"potions_floor_usage":[],"damage_taken":[],"seed_played":"-908739728954027898","potions_obtained":[],"is_trial":false,"path_per_floor":[],"character_chosen":"WATCHER","items_purchased":[],"campfire_rested":0,"item_purchase_floors":[],"current_hp_per_floor":[4],"gold":195,"neow_bonus":"","is_daily":false,"chose_seed":false,"campfire_upgraded":0,"win_rate":0.0,"timestamp":1608116292,"path_taken":[],"items_purchased_type":[],"build_version":"2020-12-13","purchased_purges":0,"victory":false,"max_hp_per_floor":[79],"relic_stats":{"counters":[16,77],"obtain_stats":[{"Potion Belt":9,"MerchantsRug":6,"Divine Protection":14,"Lee\u0027s Waffle":10,"testmod-TestBox":0,"testmod-FatalChain":0,"vexMod:ConsolationPrize":6,"Pen Nib":14,"Boot":6,"Gaze_r":11,"Matryoshka":6,"testmod-Prudence":17,"Mummified Hand":9,"vexMod:HeadHunter":4,"Tiny Chest":9,"LetterFromLob":1,"Art of War":7,"GodSword6":19,"PureWater":0,"Replay:Bottled Steam":12,"RuthlessExorcism:ReiMu":19},{"Potion Belt":4,"MerchantsRug":8,"Divine Protection":12,"Lee\u0027s Waffle":9,"testmod-TestBox":0,"testmod-FatalChain":0,"vexMod:ConsolationPrize":8,"Pen Nib":12,"Boot":3,"Gaze_r":5,"Matryoshka":8,"testmod-Prudence":13,"Mummified Hand":9,"vexMod:HeadHunter":7,"Tiny Chest":9,"LetterFromLob":1,"Art of War":9,"GodSword6":14,"PureWater":0,"Replay:Bottled Steam":11,"RuthlessExorcism:ReiMu":14},{"Potion Belt":14,"MerchantsRug":26,"Divine Protection":47,"Lee\u0027s Waffle":36,"testmod-TestBox":0,"testmod-FatalChain":0,"vexMod:ConsolationPrize":26,"Pen Nib":47,"Boot":12,"Gaze_r":18,"Matryoshka":26,"testmod-Prudence":54,"Mummified Hand":36,"vexMod:HeadHunter":23,"Tiny Chest":36,"LetterFromLob":4,"Art of War":36,"GodSword6":59,"PureWater":0,"Replay:Bottled Steam":42,"RuthlessExorcism:ReiMu":59}]},"card_choices":[],"player_experience":329759,"relics_obtained":[],"event_choices":[],"is_beta":false,"boss_relics":[],"items_purged_floors":[],"is_endless":false,"potions_floor_spawned":[],"killed_by":"Book of Stabbing","ascension_level":3}}