{"host":"grblgsn3zizbz04e","time":1608077667,"event":{"mods":["BaseMod","BetterRewards","Colored Map","Colored Powertips","Googly Eyes","Minty Spire (QoL Compilation)","Rare Cards Sparkle","Relic Stats","Shop Mod","Slay-I","StSLib"],"gold_per_floor":[111,61,61,75,75,107,107,136,136,136,149,161,161,181,181,286,286,298,309,329,244,244,244,279,347,373,402,435,535,569,31,31,135,135,161,161,181,190,254,289,289,322,357,391,419,445,473,139,139,139,139,139,39,65,65],"floor_reached":56,"playtime":3733,"items_purged":["Strike_B","Injury"],"score":2114,"play_id":"8ce6cd82-84b4-4736-a30f-0dcfe66b26c8","local_time":"20201216001427","is_ascension_mode":true,"campfire_choices":[{"floor":7.0,"key":"REST"},{"data":"Defragment","floor":13.0,"key":"SMITH"},{"data":"Genetic Algorithm","floor":15.0,"key":"SMITH"},{"data":"Chill","floor":23.0,"key":"SMITH"},{"data":"Echo Form","floor":32.0,"key":"SMITH"},{"data":"Apotheosis","floor":41.0,"key":"SMITH"},{"floor":49.0,"key":"RECALL"},{"data":"Defragment","floor":52.0,"key":"SMITH"}],"circlet_count":0,"master_deck":["Strike_B+1","Defend_B","Defend_B","Defend_B","Defend_B","Zap+1","Dualcast+1","Defragment+1","Chill+1","Genetic Algorithm+1","Gash","Dark Shackles","Defragment+1","Cold Snap+1","Hologram","Echo Form","Glacier","Defragment+1","Gash","Self Repair","Echo Form+1","Go for the Eyes+1","Biased Cognition","Self Repair","Defragment+1","Apotheosis+1","Defragment+1","Loop+1"],"relics":["Cracked Core","ClockworkSouvenir","FrozenCore","Pen Nib","Bag of Marbles","Anchor","Eternal Feather","Black Star","Prayer Wheel","Blue Candle","CeramicFish","Bronze Scales","Darkstone Periapt","Oddly Smooth Stone","FossilizedHelix","StrikeDummy","WingedGreaves","War Paint","Ancient Tea Set","Vajra","Sling","Cursed Key","Turnip","Orichalcum","MealTicket","Molten Egg 2","Centennial Puzzle","Juzu Bracelet","Potion Belt","Ginger","White Beast Statue","MawBank","Whetstone","DataDisk","Frozen Eye","Art of War","Toy Ornithopter"],"acts_visited":["Exordium","TheCity","TheBeyond","TheEnding"],"potions_floor_usage":[55],"damage_taken":[{"damage":0.0,"enemies":"2 Louse","floor":1.0,"turns":2.0},{"damage":0.0,"enemies":"Small Slimes","floor":4.0,"turns":4.0},{"damage":18.0,"enemies":"3 Sentries","floor":6.0,"turns":9.0},{"damage":0.0,"enemies":"Gremlin Nob","floor":8.0,"turns":7.0},{"damage":0.0,"enemies":"Cultist","floor":11.0,"turns":4.0},{"damage":0.0,"enemies":"Large Slime","floor":12.0,"turns":6.0},{"damage":0.0,"enemies":"Red Slaver","floor":14.0,"turns":3.0},{"damage":13.0,"enemies":"The Guardian","floor":16.0,"turns":13.0},{"damage":0.0,"enemies":"Chosen","floor":18.0,"turns":7.0},{"damage":0.0,"enemies":"Spheric Guardian","floor":19.0,"turns":8.0},{"damage":2.0,"enemies":"Centurion and Healer","floor":20.0,"turns":9.0},{"damage":4.0,"enemies":"Slavers","floor":24.0,"turns":17.0},{"damage":10.0,"enemies":"Shelled Parasite and Fungi","floor":25.0,"turns":7.0},{"damage":12.0,"enemies":"Gremlin Leader","floor":27.0,"turns":7.0},{"damage":0.0,"enemies":"Sentry and Sphere","floor":28.0,"turns":6.0},{"damage":13.0,"enemies":"Colosseum Slavers","floor":29.0,"turns":7.0},{"damage":17.0,"enemies":"Colosseum Nobs","floor":29.0,"turns":5.0},{"damage":14.0,"enemies":"Book of Stabbing","floor":30.0,"turns":6.0},{"damage":20.0,"enemies":"Automaton","floor":33.0,"turns":11.0},{"damage":1.0,"enemies":"Orb Walker","floor":35.0,"turns":6.0},{"damage":0.0,"enemies":"3 Shapes","floor":37.0,"turns":7.0},{"damage":54.0,"enemies":"2 Orb Walkers","floor":39.0,"turns":9.0},{"damage":13.0,"enemies":"Reptomancer","floor":40.0,"turns":8.0},{"damage":0.0,"enemies":"Giant Head","floor":42.0,"turns":10.0},{"damage":0.0,"enemies":"Nemesis","floor":44.0,"turns":7.0},{"damage":3.0,"enemies":"Maw","floor":45.0,"turns":10.0},{"damage":36.0,"enemies":"Reptomancer","floor":46.0,"turns":8.0},{"damage":11.0,"enemies":"Giant Head","floor":47.0,"turns":9.0},{"damage":0.0,"enemies":"Time Eater","floor":50.0,"turns":9.0},{"damage":26.0,"enemies":"Shield and Spear","floor":54.0,"turns":8.0},{"damage":39,"enemies":"The Heart","floor":55,"turns":13}],"seed_played":"-5588019538930764613","potions_obtained":[{"floor":6.0,"key":"EssenceOfSteel"},{"floor":11.0,"key":"Weak Potion"},{"floor":14.0,"key":"Fire Potion"},{"floor":19.0,"key":"Strength Potion"},{"floor":24.0,"key":"ColorlessPotion"},{"floor":25.0,"key":"Strength Potion"},{"floor":28.0,"key":"SpeedPotion"},{"floor":39.0,"key":"AttackPotion"},{"floor":42.0,"key":"Regen Potion"},{"floor":46.0,"key":"EssenceOfDarkness"},{"floor":47.0,"key":"BlessingOfTheForge"},{"floor":54.0,"key":"LiquidMemories"}],"is_trial":false,"path_per_floor":["M","?","?","M","?","E","R","E","T","?","M","M","R","M","R","B",null,"M","M","M","?","?","R","E","M","T","E","M","?","E","$","R","B",null,"M","?","M","?","?","E","R","E","T","E","M","E","E","$","R","B",null,"R","$","E","B",null],"character_chosen":"DEFECT","items_purchased":["Defragment","Chill","ClockworkSouvenir","Ancient Tea Set","Vajra","Sling","DataDisk","PowerPotion","Frozen Eye"],"campfire_rested":1,"item_purchase_floors":[0,0,0,31,31,31,48,48,48],"current_hp_per_floor":[67,67,67,67,42,24,46,46,46,46,46,46,55,55,64,51,69,69,69,67,67,67,75,71,61,61,49,49,33,19,19,31,18,61,74,71,71,71,44,51,66,71,77,77,77,70,73,77,77,77,77,77,77,65,71],"gold":65,"neow_bonus":"","is_daily":false,"chose_seed":false,"campfire_upgraded":6,"win_rate":0.0,"timestamp":1608077667,"path_taken":["M","?","?","?","?","E","R","E","T","?","M","M","R","M","R","BOSS","M","M","M","?","?","R","E","M","T","E","M","?","E","$","R","BOSS","M","?","M","?","?","E","R","E","T","E","M","E","E","$","R","BOSS","R","$","E","BOSS"],"items_purchased_type":["Card","Card","Relic","Relic","Relic","Relic","Relic","Potion","Relic"],"build_version":"2020-12-13","purchased_purges":2,"victory":true,"max_hp_per_floor":[75,75,75,75,75,75,75,75,75,75,75,75,75,75,75,75,75,75,75,75,75,75,75,75,75,75,75,75,75,75,75,75,75,75,75,71,71,71,71,71,71,71,77,77,77,77,77,77,77,77,77,77,77,77,77],"relic_stats":{"Darkstone Periapt":6,"counters":[58,343],"Blue Candle":[2],"CeramicFish":108,"Eternal Feather":53,"Pen Nib":[31],"Juzu Bracelet":0,"Ginger":[6],"Whetstone":["Strike_B","Cold Snap"],"War Paint":["Leap","Hologram","Dualcast","Zap"],"Orichalcum":[96],"Cursed Key":1,"MawBank":156,"FrozenCore":[39],"Centennial Puzzle":[15],"Bronze Scales":[686],"Prayer Wheel":5,"MealTicket":4,"Turnip":[5],"Black Star":9,"Art of War":[5],"obtain_stats":[{"Ice Cream":19,"Gremlin Horn":52,"CeramicFish":24,"Vajra":31,"Ginger":46,"Whetstone":47,"Sling":31,"FrozenCore":0,"Blood Vial":30,"Centennial Puzzle":42,"Prayer Wheel":21,"MealTicket":40,"Blue Candle":54,"Oddly Smooth Stone":27,"Eternal Feather":9,"Pen Nib":46,"War Paint":44,"Bird Faced Urn":23,"Bronze Scales":26,"Pandora\u0027s Box":17,"Molten Egg 2":42,"Black Star":17,"StrikeDummy":40,"Darkstone Periapt":27,"Regal Pillow":0,"Singing Bowl":26,"Bag of Preparation":53,"Juzu Bracelet":44,"Ancient Tea Set":38,"Cursed Key":34,"ClockworkSouvenir":0,"Frozen Eye":48,"Emotion Chip":42,"Matryoshka":8,"Shovel":37,"Mummified Hand":9,"WingedGreaves":30,"Red Mask":20,"Cracked Core":0,"Potion Belt":44,"Lee\u0027s Waffle":47,"Orichalcum":40,"MawBank":26,"White Beast Statue":9,"Anchor":8,"DataDisk":48,"Busted Crown":34,"Turnip":39,"Bag of Marbles":6,"Art of War":54,"FossilizedHelix":29,"Toy Ornithopter":54},{"Ice Cream":8,"Gremlin Horn":25,"CeramicFish":39,"Vajra":45,"Ginger":54,"Whetstone":55,"Sling":45,"FrozenCore":27,"Blood Vial":15,"Centennial Puzzle":51,"Prayer Wheel":38,"MealTicket":50,"Blue Candle":26,"Oddly Smooth Stone":41,"Eternal Feather":31,"Pen Nib":23,"War Paint":22,"Bird Faced Urn":11,"Bronze Scales":40,"Pandora\u0027s Box":7,"Molten Egg 2":51,"Black Star":35,"StrikeDummy":21,"Darkstone Periapt":41,"Regal Pillow":0,"Singing Bowl":13,"Bag of Preparation":25,"Juzu Bracelet":52,"Ancient Tea Set":20,"Cursed Key":46,"ClockworkSouvenir":27,"Frozen Eye":55,"Emotion Chip":22,"Matryoshka":3,"Shovel":20,"Mummified Hand":3,"WingedGreaves":45,"Red Mask":9,"Cracked Core":0,"Potion Belt":52,"Lee\u0027s Waffle":23,"Orichalcum":50,"MawBank":13,"White Beast Statue":3,"Anchor":31,"DataDisk":55,"Busted Crown":17,"Turnip":49,"Bag of Marbles":30,"Art of War":57,"FossilizedHelix":44,"Toy Ornithopter":57},{"Ice Cream":28,"Gremlin Horn":94,"CeramicFish":192,"Vajra":230,"Ginger":306,"Whetstone":314,"Sling":230,"FrozenCore":103,"Blood Vial":52,"Centennial Puzzle":281,"Prayer Wheel":175,"MealTicket":271,"Blue Candle":97,"Oddly Smooth Stone":206,"Eternal Feather":125,"Pen Nib":84,"War Paint":81,"Bird Faced Urn":38,"Bronze Scales":199,"Pandora\u0027s Box":25,"Molten Egg 2":281,"Black Star":151,"StrikeDummy":79,"Darkstone Periapt":206,"Regal Pillow":0,"Singing Bowl":45,"Bag of Preparation":94,"Juzu Bracelet":288,"Ancient Tea Set":73,"Cursed Key":241,"ClockworkSouvenir":103,"Frozen Eye":314,"Emotion Chip":81,"Matryoshka":11,"Shovel":73,"Mummified Hand":11,"WingedGreaves":230,"Red Mask":31,"Cracked Core":0,"Potion Belt":288,"Lee\u0027s Waffle":84,"Orichalcum":271,"MawBank":45,"White Beast Statue":11,"Anchor":125,"DataDisk":314,"Busted Crown":63,"Turnip":263,"Bag of Marbles":118,"Art of War":331,"FossilizedHelix":224,"Toy Ornithopter":331}],"Toy Ornithopter":5},"card_choices":[{"not_picked":["Rebound","Doom and Gloom"],"picked":"Genetic Algorithm","floor":1.0},{"not_picked":["Beam Cell","BootSequence"],"picked":"Defragment","floor":4.0},{"not_picked":["Go for the Eyes","Sweeping Beam"],"picked":"Cold Snap","floor":6.0},{"not_picked":["Ball Lightning","Hologram","Redo"],"picked":"SKIP","floor":8.0},{"not_picked":["Hello World","White Noise","Scrape"],"picked":"SKIP","floor":11.0},{"not_picked":["White Noise","Leap","Doom and Gloom"],"picked":"SKIP","floor":12.0},{"not_picked":["Rebound","Turbo","Hologram"],"picked":"SKIP","floor":14.0},{"not_picked":["Rebound","Turbo"],"picked":"Hologram","floor":14.0},{"not_picked":["Hyperbeam","Meteor Strike"],"picked":"Echo Form","floor":16.0},{"not_picked":["White Noise","Hologram+1","Steam Power"],"picked":"SKIP","floor":18.0},{"not_picked":["Stack+1","Sweeping Beam","Turbo+1"],"picked":"SKIP","floor":19.0},{"not_picked":["Conserve Battery","Recycle"],"picked":"Glacier","floor":20.0},{"not_picked":["Stack","Ball Lightning+1"],"picked":"Defragment","floor":24.0},{"not_picked":["Sweeping Beam","Recycle"],"picked":"Gash","floor":25.0},{"not_picked":["Stack","Scrape","Rebound"],"picked":"SKIP","floor":25.0},{"not_picked":["Recycle","Rebound","Beam Cell"],"picked":"SKIP","floor":27.0},{"not_picked":["Sweeping Beam","Force Field"],"picked":"Self Repair","floor":28.0},{"not_picked":["Gash","Ball Lightning+1"],"picked":"Echo Form","floor":28.0},{"not_picked":["Glacier","Static Discharge"],"picked":"Go for the Eyes+1","floor":30.0},{"not_picked":["Creative AI","Machine Learning"],"picked":"Biased Cognition","floor":33.0},{"not_picked":["BootSequence","Force Field"],"picked":"Self Repair","floor":35.0},{"not_picked":["Darkness","Steam+1","Static Discharge+1"],"picked":"SKIP","floor":35.0},{"not_picked":["Hello World","Streamline"],"picked":"Defragment+1","floor":37.0},{"not_picked":["Auto Shields+1","Redo","Force Field"],"picked":"SKIP","floor":37.0},{"not_picked":["Mind Blast","Bandage Up"],"picked":"Apotheosis","floor":38.0},{"not_picked":["Aggregate+1","Compile Driver"],"picked":"Defragment+1","floor":39.0},{"not_picked":["Ball Lightning","Reprogram","Beam Cell"],"picked":"SKIP","floor":40.0},{"not_picked":["Glacier+1","Tempest","Double Energy+1"],"picked":"SKIP","floor":42.0},{"not_picked":["Chaos","Aggregate","Hologram+1"],"picked":"SKIP","floor":44.0},{"not_picked":["Skim+1","Leap"],"picked":"Loop+1","floor":45.0},{"not_picked":["Genetic Algorithm","Hologram","Recycle+1"],"picked":"SKIP","floor":45.0},{"not_picked":["Steam Power","Barrage+1","Hologram+1"],"picked":"SKIP","floor":46.0},{"not_picked":["Tempest+1","Steam+1","Rainbow"],"picked":"SKIP","floor":47.0},{"not_picked":["Cold Snap+1","Steam","Redo"],"picked":"SKIP","floor":54.0}],"player_experience":722224,"relics_obtained":[{"floor":6.0,"key":"Bag of Marbles"},{"floor":8.0,"key":"Anchor"},{"floor":9.0,"key":"Eternal Feather"},{"floor":24.0,"key":"Blue Candle"},{"floor":24.0,"key":"CeramicFish"},{"floor":26.0,"key":"Bronze Scales"},{"floor":27.0,"key":"Darkstone Periapt"},{"floor":27.0,"key":"Oddly Smooth Stone"},{"floor":29.0,"key":"FossilizedHelix"},{"floor":29.0,"key":"StrikeDummy"},{"floor":30.0,"key":"WingedGreaves"},{"floor":30.0,"key":"War Paint"},{"floor":39.0,"key":"Turnip"},{"floor":40.0,"key":"Orichalcum"},{"floor":40.0,"key":"MealTicket"},{"floor":42.0,"key":"Molten Egg 2"},{"floor":42.0,"key":"Centennial Puzzle"},{"floor":44.0,"key":"Juzu Bracelet"},{"floor":44.0,"key":"Potion Belt"},{"floor":46.0,"key":"Ginger"},{"floor":46.0,"key":"White Beast Statue"},{"floor":47.0,"key":"MawBank"},{"floor":47.0,"key":"Whetstone"},{"floor":54.0,"key":"Art of War"},{"floor":54.0,"key":"Toy Ornithopter"}],"event_choices":[{"cards_removed":["Strike_B"],"damage_healed":0.0,"max_hp_gain":0.0,"max_hp_loss":0.0,"gold_gain":0.0,"event_name":"The Cleric","player_choice":"Card Removal","floor":2.0,"gold_loss":50.0,"damage_taken":0.0},{"damage_healed":0.0,"max_hp_gain":0.0,"max_hp_loss":0.0,"gold_gain":0.0,"event_name":"Match and Keep!","player_choice":"2 cards matched","floor":3.0,"gold_loss":0.0,"damage_taken":0.0,"cards_obtained":["Gash","Dark Shackles"]},{"damage_healed":0.0,"max_hp_gain":0.0,"max_hp_loss":0.0,"gold_gain":0.0,"event_name":"Scrap Ooze","player_choice":"Success","floor":5.0,"gold_loss":0.0,"damage_taken":25.0,"relics_obtained":["Pen Nib"]},{"damage_healed":0.0,"max_hp_gain":0.0,"max_hp_loss":0.0,"gold_gain":0.0,"event_name":"Upgrade Shrine","player_choice":"Upgraded","floor":10.0,"gold_loss":0.0,"damage_taken":0.0,"cards_upgraded":["Defragment"]},{"damage_healed":0.0,"max_hp_gain":0.0,"max_hp_loss":0.0,"gold_gain":0.0,"event_name":"Addict","player_choice":"Obtained Relic","floor":21.0,"gold_loss":85.0,"damage_taken":0.0,"relics_obtained":["Prayer Wheel"]},{"damage_healed":0.0,"max_hp_gain":0.0,"max_hp_loss":0.0,"gold_gain":0.0,"event_name":"Vampires","player_choice":"Ignored","floor":22.0,"gold_loss":0.0,"damage_taken":0.0},{"damage_healed":0.0,"max_hp_gain":0.0,"max_hp_loss":0.0,"gold_gain":0.0,"event_name":"Colosseum","player_choice":"Fight","floor":29.0,"gold_loss":0.0,"damage_taken":0.0},{"damage_healed":0.0,"max_hp_gain":0.0,"max_hp_loss":0.0,"gold_gain":0.0,"event_name":"Colosseum","player_choice":"Fought Nobs","floor":29.0,"gold_loss":0.0,"damage_taken":0.0},{"damage_healed":0.0,"max_hp_gain":0.0,"max_hp_loss":4.0,"gold_gain":0.0,"event_name":"Winding Halls","player_choice":"Max HP","floor":36.0,"gold_loss":0.0,"damage_taken":0.0},{"damage_healed":0.0,"max_hp_gain":0.0,"max_hp_loss":0.0,"gold_gain":0.0,"event_name":"SensoryStone","player_choice":"Memory 1","floor":38.0,"gold_loss":0.0,"damage_taken":0.0},{"damage_healed":0.0,"max_hp_gain":0.0,"max_hp_loss":0.0,"gold_gain":0.0,"event_name":"Mysterious Sphere","player_choice":"Fight","floor":39.0,"gold_loss":0.0,"damage_taken":0.0}],"is_beta":false,"boss_relics":[{"not_picked":["Busted Crown","Tiny House"],"picked":"Black Star"},{"not_picked":["Coffee Dripper","Empty Cage"],"picked":"Cursed Key"}],"items_purged_floors":[31,53],"is_endless":false,"potions_floor_spawned":[6,11,14,19,20,24,25,28,29,39,42,46,47,54],"ascension_level":5}}