{"host":"ymw71f7rc9ndansy","time":1608097283,"event":{"mods":["Aspiration","BaseMod","DeckTracker","Hubris","Library of Ruina","Library of Ruina Extra","Lobotomy","LobotomyExtend","Minty Spire (QoL Compilation)","MostiFishMod","Remove Card Discount Mod","Replay The Spire","StSLib","TestMod","【遗物卡牌】REMEMod"],"gold_per_floor":[110,126,141,141,141,141,173,190,262,262,273,273,306,381,381,485,485,498,486,502,502,498,525,525,558,558,558,577,577,610,627,627,740,740,759,1159,1185,1208,1192,1225,1225,1240,1240,1240,1240,1247,1270,1306,1306,1319,1319],"floor_reached":52,"playtime":1775,"items_purged":["SpecialBullet","SpecialBullet","SpecialBullet","LightAttack","Defend_B","LittleHelper","SpecialBullet","SpecialBullet","SpecialBullet","QueenOfHatred","GreedKing","SpecialBullet","SpecialBullet","LifeForTheDareDevil","TT2Protocol","SummonCall","InformationCode"],"score":1066,"play_id":"f699c38a-fa79-4d53-96d5-c5bc8be156a0","local_time":"20201216134123","is_ascension_mode":true,"campfire_choices":[],"circlet_count":0,"master_deck":["BigBird","Mercenary","LongBird","ApocalypseBird","PunishingBird","TrainingCode","ControlCode","WelfareCode","MostiFishMod:FrostNova","MostiFishMod:WinterMarkForm","TheSmile","Regret_ego","Justitia","GreenStem+1","MostiFishMod:KingOfFree","Regret_ego","Penitence","Regret_ego+1","DisciplinaryCode"],"relics":["CogitoBucket","RabbitCall","testmod-TestBox","DaveBox","REME_ComplimentaryCards","testmod-Mahjong","FrostBlade","Question Card","testmod-Alchemist","Question Card","AspirationHeart","Ancient Tea Set","ImportantClient","DiscerningMonocle","Blue Doll","Vajra","BargainBundle","Quantum Egg","Lee\u0027s Waffle","Replay:Bottled Snecko","testmod-Acrobat","Mirror","Gremlin Horn","InTheNameOfLoveAndHate_r","TreeSap","PageOfPinocchio","testmod-Fanaticism","ChangeAnything","Ying","testmod-OneHitWonder","hubris:CrystalStatue","Replay:Ringing Soul","DianPoetry","hubris:EmptyBottle","ReplayTheSpireMod:Ninjato","Gremlin Food","Twilight","Justitia_r","WantedRequest","Lamp_r"],"acts_visited":["Exordium","TheCity","TheBeyond"],"potions_floor_usage":[30,33],"damage_taken":[{"damage":0,"enemies":"Jaw Worm","floor":1,"turns":1},{"damage":0,"enemies":"2 Louse","floor":2,"turns":1},{"damage":1,"enemies":"Cultist","floor":3,"turns":2},{"damage":0,"enemies":"Lagavulin","floor":7,"turns":4},{"damage":0,"enemies":"Blue Slaver","floor":8,"turns":2},{"damage":49,"enemies":"Exordium Thugs","floor":11,"turns":6},{"damage":19,"enemies":"Replay:BlueRogue","floor":13,"turns":5},{"damage":1,"enemies":"The Guardian","floor":16,"turns":4},{"damage":1,"enemies":"2 Thieves","floor":18,"turns":3},{"damage":1,"enemies":"Chosen","floor":20,"turns":2},{"damage":19,"enemies":"Replay:Snechameleon","floor":23,"turns":2},{"damage":12,"enemies":"Gremlin Leader","floor":25,"turns":3},{"damage":9,"enemies":"Centurion and Healer","floor":28,"turns":4},{"damage":37,"enemies":"REME_1_Revenger","floor":30,"turns":4},{"damage":12,"enemies":"Snake Plant","floor":31,"turns":2},{"damage":4,"enemies":"Automaton","floor":33,"turns":4},{"damage":0,"enemies":"3 Shapes","floor":35,"turns":1},{"damage":59,"enemies":"Orb Walker","floor":37,"turns":3},{"damage":16,"enemies":"Writhing Mass","floor":38,"turns":2},{"damage":0,"enemies":"Reptomancer","floor":40,"turns":2},{"damage":21,"enemies":"Jaw Worm Horde","floor":42,"turns":2},{"damage":0,"enemies":"2 Orb Walkers","floor":46,"turns":2},{"damage":2,"enemies":"4 Shapes","floor":47,"turns":1},{"damage":0,"enemies":"Writhing Mass","floor":48,"turns":2},{"damage":49,"enemies":"FixerMidnight","floor":50,"turns":3}],"seed_played":"-6174743159101023546","potions_obtained":[{"floor":2,"key":"FairyPotion"},{"floor":20,"key":"Swift Potion"},{"floor":31,"key":"testmod-TestPotion"},{"floor":38,"key":"PowerPotion"},{"floor":48,"key":"CultistPotion"}],"is_trial":false,"path_per_floor":["M","M","M","?","?","R","E","M","T","R","M","R","E","?","R","B",null,"M","$","M","?","$","E","?","E","T","R","M","R","E","M","R","B",null,"M","?","M","M","$","E","?","M","T","R","$","?","M","M","R","B",null,null],"character_chosen":"Angela","items_purchased":["Blue Doll","Vajra","BargainBundle","LifeForTheDareDevil","Quantum Egg","Lee\u0027s Waffle","MostiFishMod:KingOfFree","Regret_ego","Replay:Bottled Snecko","Ying","testmod-OneHitWonder","hubris:CrystalStatue","hubris:EmptyBottle","ReplayTheSpireMod:Ninjato","Gremlin Food"],"campfire_rested":0,"item_purchase_floors":[19,19,19,19,22,22,22,22,22,39,39,39,45,45,45],"current_hp_per_floor":[70,70,69,69,80,80,80,80,80,80,59,59,43,32,32,31,90,90,90,89,89,97,78,78,69,69,69,61,61,25,13,13,25,97,97,97,97,97,97,97,97,100,100,100,100,100,101,102,102,103,103],"gold":1319,"neow_bonus":"THREE_RARE_CARDS","is_daily":false,"chose_seed":false,"campfire_upgraded":0,"win_rate":0.0,"timestamp":1608097283,"path_taken":["M","M","M","?","?","R","E","?","T","R","M","R","E","?","R","BOSS","M","$","M","?","$","E","?","E","T","R","M","R","E","M","R","BOSS","M","?","M","M","$","E","?","M","T","R","$","?","M","M","R","BOSS"],"items_purchased_type":["Relic","Relic","Relic","Card","Relic","Relic","Card","Card","Relic","Relic","Relic","Relic","Relic","Relic","Relic"],"build_version":"2020-12-13","purchased_purges":17,"victory":true,"max_hp_per_floor":[70,70,70,70,80,80,80,80,80,80,90,90,90,90,90,90,90,90,90,90,90,97,97,97,97,97,97,97,97,97,97,97,97,97,97,97,97,97,97,97,97,100,100,100,100,100,103,103,103,103,103],"card_choices":[{"not_picked":["DaCapo","ParadiseLost"],"picked":"TheSmile","floor":0},{"not_picked":["Diffraction","CherryBlossom"],"picked":"SKIP","floor":1},{"not_picked":["OldLady","LaLuna"],"picked":"PunishingBird","floor":2},{"not_picked":["Diffraction","Lantern","Noise"],"picked":"SKIP","floor":2},{"not_picked":["CrumblingArmor","OSAHOGD"],"picked":"QueenOfHatred","floor":3},{"not_picked":["ParadiseLost","RedEyes","Heaven"],"picked":"SKIP","floor":3},{"not_picked":["VoidDream","MHz"],"picked":"Yin","floor":7},{"not_picked":["Regret_ego","SomewhereSpear","Heaven"],"picked":"SKIP","floor":7},{"not_picked":["SomewhereSpear","Heaven"],"picked":"Regret_ego","floor":7},{"not_picked":["TodaysExpression","Harmony","CUTE"],"picked":"SKIP","floor":8},{"not_picked":["LaLuna","HappyTeddy"],"picked":"GreedKing","floor":11},{"not_picked":["Soda","RedEyes","Moonlight","Noise"],"picked":"SKIP","floor":11},{"not_picked":["Freischutz","SnowQueen"],"picked":"LittleHelper","floor":13},{"not_picked":["Beak","ParadiseLost","Horn","Soda"],"picked":"SKIP","floor":13},{"not_picked":["WallGazer","ShyLook"],"picked":"BigBird","floor":16},{"not_picked":["DaCapo","Mimicry","ParadiseLost"],"picked":"Justitia","floor":16},{"not_picked":["FourthMatchFlame+1","TodaysExpression","ParadiseLost","RapturousDream"],"picked":"SKIP","floor":18},{"not_picked":["Heaven","Soda","RapturousDream"],"picked":"GreenStem+1","floor":20},{"not_picked":["Ecstasy","InTheNameOfLoveAndHate","ScreamingWedge","RapturousDream"],"picked":"SKIP","floor":23},{"not_picked":["Horn","Christmas","Heaven+1","Hornet"],"picked":"SKIP","floor":25},{"not_picked":["BearPaw+1","Soda","Wingbeat","Noise"],"picked":"SKIP","floor":28},{"not_picked":["RedEyes","Hornet+1","TodaysExpression","Beak"],"picked":"SKIP","floor":30},{"not_picked":["SwordSharpenedByTears","Tough","Moonlight"],"picked":"Penitence","floor":31},{"not_picked":["GalaxyChild","Bloodbath"],"picked":"BlueStar","floor":33},{"not_picked":["Hypocrisy+1","TodaysExpression","GrinderMk4+1"],"picked":"Regret_ego+1","floor":35},{"not_picked":["SomewhereSpear","SwordSharpenedByTears","CrimsonScar+1","Tough"],"picked":"SKIP","floor":37},{"not_picked":["Lantern+1","TodaysExpression","FeatherOfHonor","Lamp+1"],"picked":"SKIP","floor":38},{"not_picked":["Christmas","Justitia","SomewhereSpear+1","TodaysExpression"],"picked":"SKIP","floor":40},{"not_picked":["LaLuna","FieryBird"],"picked":"LongBird","floor":42},{"not_picked":["Loneliness","ShedSkin","BlackSwan_ego","Laetitia_ego"],"picked":"SKIP","floor":42},{"not_picked":["Woodsman","QueenBee"],"picked":"Mercenary","floor":47},{"not_picked":["SolemnVow","CENSORED_ego","RedEyes","Tough+1"],"picked":"SKIP","floor":47},{"not_picked":["Horn","Ecstasy","Beak","Discord+1"],"picked":"SKIP","floor":48}],"player_experience":1008265,"relics_obtained":[{"floor":1,"key":"Question Card"},{"floor":7,"key":"testmod-Alchemist"},{"floor":9,"key":"Question Card"},{"floor":13,"key":"Ancient Tea Set"},{"floor":16,"key":"ImportantClient"},{"floor":23,"key":"testmod-Acrobat"},{"floor":25,"key":"Mirror"},{"floor":26,"key":"Gremlin Horn"},{"floor":30,"key":"PageOfPinocchio"},{"floor":40,"key":"Replay:Ringing Soul"},{"floor":43,"key":"DianPoetry"},{"floor":46,"key":"Twilight"}],"event_choices":[{"damage_healed":0,"gold_gain":0,"player_choice":"Ignored","damage_taken":0,"max_hp_gain":0,"max_hp_loss":0,"event_name":"Liars Game","floor":4,"gold_loss":0},{"cards_removed":["CrackOfDawn"],"damage_healed":1,"gold_gain":0,"player_choice":"Offered Rare","damage_taken":0,"max_hp_gain":10,"max_hp_loss":0,"event_name":"Bonfire Elementals","floor":5,"gold_loss":0},{"damage_healed":0,"gold_gain":75,"player_choice":"Gather Gold","damage_taken":11,"max_hp_gain":0,"max_hp_loss":0,"event_name":"World of Goop","floor":14,"gold_loss":0},{"damage_healed":0,"gold_gain":400,"player_choice":"Sell","damage_taken":0,"max_hp_gain":0,"max_hp_loss":0,"event_name":"恩洛斯的盘子","floor":36,"relics_lost":["hubris:Icosahedron"],"gold_loss":0},{"damage_healed":0,"gold_gain":0,"player_choice":"Ignored","damage_taken":0,"max_hp_gain":0,"max_hp_loss":0,"event_name":"Tomb of Lord Red Mask","floor":41,"gold_loss":0},{"damage_healed":0,"gold_gain":0,"player_choice":"Fight","damage_taken":0,"max_hp_gain":0,"max_hp_loss":0,"event_name":"Mysterious Sphere","floor":46,"gold_loss":0}],"is_beta":false,"boss_relics":[{"not_picked":["testmod-IncinerationGenerator","OneHitWonderSystem"],"picked":"DiscerningMonocle"},{"not_picked":["hubris:ScarierMask","REME_LowDesire"],"picked":"testmod-Fanaticism"}],"items_purged_floors":[19,19,19,19,19,19,19,22,22,39,39,39,39,39,39,39,39],"is_endless":false,"potions_floor_spawned":[2,20,31,38,42,46,48],"ascension_level":3}}