{"host":"p7j7o00jacnw7qzt","time":1608096294,"event":{"mods":["BaseMod","Colored Map","Colored Powertips","DeckTracker","Highlight Path","Minty Spire (QoL Compilation)","Relic Stats"],"gold_per_floor":[113,113,113,38,38,38,69,69,69,69,88,98,125,136,136,136,136],"floor_reached":16,"playtime":465,"items_purged":[],"score":266,"play_id":"d4a7697b-5a90-4648-a3d6-6e8eee62d42f","local_time":"20201216002454","is_ascension_mode":true,"campfire_choices":[{"data":"Accuracy","floor":6.0,"key":"SMITH"},{"data":"Dagger Spray","floor":8.0,"key":"SMITH"},{"data":"Strike_G","floor":10.0,"key":"PURGE"},{"data":"Cloak And Dagger","floor":15.0,"key":"SMITH"}],"circlet_count":0,"master_deck":["AscendersBane","Strike_G","Strike_G","Strike_G","Defend_G","Defend_G","Defend_G","Defend_G","Survivor","Neutralize","Accuracy+1","Dagger Spray+1","Envenom","Cloak And Dagger+1"],"relics":["Ring of the Snake","NeowsBlessing","Peace Pipe","Sundial","TungstenRod"],"acts_visited":["Exordium"],"potions_floor_usage":[16],"damage_taken":[{"damage":0.0,"enemies":"Small Slimes","floor":1.0,"turns":1.0},{"damage":0.0,"enemies":"3 Sentries","floor":7.0,"turns":2.0},{"damage":0.0,"enemies":"2 Louse","floor":11.0,"turns":1.0},{"damage":2.0,"enemies":"Jaw Worm","floor":12.0,"turns":5.0},{"damage":44.0,"enemies":"Lagavulin","floor":13.0,"turns":8.0},{"damage":7.0,"enemies":"Exordium Thugs","floor":14.0,"turns":5.0},{"damage":11,"enemies":"The Guardian","floor":16,"turns":13}],"seed_played":"-3310091978720350631","potions_obtained":[{"floor":13.0,"key":"Explosive Potion"},{"floor":14.0,"key":"DuplicationPotion"}],"is_trial":false,"path_per_floor":["M","?","?","?","$","R","E","R","T","R","M","M","E","M","R","B"],"character_chosen":"THE_SILENT","items_purchased":[],"campfire_rested":0,"item_purchase_floors":[],"current_hp_per_floor":[59,59,64,64,64,64,64,64,64,64,64,62,18,11,11,0,0],"gold":136,"neow_bonus":"THREE_ENEMY_KILL","is_daily":false,"chose_seed":false,"campfire_upgraded":3,"win_rate":0.0,"timestamp":1608096294,"path_taken":["M","?","?","?","$","R","E","R","T","R","M","M","E","?","R","BOSS"],"items_purchased_type":[],"build_version":"2020-12-13","purchased_purges":0,"victory":false,"max_hp_per_floor":[66,66,71,71,71,71,71,71,71,71,71,71,71,71,71,71,71],"relic_stats":{"Peace Pipe":1,"counters":[7,35],"Sundial":[8],"obtain_stats":[{"Peace Pipe":7,"NeowsBlessing":0,"Sundial":9,"TungstenRod":13,"Ring of the Snake":0},{"Peace Pipe":2,"NeowsBlessing":0,"Sundial":2,"TungstenRod":5,"Ring of the Snake":0},{"Peace Pipe":3,"NeowsBlessing":0,"Sundial":3,"TungstenRod":17,"Ring of the Snake":0}],"TungstenRod":11,"Ring of the Snake":[14]},"card_choices":[{"not_picked":["Underhanded Strike","Skewer","Outmaneuver"],"picked":"SKIP","floor":1.0},{"not_picked":["Skewer","Eviscerate"],"picked":"Dagger Spray","floor":7.0},{"not_picked":["Outmaneuver","Deadly Poison"],"picked":"Envenom","floor":11.0},{"not_picked":["Bane","Dodge and Roll","Prepared"],"picked":"SKIP","floor":12.0},{"not_picked":["Riddle With Holes","Eviscerate"],"picked":"Cloak And Dagger","floor":13.0},{"not_picked":["Finisher","Slice","Skewer"],"picked":"SKIP","floor":14.0}],"player_experience":878565,"relics_obtained":[{"floor":7.0,"key":"Peace Pipe"},{"floor":9.0,"key":"Sundial"},{"floor":13.0,"key":"TungstenRod"}],"event_choices":[{"damage_healed":0.0,"max_hp_gain":0.0,"max_hp_loss":0.0,"gold_gain":0.0,"cards_transformed":["Strike_G"],"event_name":"Living Wall","player_choice":"Change","floor":2.0,"gold_loss":0.0,"damage_taken":0.0,"cards_obtained":["Accuracy"]},{"damage_healed":0.0,"max_hp_gain":5.0,"max_hp_loss":0.0,"gold_gain":0.0,"event_name":"Big Fish","player_choice":"Donut","floor":3.0,"gold_loss":0.0,"damage_taken":0.0},{"cards_removed":["Defend_G"],"damage_healed":0.0,"max_hp_gain":0.0,"max_hp_loss":0.0,"gold_gain":0.0,"event_name":"The Cleric","player_choice":"Card Removal","floor":4.0,"gold_loss":75.0,"damage_taken":0.0}],"is_beta":false,"boss_relics":[],"items_purged_floors":[],"is_endless":false,"potions_floor_spawned":[13,14],"killed_by":"The Guardian","ascension_level":20}}