{"host":"c2vrdknshfutmcsq","time":1608128941,"event":{"mods":["BaseMod","Minty Spire (QoL Compilation)"],"gold_per_floor":[113,113,130,147,157,182,182,217,217,251,264,284,303,303,303,408,408,425,434,456,456,456,490,490,490,513,513,513,513],"floor_reached":28,"playtime":2661,"items_purged":[],"score":311,"play_id":"1f1611d1-aef1-4669-9676-d9800d11511d","local_time":"20201216152901","is_ascension_mode":true,"campfire_choices":[{"data":"Heavy Blade","floor":7.0,"key":"SMITH"},{"data":"Second Wind","floor":15.0,"key":"SMITH"},{"data":"Feed","floor":24,"key":"SMITH"},{"data":"Bash","floor":27,"key":"SMITH"}],"circlet_count":0,"master_deck":["Strike_R","Strike_R","Strike_R","Strike_R","Strike_R","Defend_R","Defend_R","Defend_R","Defend_R","Bash+1","Uppercut+1","Heavy Blade+1","Anger","Ghostly Armor","Fiend Fire","Berserk+1","Second Wind+1","Dark Embrace+1","Flame Barrier","Rage","Barricade+1","CurseOfTheBell","Inflame+1","Writhe","Twin Strike+1","Feed+1"],"relics":["Burning Blood","Frozen Egg 2","Mercury Hourglass","Ornamental Fan","Kunai","Calling Bell","PreservedInsect","Eternal Feather","Thread and Needle","CeramicFish","Calipers","Tiny Chest"],"acts_visited":["Exordium","TheCity"],"potions_floor_usage":[22],"damage_taken":[{"damage":3.0,"enemies":"Jaw Worm","floor":1.0,"turns":5.0},{"damage":1.0,"enemies":"Cultist","floor":3.0,"turns":3.0},{"damage":6.0,"enemies":"2 Louse","floor":4.0,"turns":2.0},{"damage":7.0,"enemies":"Large Slime","floor":5.0,"turns":5.0},{"damage":44.0,"enemies":"3 Sentries","floor":6.0,"turns":13.0},{"damage":4.0,"enemies":"Gremlin Nob","floor":8.0,"turns":3.0},{"damage":22.0,"enemies":"3 Sentries","floor":10.0,"turns":6.0},{"damage":2.0,"enemies":"3 Louse","floor":11.0,"turns":2.0},{"damage":4.0,"enemies":"Blue Slaver","floor":12.0,"turns":2.0},{"damage":3.0,"enemies":"Looter","floor":13.0,"turns":2.0},{"damage":19.0,"enemies":"Hexaghost","floor":16.0,"turns":12.0},{"damage":0.0,"enemies":"3 Byrds","floor":18.0,"turns":4.0},{"damage":22.0,"enemies":"Shell Parasite","floor":20.0,"turns":7.0},{"damage":0,"enemies":"Snake Plant","floor":22,"turns":1},{"damage":47,"enemies":"Gremlin Leader","floor":23,"turns":10},{"damage":49,"enemies":"Centurion and Healer","floor":28,"turns":9}],"seed_played":"-3926555279543157367","potions_obtained":[{"floor":1.0,"key":"Fruit Juice"},{"floor":4.0,"key":"SmokeBomb"},{"floor":8.0,"key":"Strength Potion"},{"floor":10.0,"key":"SpeedPotion"},{"floor":11.0,"key":"Ancient Potion"},{"floor":23,"key":"BlessingOfTheForge"}],"is_trial":false,"path_per_floor":["M","?","M","M","M","E","R","E","T","E","M","M","M","?","R","B",null,"M","?","M","?","M","E","R","?","T","R","M"],"character_chosen":"IRONCLAD","items_purchased":[],"campfire_rested":0,"item_purchase_floors":[],"current_hp_per_floor":[88,93,93,93,92,54,54,56,56,40,44,46,49,54,54,41,98,98,98,82,82,88,47,62,42,42,57,8,8],"gold":513,"neow_bonus":"TEN_PERCENT_HP_BONUS","is_daily":false,"chose_seed":false,"campfire_upgraded":4,"win_rate":0.0,"timestamp":1608128941,"path_taken":["M","?","M","M","?","E","R","E","T","E","M","M","M","?","R","BOSS","M","?","M","?","M","E","R","?","T","R","?"],"items_purchased_type":[],"build_version":"2020-12-13","purchased_purges":0,"victory":false,"max_hp_per_floor":[88,93,93,93,93,93,93,93,93,93,93,93,93,98,98,98,98,98,98,98,98,98,98,98,103,103,103,103,103],"card_choices":[{"not_picked":["Shockwave","Blood for Blood"],"picked":"Uppercut","floor":1.0},{"not_picked":["Wild Strike","Sever Soul"],"picked":"Heavy Blade","floor":3.0},{"not_picked":["Havoc","Body Slam"],"picked":"Anger","floor":4.0},{"not_picked":["Warcry","Pommel Strike"],"picked":"Ghostly Armor","floor":5.0},{"not_picked":["Perfected Strike","Cleave"],"picked":"Fiend Fire","floor":6.0},{"not_picked":["Sword Boomerang","Searing Blow"],"picked":"Berserk+1","floor":8.0},{"not_picked":["Uppercut","Pummel"],"picked":"Second Wind","floor":10.0},{"not_picked":["Reckless Charge","Feel No Pain+1"],"picked":"Dark Embrace+1","floor":11.0},{"not_picked":["Body Slam","Twin Strike"],"picked":"Flame Barrier","floor":12.0},{"not_picked":["Searing Blow","Dual Wield"],"picked":"Rage","floor":13.0},{"not_picked":["Reaper","Impervious"],"picked":"Barricade+1","floor":16.0},{"not_picked":["Pummel+1","Body Slam"],"picked":"Inflame+1","floor":18.0},{"not_picked":["Cleave","Armaments"],"picked":"Twin Strike+1","floor":20.0},{"not_picked":["Pommel Strike+1","Clash"],"picked":"Feed","floor":23}],"player_experience":1141090,"relics_obtained":[{"floor":6.0,"key":"Frozen Egg 2"},{"floor":8.0,"key":"Mercury Hourglass"},{"floor":9.0,"key":"Ornamental Fan"},{"floor":10.0,"key":"Kunai"},{"floor":17.0,"key":"PreservedInsect"},{"floor":17.0,"key":"Eternal Feather"},{"floor":17.0,"key":"Thread and Needle"},{"floor":23,"key":"Calipers"},{"floor":26,"key":"Tiny Chest"}],"event_choices":[{"damage_healed":0.0,"max_hp_gain":0.0,"max_hp_loss":0.0,"gold_gain":0.0,"event_name":"Accursed Blacksmith","player_choice":"Forge","floor":2.0,"gold_loss":0.0,"damage_taken":0.0,"cards_upgraded":["Uppercut"]},{"damage_healed":0.0,"max_hp_gain":5.0,"max_hp_loss":0.0,"gold_gain":0.0,"event_name":"Big Fish","player_choice":"Donut","floor":14.0,"gold_loss":0.0,"damage_taken":0.0},{"damage_healed":0.0,"max_hp_gain":0.0,"max_hp_loss":0.0,"gold_gain":0.0,"event_name":"The Mausoleum","player_choice":"Opened","floor":19.0,"gold_loss":0.0,"damage_taken":0.0,"relics_obtained":["CeramicFish"],"cards_obtained":["Writhe"]},{"damage_healed":0.0,"max_hp_gain":0.0,"max_hp_loss":0.0,"gold_gain":0.0,"event_name":"Ghosts","player_choice":"Ignored","floor":21.0,"gold_loss":0.0,"damage_taken":0.0},{"damage_healed":0,"gold_gain":0,"player_choice":"Shed Blood","damage_taken":25,"max_hp_gain":5,"max_hp_loss":0,"event_name":"Forgotten Altar","floor":25,"gold_loss":0}],"is_beta":false,"boss_relics":[{"not_picked":["Astrolabe","SacredBark"],"picked":"Calling Bell"}],"items_purged_floors":[],"is_endless":false,"potions_floor_spawned":[1,4,8,10,11,23],"killed_by":"Centurion and Healer","ascension_level":2}}