{"host":"rylkjufw9dlhr07b","time":1608132474,"event":{"mods":["AchievementEnabler","BaseMod","Better Note","BetterRewards","Hubris","Minty Spire (QoL Compilation)","Quick Restart","Replay The Spire","StSLib","The Necromancer"],"gold_per_floor":[110,185,185,200,213,213,226,244,326,326,326,326,342,356,356,459,459,519,609,609,609,609,609,686,686,757,905,1007,1007,463,554,554,857,857,911,977,1045,1152,1257,1377,1377,1377,1377,1465,1537,1537,1609,1687,1687,1832],"floor_reached":51,"playtime":2551,"items_purged":["ReplayTheSpireMod:Splinters"],"score":752,"play_id":"513a74f7-06dd-4b2c-ba66-222acf306c3b","local_time":"20201216162754","is_ascension_mode":false,"campfire_choices":[{"data":"Spectral_Armor","floor":6.0,"key":"SMITH"},{"floor":11.0,"key":"REST"},{"data":"Flesh_Made_Foul","floor":15.0,"key":"SMITH"},{"data":"Summon_Vampire_Lady","floor":23.0,"key":"SMITH"},{"data":"Bones_to_Steel","floor":29.0,"key":"SMITH"},{"data":"Consume_Illness","floor":32.0,"key":"SMITH"},{"data":"Negative_Energy_Mist","floor":41,"key":"SMITH"},{"data":"Blood_Curse","floor":46,"key":"SMITH"},{"data":"Bone_Armory","floor":49,"key":"SMITH"}],"circlet_count":0,"master_deck":["Strike_W","Strike_W","Strike_W","Strike_W","Defend_W","Defend_W","Defend_W","Defend_W","Negative_Energy_Arrows","Bone_Wall","Bone_Armory+1","Blood_Curse","Necrotic_Claws","Bone_Armory","Blood_Curse+1","Vampiric_Strike","Bone_Bullets","Spectral_Armor+1","Flesh_Made_Foul+1","Negative_Energy_Shield","Bone_Spikes","Bone_Armor","Summon_Vampire_Lady+1","Bones_to_Steel+1","Negative_Energy_Shield","Siphon_Strength+1","Consume_Illness+1","Bone_Armor","Acid_Javelin","Negative_Energy_Sphere","Summon_Lich","Skeleton_Dragon","Scare","Spectral_Armor","Summon_Undead+1","Plague_Bolt","Negative_Energy_Javelin+1","Negative_Energy_Mist+1","Consume_Illness+1","Parasite","Negative_Energy_Sphere","Bone_Prison+1","Hellfire"],"relics":["Vampire_Amulet","hubris:Potato","hubris:SphereOfDissonance","hubris:CrystalStatue","hubris:Icosahedron","Bronze Scales","hubris:Backtick","Replay:Bandana","Blue Candle","Mirror","ReplayTheSpireMod:CursedCoin","hubris:ToyBattleship","Replay:Bottled Steam","hubris:VirtuousBlindfold","hubris:CuriousFeather","hubris:Reverence","hubris:Towel","HornCleat"],"acts_visited":["Exordium","TheCity","TheBeyond"],"potions_floor_usage":[37,38,45,48,50,50],"damage_taken":[{"damage":3.0,"enemies":"Small Slimes","floor":1.0,"turns":3.0},{"damage":0.0,"enemies":"Cultist","floor":4.0,"turns":1.0},{"damage":2.0,"enemies":"Jaw Worm","floor":5.0,"turns":2.0},{"damage":0.0,"enemies":"Looter","floor":7.0,"turns":2.0},{"damage":7.0,"enemies":"Red Slaver","floor":8.0,"turns":3.0},{"damage":1.0,"enemies":"2 Fungi Beasts","floor":13.0,"turns":2.0},{"damage":0.0,"enemies":"Looter","floor":14.0,"turns":2.0},{"damage":18.0,"enemies":"Hexaghost","floor":16.0,"turns":6.0},{"damage":2.0,"enemies":"3 Byrds","floor":18.0,"turns":4.0},{"damage":17.0,"enemies":"Spheric Guardian","floor":19.0,"turns":5.0},{"damage":6.0,"enemies":"Snecko","floor":24.0,"turns":5.0},{"damage":24.0,"enemies":"Centurion and Healer","floor":27.0,"turns":12.0},{"damage":0.0,"enemies":"Chosen and Byrds","floor":28.0,"turns":7.0},{"damage":8.0,"enemies":"Sentry and Sphere","floor":31.0,"turns":7.0},{"damage":41.0,"enemies":"hubris:MusketHawk","floor":33.0,"turns":9.0},{"damage":0,"enemies":"Orb Walker","floor":35,"turns":2},{"damage":16,"enemies":"3 Shapes","floor":36,"turns":6},{"damage":17,"enemies":"Sphere and 2 Shapes","floor":37,"turns":5},{"damage":38,"enemies":"2 Orb Walkers","floor":38,"turns":5},{"damage":3,"enemies":"Maw","floor":39,"turns":7},{"damage":31,"enemies":"Giant Head","floor":40,"turns":8},{"damage":2,"enemies":"Jaw Worm Horde","floor":44,"turns":5},{"damage":0,"enemies":"Writhing Mass","floor":45,"turns":6},{"damage":6,"enemies":"Sphere and 2 Shapes","floor":47,"turns":5},{"damage":0,"enemies":"4 Shapes","floor":48,"turns":5},{"damage":10,"enemies":"hubris:GrandSnecko","floor":50,"turns":13}],"seed_played":"-837542747459323051","potions_obtained":[{"floor":3.0,"key":"Elixir"},{"floor":3.0,"key":"AttackPotion"},{"floor":3.0,"key":"SteroidPotion"},{"floor":7.0,"key":"FearPotion"},{"floor":8.0,"key":"LifebloodPotion"},{"floor":14.0,"key":"Venom Potion"},{"floor":16.0,"key":"Block Potion"},{"floor":19.0,"key":"Ancient Potion"},{"floor":24.0,"key":"AttackPotion"},{"floor":33.0,"key":"Explosive Potion"},{"floor":35,"key":"AttackPotion"},{"floor":39,"key":"Dexterity Potion"},{"floor":40,"key":"SkillPotion"},{"floor":44,"key":"Strength Potion"},{"floor":48,"key":"DuplicationPotion"}],"is_trial":false,"path_per_floor":["M","?","?","M","M","R","M","M","T","?","R","?","M","M","R","B",null,"M","M","?","?","?","R","M","T","T","M","M","R","$","M","R","B",null,"M","M","M","?","M","E","R","?","T","M","M","R","M","M","R","B",null],"character_chosen":"NECROMANCER","items_purchased":["hubris:Potato","hubris:SphereOfDissonance","Bone_Armory","Blood_Curse","Necrotic_Claws","Bone_Armory","Blood_Curse","ReplayTheSpireMod:CursedCoin","hubris:ToyBattleship","CultistPotion","Replay:Bottled Steam","Acid_Javelin","Negative_Energy_Sphere"],"campfire_rested":1,"item_purchase_floors":[0,0,0,0,0,0,0,30,30,30,30,30,30],"current_hp_per_floor":[41,30,30,32,32,32,34,29,29,29,51,44,50,52,52,38,75,75,69,69,72,88,88,87,87,87,88,88,88,88,88,88,67,88,88,88,79,63,78,58,58,58,58,65,77,77,83,88,88,88],"gold":1832,"neow_bonus":"","is_daily":false,"chose_seed":false,"campfire_upgraded":8,"win_rate":0.0,"timestamp":1608132474,"path_taken":["M","?","?","M","M","R","M","?","T","?","R","?","M","M","R","BOSS","M","M","?","?","?","R","?","?","T","?","M","R","?","M","R","BOSS","M","M","M","?","M","E","R","?","T","M","M","R","M","M","R","BOSS"],"items_purchased_type":["Relic","Relic","Card","Card","Card","Card","Card","Relic","Relic","Potion","Relic","Card","Card"],"build_version":"2020-12-13","purchased_purges":1,"victory":true,"max_hp_per_floor":[75,75,75,75,75,75,75,75,75,75,75,75,75,75,75,75,75,75,75,75,78,88,88,88,88,88,88,88,88,88,88,88,88,88,88,88,88,88,88,88,88,88,88,88,88,88,88,88,88,88],"card_choices":[{"not_picked":["Death_March_Dance","Consume_Illness"],"picked":"Vampiric_Strike","floor":1.0},{"not_picked":["Acid_Javelin","Negative_Energy_Burst"],"picked":"Bone_Bullets","floor":4.0},{"not_picked":["Epidemic","Thousand_Bone_Knives"],"picked":"Spectral_Armor","floor":5.0},{"not_picked":["Vampiric_Strike","Thousand_Bone_Knives"],"picked":"Flesh_Made_Foul","floor":7.0},{"not_picked":["Negative_Energy_Javelin","Toxic_Smoke_Screen"],"picked":"Negative_Energy_Shield","floor":8.0},{"not_picked":["Vampiric_Strike","Negative_Energy_Mist"],"picked":"Bone_Spikes","floor":13.0},{"not_picked":["Finger_Of_Death","Requiem"],"picked":"Bone_Armor","floor":14.0},{"not_picked":["Hellfire","Blood_Wake"],"picked":"Summon_Vampire_Lady","floor":16.0},{"not_picked":["Exploit","Death_Coil"],"picked":"Bones_to_Steel","floor":18.0},{"not_picked":["Pandemic","Consume_Illness"],"picked":"Negative_Energy_Shield","floor":19.0},{"not_picked":["Shackles_Of_Pain","Requiem"],"picked":"Siphon_Strength+1","floor":24.0},{"not_picked":["Negative_Energy_Shield+1","Bone_Shift+1"],"picked":"Consume_Illness","floor":27.0},{"not_picked":["Chill_Blood","Death_March_Dance+1"],"picked":"Bone_Armor","floor":28.0},{"not_picked":["Blood_for_Blood","Toxic_Smoke_Screen"],"picked":"Summon_Lich","floor":31.0},{"not_picked":["Negative_Energy_Bomb","Requiem"],"picked":"Skeleton_Dragon","floor":33.0},{"not_picked":["Bone_Armor+1","Shackles_Of_Pain+1"],"picked":"Scare","floor":35},{"not_picked":["Violent_Necrosis","Life_Drain+1"],"picked":"Spectral_Armor","floor":36},{"not_picked":["Negative_Energy_Mist+1","Summon_Lich"],"picked":"Summon_Undead+1","floor":37},{"not_picked":["Life_Drain","Negative_Energy_Bomb"],"picked":"Plague_Bolt","floor":38},{"not_picked":["Negative_Energy_Mist","Chill_Blood+1"],"picked":"Negative_Energy_Javelin+1","floor":39},{"not_picked":["Death_Coil","Flesh_Made_Foul"],"picked":"Negative_Energy_Mist","floor":40},{"not_picked":["Death_March_Dance","Death_Coil+1"],"picked":"Consume_Illness+1","floor":44},{"not_picked":["Plague_Bolt+1","Death_March_Dance+1"],"picked":"Negative_Energy_Sphere","floor":45},{"not_picked":["Negative_Energy_Shield","Blood_Shield+1"],"picked":"Bone_Prison+1","floor":47},{"not_picked":["Toxic_Smoke_Screen+1","Bone_Spikes"],"picked":"Hellfire","floor":48}],"player_experience":606851,"relics_obtained":[{"floor":9.0,"key":"hubris:CrystalStatue"},{"floor":25.0,"key":"Blue Candle"},{"floor":26.0,"key":"Mirror"},{"floor":38,"key":"hubris:CuriousFeather"},{"floor":40,"key":"hubris:Reverence"},{"floor":43,"key":"HornCleat"}],"event_choices":[{"damage_healed":0.0,"max_hp_gain":0.0,"max_hp_loss":0.0,"gold_gain":75.0,"event_name":"World of Goop","player_choice":"Gather Gold","floor":2.0,"gold_loss":0.0,"damage_taken":11.0},{"damage_healed":0.0,"max_hp_gain":0.0,"max_hp_loss":0.0,"gold_gain":0.0,"event_name":"Lab","player_choice":"Got Potions","floor":3.0,"gold_loss":0.0,"damage_taken":0.0},{"damage_healed":0.0,"max_hp_gain":0.0,"max_hp_loss":0.0,"gold_gain":0.0,"event_name":"Scrap Ooze","player_choice":"Success","floor":12.0,"gold_loss":0.0,"damage_taken":7.0,"relics_obtained":["Bronze Scales"]},{"cards_removed":["Blood_Curse"],"damage_healed":0.0,"max_hp_gain":0.0,"max_hp_loss":0.0,"gold_gain":0.0,"event_name":"betterNote:BetterNote","player_choice":"Take \u0026 Give","floor":20.0,"gold_loss":0.0,"damage_taken":0.0,"cards_obtained":["hubris:StunningStrike"]},{"cards_removed":["hubris:StunningStrike"],"damage_healed":6.0,"max_hp_gain":10.0,"max_hp_loss":0.0,"gold_gain":0.0,"event_name":"Bonfire Elementals","player_choice":"Offered Rare","floor":22.0,"gold_loss":0.0,"damage_taken":0.0},{"damage_healed":0,"gold_gain":0,"player_choice":"Fight","damage_taken":0,"max_hp_gain":0,"max_hp_loss":0,"event_name":"Mysterious Sphere","floor":38,"gold_loss":0}],"is_beta":false,"boss_relics":[{"not_picked":["Ectoplasm","Busted Crown"],"picked":"hubris:Backtick"},{"not_picked":["hubris:ScarierMask","SlaversCollar"],"picked":"hubris:VirtuousBlindfold"}],"items_purged_floors":[30],"is_endless":false,"potions_floor_spawned":[7,8,14,16,19,24,33,35,39,40,44,48],"ascension_level":0}}