{"host":"bq4pt811tk9yrmjl","time":1608128324,"event":{"mods":["AchievementEnabler","BaseMod","Colored Map","Colored Powertips","Defuse TimeMaze Blight","Minty Spire (QoL Compilation)","StSLib","SuperFastMode","UnlockEverythingMod"],"gold_per_floor":[115,170,170,146,161,161,193,212,212,225,400,179,189,202,202,299,299,314,314,314,331,349,349,349,349],"floor_reached":24,"playtime":465,"items_purged":["Doubt"],"score":234,"play_id":"404f63c6-eba3-44e6-8a88-0834d01b35ab","local_time":"20201216121844","is_ascension_mode":true,"campfire_choices":[{"data":"Body Slam","floor":6,"key":"SMITH"},{"data":"Armaments","floor":15,"key":"SMITH"},{"floor":23,"key":"REST"}],"circlet_count":0,"master_deck":["Strike_R","Strike_R","Strike_R","Strike_R","Strike_R","Defend_R","Defend_R","Defend_R","Defend_R","Bash+1","Clash","Twin Strike","Body Slam+1","Armaments+1","Thunderclap","Flame Barrier","Bludgeon","Spot Weakness","Whirlwind"],"relics":["Black Blood","NeowsBlessing","Omamori","Nloth\u0027s Gift"],"acts_visited":["Exordium","TheCity"],"potions_floor_usage":[16,18],"damage_taken":[{"damage":0,"enemies":"2 Louse","floor":1,"turns":1},{"damage":0,"enemies":"Jaw Worm","floor":5,"turns":1},{"damage":0,"enemies":"3 Sentries","floor":7,"turns":1},{"damage":1,"enemies":"Cultist","floor":8,"turns":3},{"damage":0,"enemies":"3 Louse","floor":10,"turns":3},{"damage":7,"enemies":"Blue Slaver","floor":13,"turns":3},{"damage":5,"enemies":"Looter","floor":14,"turns":3},{"damage":48,"enemies":"Hexaghost","floor":16,"turns":6},{"damage":22,"enemies":"Shell Parasite","floor":18,"turns":4},{"damage":24,"enemies":"2 Thieves","floor":21,"turns":5},{"damage":32,"enemies":"Chosen and Byrds","floor":22,"turns":6},{"damage":0,"enemies":"Cultist and Chosen","floor":24,"turns":1}],"seed_played":"-1093373624587909276","potions_obtained":[{"floor":10,"key":"CultistPotion"},{"floor":14,"key":"DuplicationPotion"},{"floor":16,"key":"Dexterity Potion"}],"is_trial":false,"path_per_floor":["M","?","?","$","M","R","E","M","T","M","?","$","M","M","R","B",null,"M","?","?","M","M","R","M"],"character_chosen":"IRONCLAD","items_purchased":["Twin Strike","Omamori"],"campfire_rested":1,"item_purchase_floors":[4,12],"current_hp_per_floor":[80,80,80,80,80,80,80,80,80,80,80,80,79,80,80,38,80,70,70,70,58,38,62,62,62],"gold":349,"neow_bonus":"THREE_ENEMY_KILL","is_daily":false,"chose_seed":false,"campfire_upgraded":2,"win_rate":0.0,"timestamp":1608128324,"path_taken":["M","?","?","$","M","R","E","M","T","?","?","$","M","M","R","BOSS","M","?","?","?","M","R","M"],"items_purchased_type":["Card","Relic"],"build_version":"2020-12-13","purchased_purges":1,"victory":false,"max_hp_per_floor":[80,80,80,80,80,80,80,80,80,80,80,80,80,80,80,80,80,80,80,80,80,80,80,80,80],"card_choices":[{"not_picked":["Headbutt","Armaments"],"picked":"Clash","floor":1},{"not_picked":["Fire Breathing","Clash"],"picked":"Body Slam","floor":5},{"not_picked":["True Grit","Bloodletting"],"picked":"Armaments","floor":7},{"not_picked":["Clothesline","Wild Strike"],"picked":"Thunderclap","floor":8},{"not_picked":["Shrug It Off","Thunderclap"],"picked":"Flame Barrier","floor":10},{"not_picked":["Armaments","Heavy Blade"],"picked":"Bludgeon","floor":13},{"not_picked":["Feel No Pain","Clash","Thunderclap"],"picked":"SKIP","floor":14},{"not_picked":["Rupture","Heavy Blade"],"picked":"Spot Weakness","floor":18},{"not_picked":["Intimidate","Iron Wave"],"picked":"Whirlwind","floor":21},{"not_picked":["Twin Strike","True Grit","Clash"],"picked":"SKIP","floor":22}],"player_experience":57789,"relics_obtained":[{"floor":7,"key":"Centennial Puzzle"}],"event_choices":[{"damage_healed":0,"gold_gain":55,"player_choice":"Gained Gold","damage_taken":0,"max_hp_gain":0,"max_hp_loss":0,"event_name":"Golden Wing","floor":2,"gold_loss":0},{"damage_healed":0,"gold_gain":0,"player_choice":"Grow","damage_taken":0,"max_hp_gain":0,"max_hp_loss":0,"event_name":"Living Wall","floor":3,"gold_loss":0,"cards_upgraded":["Bash"]},{"damage_healed":0,"gold_gain":175,"player_choice":"AGREE","damage_taken":0,"max_hp_gain":0,"max_hp_loss":0,"event_name":"Liars Game","floor":11,"gold_loss":0,"cards_obtained":["Doubt"]},{"damage_healed":0,"gold_gain":0,"player_choice":"Ignored","damage_taken":0,"max_hp_gain":0,"max_hp_loss":0,"event_name":"Vampires","floor":19,"gold_loss":0},{"damage_healed":0,"gold_gain":0,"player_choice":"Traded Relic","damage_taken":0,"relics_obtained":["Nloth\u0027s Gift"],"max_hp_gain":0,"max_hp_loss":0,"event_name":"N\u0027loth","floor":20,"relics_lost":["Centennial Puzzle"],"gold_loss":0}],"is_beta":false,"boss_relics":[{"not_picked":["Astrolabe","Philosopher\u0027s Stone"],"picked":"Black Blood"}],"items_purged_floors":[12],"is_endless":false,"potions_floor_spawned":[10,14,16],"killed_by":"Cultist and Chosen","ascension_level":1}}