{"host":"aukiz5jlacd3g5yc","time":1608089290,"event":{"mods":["2.2 Compatiblity","BaseMod","Bestiary","Colored Map","Colored Powertips","Downfall","GifTheSpireLib","Highlight Path","Hubris","Infinite Spire","Marisa????????","Minty Spire (QoL Compilation)","Permanent Neow","Quick Restart","Random Character Button","Rare Cards Sparkle","Relic Sorter","Relic Stats","Replay The Spire","StSLib","Unknown Chances","everything is the same but u backflip on backflip","slay the spire mod where everything is the same but ironclad has a cowboy hat"],"gold_per_floor":[99,119,119,119,119],"floor_reached":4,"playtime":217,"items_purged":[],"score":23,"play_id":"fa687841-d6d8-4af0-a5ef-33ac956af395","local_time":"20201215212810","daily_mods":["SealedDeck","Red Cards","DeadlyEvents","Elite Swarm"],"is_ascension_mode":true,"campfire_choices":[{"data":"ReplayTheSpireMod:Strike From Hell","floor":1,"key":"SMITH"}],"circlet_count":0,"master_deck":["ReplayTheSpireMod:Strike From Hell+1","Wild Strike","Wild Strike","Dark Embrace","Dark Embrace","Defy Death","Havoc","Abandon","Dark Embrace","Havoc","champ:VampiricStrike"],"relics":["Burning Blood"],"acts_visited":["Exordium"],"potions_floor_usage":[],"damage_taken":[{"damage":0,"enemies":"Small Slimes","floor":2,"turns":2},{"damage":27,"enemies":"3 Sentries","floor":4,"turns":4}],"seed_played":"-3919578570378121739","potions_obtained":[],"is_trial":true,"path_per_floor":["R","M","?","E"],"character_chosen":"IRONCLAD","items_purchased":[],"campfire_rested":0,"item_purchase_floors":[],"current_hp_per_floor":[80,80,80,53,53],"gold":119,"neow_bonus":"","is_daily":false,"chose_seed":false,"campfire_upgraded":1,"win_rate":0.0,"timestamp":1608089290,"path_taken":["R","M","?","E"],"items_purchased_type":[],"build_version":"2020-12-13","purchased_purges":0,"victory":false,"max_hp_per_floor":[80,80,80,80,80],"relic_stats":{"counters":[2,6],"obtain_stats":[{"Burning Blood":0},{"Burning Blood":0},{"Burning Blood":0}],"Burning Blood":0},"card_choices":[{"not_picked":["champ:BladeFlurry","Dark Embrace"],"picked":"Searing Blow","floor":2}],"player_experience":367200,"relics_obtained":[],"event_choices":[{"damage_healed":0,"gold_gain":0,"cards_transformed":["Searing Blow"],"player_choice":"Transformed","damage_taken":0,"max_hp_gain":0,"max_hp_loss":0,"event_name":"Transmorgrifier","floor":3,"gold_loss":0,"cards_obtained":["champ:VampiricStrike"]}],"is_beta":false,"boss_relics":[],"items_purged_floors":[],"is_endless":false,"potions_floor_spawned":[],"killed_by":"3 Sentries","ascension_level":1}}