{"host":"z6c1sol8rulx2ubz","time":1608077024,"event":{"mods":["AchievementEnabler","Act Like it!","BaseMod","Better Note","Better Third Choice","Downfall","Elementarium","Gold Saver","Hallownest","Hermit","Hubris","Infinite Spire","Jorbs\u0027s Wanderer Trilogy","Minty Spire (QoL Compilation)","Potionbrewer","Quick Restart","Rare Cards Sparkle","Reorder Act Four","StSLib","The Animator","The Bug Knight","The Cursed","The Necromancer","Wandering Minibosses"],"gold_per_floor":[119,119,119,132,147,177,177,206,232,306,379,379,413,429,429,532,532,545,564,564,564,584,584,584],"floor_reached":23,"playtime":1715,"items_purged":[],"score":234,"play_id":"ca24d437-5554-4b2e-b77c-c290b0e92464","local_time":"20201216000344","is_ascension_mode":false,"campfire_choices":[{"floor":12,"key":"REST"},{"floor":15,"key":"REST"}],"circlet_count":0,"master_deck":["TheCursedMod:Strike_TheCursed","TheCursedMod:Strike_TheCursed","TheCursedMod:Strike_TheCursed","TheCursedMod:Defend_TheCursed","TheCursedMod:Defend_TheCursed","TheCursedMod:Defend_TheCursed","TheCursedMod:Defend_TheCursed","TheCursedMod:CursedWand","TheCursedMod:CleanUpWorkshop","TheCursedMod:Dregs","stsjorbsmod:Amnesia","TheCursedMod:DemonSword","TheCursedMod:SpitefulPlan","TheCursedMod:Mangle","TheCursedMod:Stigma","TheCursedMod:SurpriseAttack","TheCursedMod:CollectTribute","TheCursedMod:BlessingInDisguise","TheCursedMod:CursedAmulet","TheCursedMod:ReleasedStrength","TheCursedMod:CircleOfAbyss","TheCursedMod:CursedAmulet","TheCursedMod:CursedMace+1","TheCursedMod:Obscuration","TheCursedMod:FleshFromBone"],"relics":["TheCursedMod:BlackMagic101","GremlinMask","Oddly Smooth Stone","hubris:MysteriousPyramids","Blue Candle","HollowMod:LifeEnderRelic","Black Star"],"acts_visited":["Exordium","TheCity"],"potions_floor_usage":[13,22,23,23],"damage_taken":[{"damage":3,"enemies":"Small Slimes","floor":1,"turns":3},{"damage":0,"enemies":"2 Louse","floor":4,"turns":3},{"damage":1,"enemies":"Cultist","floor":5,"turns":4},{"damage":27,"enemies":"3 Sentries","floor":6,"turns":11},{"damage":26,"enemies":"Gremlin Nob","floor":8,"turns":4},{"damage":1,"enemies":"3 Sentries","floor":13,"turns":7},{"damage":1,"enemies":"Looter","floor":14,"turns":3},{"damage":36,"enemies":"Hexaghost","floor":16,"turns":8},{"damage":5,"enemies":"Chosen","floor":18,"turns":6},{"damage":16,"enemies":"Spheric Guardian","floor":19,"turns":7},{"damage":30,"enemies":"Snake Plant","floor":22,"turns":5},{"damage":46,"enemies":"Slavers","floor":23,"turns":5}],"seed_played":"8613913766509909622","potions_obtained":[{"floor":6,"key":"potionbrewer:NoxiousPotion"},{"floor":8,"key":"Ancient Potion"},{"floor":16,"key":"LiquidBronze"},{"floor":19,"key":"potionbrewer:ToxicPotion"}],"is_trial":false,"path_per_floor":["M","?","?","M","M","E","?","E","T","?","T","R","E","M","R","B",null,"M","M","?","?","M","E"],"character_chosen":"THE_CURSED","items_purchased":[],"campfire_rested":2,"item_purchase_floors":[],"current_hp_per_floor":[72,72,72,72,71,44,44,18,18,18,18,40,39,38,60,24,75,70,54,75,75,45,0,0],"gold":584,"neow_bonus":"THREE_RARE_CARDS","is_daily":false,"chose_seed":false,"campfire_upgraded":0,"win_rate":0.0,"timestamp":1608077024,"path_taken":["M","?","?","M","?","E","?","E","T","?","?","R","E","M","R","BOSS","M","M","?","?","M","E"],"items_purchased_type":[],"build_version":"2020-12-13","purchased_purges":0,"victory":false,"max_hp_per_floor":[75,75,75,75,75,75,75,75,75,75,75,75,75,75,75,75,75,75,75,75,75,75,75,75],"card_choices":[{"not_picked":["TheCursedMod:UltimatePain","TheCursedMod:NeowsMight"],"picked":"TheCursedMod:DemonSword","floor":0},{"not_picked":["TheCursedMod:CircleOfFlame","TheCursedMod:CircleOfBlood"],"picked":"TheCursedMod:SpitefulPlan","floor":1},{"not_picked":["TheCursedMod:RavingStaff","TheCursedMod:Stretching"],"picked":"TheCursedMod:Stigma","floor":4},{"not_picked":["TheCursedMod:ReleasedKnowledge","TheCursedMod:CircleOfFlame"],"picked":"TheCursedMod:SurpriseAttack","floor":5},{"not_picked":["TheCursedMod:AbyssShockwave","TheCursedMod:CircleOfBlood"],"picked":"TheCursedMod:CollectTribute","floor":6},{"not_picked":["TheCursedMod:BlessingInDisguise","TheCursedMod:CursedShiv"],"picked":"TheCursedMod:CursedAmulet","floor":8},{"not_picked":["TheCursedMod:CursedStaff","TheCursedMod:BloodBarrier"],"picked":"TheCursedMod:ReleasedStrength","floor":13},{"not_picked":["TheCursedMod:Stigma","TheCursedMod:CircleOfCorruption","TheCursedMod:Wield"],"picked":"SKIP","floor":14},{"not_picked":["TheCursedMod:CursedRelics","TheCursedMod:UltimatePain"],"picked":"TheCursedMod:CircleOfAbyss","floor":16},{"not_picked":["TheCursedMod:Stretching","TheCursedMod:CursedMace"],"picked":"TheCursedMod:CursedAmulet","floor":18},{"not_picked":["TheCursedMod:CircleOfFocus","TheCursedMod:CircleOfCorruption"],"picked":"TheCursedMod:CursedMace+1","floor":19},{"not_picked":["TheCursedMod:Obscuration","TheCursedMod:CursedStaff"],"picked":"TheCursedMod:FleshFromBone","floor":22}],"player_experience":243955,"relics_obtained":[{"floor":6,"key":"Oddly Smooth Stone"},{"floor":8,"key":"hubris:MysteriousPyramids"},{"floor":11,"key":"Blue Candle"},{"floor":13,"key":"HollowMod:LifeEnderRelic"}],"event_choices":[{"damage_healed":0,"gold_gain":0,"cards_transformed":["TheCursedMod:Strike_TheCursed"],"player_choice":"Change","damage_taken":0,"max_hp_gain":0,"max_hp_loss":0,"event_name":"Living Wall","floor":2,"gold_loss":0,"cards_obtained":["TheCursedMod:Mangle"]},{"damage_healed":0,"gold_gain":0,"player_choice":"Trade","damage_taken":0,"relics_obtained":["GremlinMask"],"max_hp_gain":0,"max_hp_loss":0,"event_name":"FaceTrader","floor":3,"gold_loss":0},{"damage_healed":0,"gold_gain":74,"player_choice":"Gained Gold","damage_taken":0,"max_hp_gain":0,"max_hp_loss":0,"event_name":"Golden Wing","floor":10,"gold_loss":0},{"damage_healed":21,"gold_gain":0,"player_choice":"Full Heal","damage_taken":0,"max_hp_gain":0,"max_hp_loss":0,"event_name":"Wheel of Change","floor":20,"gold_loss":0},{"damage_healed":0,"gold_gain":0,"player_choice":"Take","damage_taken":0,"max_hp_gain":0,"max_hp_loss":0,"event_name":"betterNote:BetterNote","floor":21,"gold_loss":0,"cards_obtained":["TheCursedMod:Obscuration"]}],"is_beta":false,"boss_relics":[{"not_picked":["TheCursedMod:BlackMagicAdvanced","hubris:ScarierMask"],"picked":"Black Star"}],"items_purged_floors":[],"is_endless":false,"potions_floor_spawned":[6,8,16,19],"killed_by":"Slavers","ascension_level":0}}