{"host":"ilxricga2547gmyy","time":1608161592,"event":{"mods":["AchievementEnabler","BaseMod","Minty Spire (QoL Compilation)","Quick Restart","Replay The Spire","StSLib"],"gold_per_floor":[109,109,126,47,57,89,89,122,168,195,225,242,262,262,262,262,262],"floor_reached":16,"playtime":418,"items_purged":[],"score":168,"play_id":"f62d0765-f816-4eee-9084-e879d181aa43","local_time":"20201217003312","is_ascension_mode":true,"campfire_choices":[{"data":"Whirlwind","floor":7,"key":"SMITH"},{"floor":15,"key":"DIG"}],"circlet_count":0,"master_deck":["Strike_R","Strike_R","Strike_R+1","Strike_R+1","Strike_R","Defend_R","Defend_R","Defend_R","Defend_R","Bash","Cleave","Whirlwind+1","Inflame","Ghostly Armor","Shrug It Off","Iron Wave+1","Reaper"],"relics":["Burning Blood","NeowsBlessing","Meat on the Bone","Juzu Bracelet","ReplayFunnel","Matryoshka","Bag of Preparation","Quantum Egg"],"acts_visited":["Exordium"],"potions_floor_usage":[6,6,6],"damage_taken":[{"damage":0,"enemies":"Small Slimes","floor":1,"turns":1},{"damage":0,"enemies":"2 Louse","floor":3,"turns":1},{"damage":0,"enemies":"Jaw Worm","floor":5,"turns":1},{"damage":4,"enemies":"3 Sentries","floor":6,"turns":6},{"damage":36,"enemies":"Gremlin Nob","floor":8,"turns":5},{"damage":47,"enemies":"Lagavulin","floor":10,"turns":7},{"damage":0,"enemies":"Lots of Slimes","floor":12,"turns":1},{"damage":0,"enemies":"3 Louse","floor":13,"turns":1},{"damage":61,"enemies":"The Guardian","floor":16,"turns":16}],"seed_played":"-5443514646421877516","potions_obtained":[{"floor":1,"key":"SkillPotion"},{"floor":3,"key":"ColorlessPotion"},{"floor":5,"key":"HeartOfIron"}],"is_trial":false,"path_per_floor":["M","?","M","$","M","E","R","E","T","E","?","M","M","?","R","B"],"character_chosen":"IRONCLAD","items_purchased":["Whirlwind"],"campfire_rested":0,"item_purchase_floors":[4],"current_hp_per_floor":[78,62,68,68,74,76,76,58,58,29,29,47,53,53,53,0,0],"gold":262,"neow_bonus":"THREE_ENEMY_KILL","is_daily":false,"chose_seed":false,"campfire_upgraded":1,"win_rate":0.0,"timestamp":1608161592,"path_taken":["M","?","M","$","M","E","R","E","T","E","?","M","M","?","R","BOSS"],"items_purchased_type":["Card"],"build_version":"2020-12-13","purchased_purges":0,"victory":false,"max_hp_per_floor":[80,80,80,80,80,80,80,80,80,80,80,80,80,80,80,80,80],"card_choices":[{"not_picked":["Dual Wield","Dark Embrace"],"picked":"Cleave","floor":1},{"not_picked":["Havoc","Rampage","Blood for Blood"],"picked":"SKIP","floor":3},{"not_picked":["Shrug It Off","Power Through"],"picked":"Inflame","floor":5},{"not_picked":["True Grit","Wild Strike"],"picked":"Ghostly Armor","floor":6},{"not_picked":["Pummel","Sword Boomerang"],"picked":"Shrug It Off","floor":8},{"not_picked":["Wild Strike","Disarm"],"picked":"Iron Wave","floor":10},{"not_picked":["Shrug It Off","Pommel Strike"],"picked":"Reaper","floor":12},{"not_picked":["Run Through","ReplayTheSpireMod:LeadingStrike","Perfected Strike"],"picked":"SKIP","floor":13}],"player_experience":232161,"relics_obtained":[{"floor":6,"key":"Meat on the Bone"},{"floor":8,"key":"Juzu Bracelet"},{"floor":9,"key":"ReplayFunnel"},{"floor":10,"key":"Matryoshka"},{"floor":15,"key":"Quantum Egg"}],"event_choices":[{"damage_healed":0,"gold_gain":0,"player_choice":"Entered Light","damage_taken":16,"max_hp_gain":0,"max_hp_loss":0,"event_name":"Shining Light","floor":2,"gold_loss":0,"cards_upgraded":["Strike_R","Strike_R"]},{"damage_healed":0,"gold_gain":30,"player_choice":"Searched \u00272\u0027 times","damage_taken":0,"relics_obtained":["Bag of Preparation"],"max_hp_gain":0,"max_hp_loss":0,"event_name":"Dead Adventurer","floor":11,"gold_loss":0}],"is_beta":false,"boss_relics":[],"items_purged_floors":[],"is_endless":false,"potions_floor_spawned":[1,3,5],"killed_by":"The Guardian","ascension_level":8}}