{"host":"kdxx03a4p3nl7qnm","time":1608086221,"event":{"mods":["AchievementEnabler","Act Like it!","BaseMod","Better Altar","Better Third Choice","Better Vampires","Conspire","Defuse TimeMaze Blight","Downfall","Elementarium","Hallownest","Infinite Spire","Luminous","Mimic Mod","Minty Spire (QoL Compilation)","Quick Restart","StSLib","The Alterego","The Jungle","The Kombatant","TheBandit","TheSwordswoman","TheVacant","Waifu the Spire"],"gold_per_floor":[99,113,113,38,69,85,85,156,183,183,24,42,52,71,87,87,87],"floor_reached":16,"playtime":719,"items_purged":[],"score":102,"play_id":"2a6040ff-e9de-4426-aa0d-0499033caeff","local_time":"20201215203701","is_ascension_mode":false,"campfire_choices":[{"floor":1,"key":"RECALL"},{"data":"Slimebound:RollThrough","floor":4,"key":"SMITH"},{"data":"Slimebound:Split","floor":10,"key":"SMITH"}],"circlet_count":0,"master_deck":["Slimebound:Strike_Slimebound+1","Slimebound:Strike_Slimebound+1","Slimebound:Strike_Slimebound","Slimebound:Tackle","Slimebound:Defend_Slimebound+1","Slimebound:Defend_Slimebound","Slimebound:Defend_Slimebound","Slimebound:Defend_Slimebound","Slimebound:Split+1","Slimebound:CorrosiveSpit","Slimebound:RollThrough+1","Regret","Slimebound:LeechEnergy","Slimebound:GoopTackle","Slimebound:SplitMire","Slimebound:MegaLick","Slimebound:BestDefense","Slimebound:RollThrough"],"relics":["conspire:SpecialSausage","downfall:HeartBlessingRed","Anchor","infinitespire:Eraser","infinitespire:WardingShard","Strange Spoon"],"acts_visited":["Exordium"],"potions_floor_usage":[16,16,16,16,16],"damage_taken":[{"damage":4,"enemies":"Small Slimes","floor":2,"turns":4},{"damage":15,"enemies":"conspire:MimicChest","floor":5,"turns":4},{"damage":0,"enemies":"2 Louse","floor":6,"turns":1},{"damage":10,"enemies":"Gremlin Nob","floor":9,"turns":3},{"damage":17,"enemies":"downfall:FleeingMerchant","floor":11,"turns":4},{"damage":4,"enemies":"Jaw Worm","floor":12,"turns":2},{"damage":6,"enemies":"Blue Slaver","floor":13,"turns":2},{"damage":4,"enemies":"Exordium Wildlife","floor":14,"turns":2},{"damage":8,"enemies":"Exordium Thugs","floor":15,"turns":2},{"damage":32,"enemies":"downfall:Watcher","floor":16,"turns":7}],"seed_played":"-8248525149510742944","potions_obtained":[{"floor":5,"key":"PowerPotion"},{"floor":9,"key":"SpeedPotion"},{"floor":13,"key":"EntropicBrew"},{"floor":14,"key":"conspire:TimeTravelPotion"}],"is_trial":false,"path_per_floor":["R","M","?","R","?","M","T","T","E","R","$","M","M","M","M","B"],"character_chosen":"SLIMEBOUND","items_purchased":["Strange Spoon"],"campfire_rested":0,"item_purchase_floors":[11],"current_hp_per_floor":[60,60,60,60,49,49,49,49,39,39,34,34,32,32,32,0,0],"gold":87,"neow_bonus":"BOSS_RELIC","is_daily":false,"chose_seed":false,"campfire_upgraded":2,"win_rate":0.0,"timestamp":1608086221,"path_taken":["R","M","?","R","?","M","T","?","E","R","?","M","?","M","M","BOSS"],"items_purchased_type":["Relic"],"build_version":"2020-12-13","purchased_purges":0,"victory":false,"max_hp_per_floor":[60,60,60,60,60,60,60,60,60,60,60,60,60,60,60,60,60],"card_choices":[{"not_picked":["Slimebound:LeechEnergy","Slimebound:Nibble"],"picked":"Slimebound:RollThrough","floor":2},{"not_picked":["Slimebound:ViciousTackle","Slimebound:RejuvenatingLick"],"picked":"Slimebound:LeechEnergy","floor":5},{"not_picked":["Slimebound:ComboTackle","Slimebound:FinishingTackle"],"picked":"Slimebound:GoopTackle","floor":6},{"not_picked":["Slimebound:Overexert","Slimebound:GoopSpray"],"picked":"Slimebound:SplitMire","floor":9},{"not_picked":["Slimebound:SplitMire","Slimebound:Schlurp","Slimebound:RollThrough"],"picked":"SKIP","floor":11},{"not_picked":["Slimebound:FirmFortitude","Slimebound:Schlurp"],"picked":"Slimebound:MegaLick","floor":12},{"not_picked":["Slimebound:DisruptingSlam","Slimebound:SlimeBarrage"],"picked":"Slimebound:BestDefense","floor":13},{"not_picked":["Slimebound:LevelUp","Slimebound:GrowthPunch","Slimebound:ItLooksTasty"],"picked":"SKIP","floor":14},{"not_picked":["Slimebound:DisruptingSlam","Slimebound:TongueLash"],"picked":"Slimebound:RollThrough","floor":15}],"player_experience":70645,"relics_obtained":[{"floor":5,"key":"Anchor"},{"floor":8,"key":"infinitespire:Eraser"},{"floor":9,"key":"infinitespire:WardingShard"}],"event_choices":[],"is_beta":false,"boss_relics":[],"items_purged_floors":[],"is_endless":false,"potions_floor_spawned":[5,9,13,14],"killed_by":"downfall:Watcher","ascension_level":0}}