{"host":"1ekcoogqdgv35x0i","time":1608086471,"event":{"mods":["AchievementEnabler","Act Like it!","AlwaysNeverKeys","Aspiration","BaseMod","Better Note","Better Sensory Stone","Block Reminder","Colored Powertips","Conspire","Disable Question Mark Monsters","Downfall","Halation","Hermit","Hubris","Infinite Spire","Magitek Elite","Mimic Mod","Minty Spire (QoL Compilation)","Quick Restart","Rare Cards Sparkle","Replay The Spire","Shop Mod","StSLib","The Animator","The Cursed","The Death Knight","The Druid","The Elementalist","The Hierophant","The Judge","The Jungle","The Mystic","Wandering Minibosses"],"gold_per_floor":[99,124,124,124,140,140,140,154,181,106,117,112,112,130,147,239,239,239,244,267,267,267,257,257],"floor_reached":23,"playtime":1270,"items_purged":[],"score":244,"play_id":"0dfe71f0-1de7-4d43-9466-c37f0805a091","local_time":"20201215204111","is_ascension_mode":false,"campfire_choices":[{"data":"hexamod:Sear","floor":1,"key":"SMITH"},{"data":"hexamod:SpectersWail","floor":6,"key":"SMITH"},{"floor":10,"key":"REST"},{"data":"hexamod:VolcanoVisage","floor":18,"key":"SMITH"}],"circlet_count":0,"master_deck":["hexamod:Strike","hexamod:Strike","hexamod:Strike","hexamod:Defend","hexamod:Defend","hexamod:Defend","hexamod:Defend","hexamod:Sear+1","hexamod:Float","hexamod:ThirdSeal","hexamod:SpectersWail+1","hexamod:SkipABeat","hexamod:FourthSeal","hexamod:Rewind","hexamod:ExtraCrispy","hexamod:GhostOfSpirePast","hexamod:WildfireWeapon","hexamod:RadiantFlame","hexamod:VolcanoVisage+1","hexamod:FifthSeal","hexamod:SearingWound","hexamod:SecondSeal","hexamod:AdvancingGuard+1"],"relics":["hexamod:SpiritBrand","infinitespire:Lychee Nut","Orichalcum","Bronze Scales","Replay:Accelerometer","downfall:HeartBlessingGreen","downfall:BrokenWingStatue","aspiration:RunicSpoon","hubris:ToyBattleship"],"acts_visited":["Exordium","TheCity"],"potions_floor_usage":[9,16,16,16,19,20,20],"damage_taken":[{"damage":40,"enemies":"Gremlin Nob","floor":2,"turns":5},{"damage":4,"enemies":"2 Louse","floor":5,"turns":3},{"damage":0,"enemies":"Small Slimes","floor":8,"turns":3},{"damage":32,"enemies":"Lagavulin","floor":9,"turns":8},{"damage":0,"enemies":"Cultist","floor":11,"turns":3},{"damage":6,"enemies":"Blue Slaver","floor":12,"turns":6},{"damage":0,"enemies":"3 Louse","floor":14,"turns":2},{"damage":15,"enemies":"Lots of Slimes","floor":15,"turns":2},{"damage":13,"enemies":"downfall:Ironclad","floor":16,"turns":6},{"damage":14,"enemies":"Shell Parasite","floor":19,"turns":4},{"damage":41,"enemies":"conspire:SneckoGhost","floor":20,"turns":9},{"damage":7,"enemies":"Spheric Guardian","floor":23,"turns":6}],"seed_played":"-6448793726755739118","potions_obtained":[{"floor":8,"key":"SteroidPotion"},{"floor":11,"key":"Languid Potion"},{"floor":11,"key":"Elixir"},{"floor":12,"key":"Elixir"},{"floor":12,"key":"Toxic Potion"},{"floor":14,"key":"LiquidMemories"},{"floor":16,"key":"ColorlessPotion"},{"floor":19,"key":"Elixir"},{"floor":19,"key":"LiquidBronze"}],"is_trial":false,"path_per_floor":["R","E","?","?","M","R","T","M","E","R","M","M","?","M","M","B",null,"R","M","E","PTL","PTL","M"],"character_chosen":"THE_SPIRIT","items_purchased":[],"campfire_rested":1,"item_purchase_floors":[],"current_hp_per_floor":[47,8,23,23,24,24,24,29,3,17,23,23,23,28,16,9,47,47,36,1,1,1,0,0],"gold":257,"neow_bonus":"ONE_RARE_RELIC","is_daily":false,"chose_seed":false,"campfire_upgraded":3,"win_rate":0.0,"timestamp":1608086471,"path_taken":["R","E","?","?","M","R","T","M","E","R","?","M","?","M","M","BOSS","R","M","E","PTL","PTL","M"],"items_purchased_type":[],"build_version":"2020-12-13","purchased_purges":0,"victory":false,"max_hp_per_floor":[47,47,47,47,47,47,47,47,47,47,47,47,47,47,47,47,47,47,47,47,47,47,47,47],"card_choices":[{"not_picked":["hexamod:SwordOfDarkness","hexamod:EtherealExpedition"],"picked":"hexamod:ThirdSeal","floor":2},{"not_picked":["hexamod:Haunt","hexamod:PhantomCloak"],"picked":"hexamod:SpectersWail","floor":5},{"not_picked":["hexamod:ThermalTransfer","hexamod:Hexaguard","hexamod:SwordOfDarkness"],"picked":"SKIP","floor":5},{"not_picked":["hexamod:ThermalTransfer","hexamod:AdvancingGuard"],"picked":"hexamod:SkipABeat","floor":8},{"not_picked":["hexamod:HeatCrush","hexamod:DynamicBlow","hexamod:HeatMetal"],"picked":"SKIP","floor":8},{"not_picked":["hexamod:AdvancingGuard","hexamod:GhostOfSpireFuture"],"picked":"hexamod:FourthSeal","floor":9},{"not_picked":["hexamod:ExtraCrispy","hexamod:CrushingStance"],"picked":"hexamod:Rewind","floor":9},{"not_picked":["hexamod:InspiringFlames","hexamod:NightmareGuise"],"picked":"hexamod:ExtraCrispy","floor":11},{"not_picked":["hexamod:GhostShield","hexamod:Firestarter","hexamod:GhostLash"],"picked":"SKIP","floor":11},{"not_picked":["hexamod:ThermalTransfer","hexamod:HeatCrush"],"picked":"hexamod:GhostOfSpirePast","floor":12},{"not_picked":["hexamod:AdvancingGuard","hexamod:SwordOfDarkness","hexamod:GhostOfSpireFuture"],"picked":"SKIP","floor":12},{"not_picked":["hexamod:NightmareStrike","hexamod:ChargedBarrage"],"picked":"hexamod:WildfireWeapon","floor":14},{"not_picked":["hexamod:NightmareGuise","hexamod:DynamicBlow","hexamod:SoulSteal"],"picked":"SKIP","floor":14},{"not_picked":["hexamod:Again","hexamod:ThermalTransfer"],"picked":"hexamod:RadiantFlame","floor":15},{"not_picked":["hexamod:PhantomCloak","hexamod:HeatCrush","hexamod:ShieldOfDarkness"],"picked":"SKIP","floor":15},{"not_picked":["hexamod:PhantomCloak","hexamod:HeatCrush","hexamod:ShieldOfDarkness"],"picked":"SKIP","floor":15},{"not_picked":["hexamod:EmpoweringStance","hexamod:TurnItUp"],"picked":"hexamod:VolcanoVisage","floor":16},{"not_picked":["hexamod:WildfireWeapon","hexamod:CrushingStance"],"picked":"hexamod:FifthSeal","floor":16},{"not_picked":["hexamod:RainOfEmbers","hexamod:AdvancingGuard"],"picked":"hexamod:SearingWound","floor":19},{"not_picked":["hexamod:ShieldOfDarkness","hexamod:FastForward","hexamod:ThirdSeal"],"picked":"SKIP","floor":19},{"not_picked":["hexamod:FourthSeal","hexamod:ThirdSeal"],"picked":"hexamod:SecondSeal","floor":20},{"not_picked":["hexamod:ThermalTransfer","hexamod:Again"],"picked":"hexamod:AdvancingGuard+1","floor":20}],"player_experience":115777,"relics_obtained":[{"floor":2,"key":"Orichalcum"},{"floor":7,"key":"Bronze Scales"},{"floor":9,"key":"Replay:Accelerometer"},{"floor":20,"key":"hubris:ToyBattleship"}],"event_choices":[{"damage_healed":15,"gold_gain":0,"player_choice":"Banana","damage_taken":0,"max_hp_gain":0,"max_hp_loss":0,"event_name":"Big Fish","floor":3,"gold_loss":0},{"cards_removed":["hexamod:Strike"],"damage_healed":0,"gold_gain":0,"player_choice":"Purged","damage_taken":0,"max_hp_gain":0,"max_hp_loss":0,"event_name":"Purifier","floor":4,"gold_loss":0}],"is_beta":false,"boss_relics":[{"not_picked":["Fusion Hammer","aspiration:PoetsPen_weak"],"picked":"aspiration:RunicSpoon"}],"items_purged_floors":[],"is_endless":false,"potions_floor_spawned":[8,11,12,14,19],"killed_by":"Spheric Guardian","ascension_level":0}}