{"host":"ye7dkdlypz0ka1od","time":1608147837,"event":{"mods":["Act Like it!","Aspiration","BaseMod","Gensokyo","Hallownest","Hermit","Infinite Spire","Minty Spire (QoL Compilation)","Replay The Spire","StSLib","The Bug Knight","The Forsaken"],"gold_per_floor":[18,33,46,63,13,46,46,46,46,62,62,62,62,76,76,176,176,190,210,221,221,232,232,249,249,249,269,300,132,161,172,172,268,268,282,302,302,316,329,329,363,375,375,394,394,406,406,456,456,551,551,562,562,562,554,546,546,548,351,376,391,458,458,466,461,461,547,547,540,400,966,966,952,952,956,1048,1073,1073,1068,1068,1068,1060,1060,1139,1139,1137,1135,1135,1121,1115,1109,1109,1105,1159,1163,1163,1158,1170,990,990,1077,1077,1078,1078,1078,1078,1077,1077,917,917,917,917,716,716,646,648,648,735,735,732,732,732,728,720,731,611,618,618,618,619,619,569,569,569,661,661,657,660,657,589,589,611,611,414,438,438,435,461,461,493,493,568,568,568,212,214,244],"floor_reached":158,"playtime":7973,"items_purged":["theForsaken:PlagueCurse","Clumsy","CommonCold","Leg Sweep","Pot Of Greed","PiercingWail","ReplayTheSpireMod:Scrap Shanks","Specialist","Specialist","Reflex","ReplayTheSpireMod:Black Plague+1"],"score":4358,"play_id":"4bd18ed9-5549-4e00-a86a-ae1f00d48b03","local_time":"20201216144357","is_ascension_mode":false,"campfire_choices":[{"data":"Blur","floor":7.0,"key":"SMITH"},{"data":"Backflip","floor":11.0,"key":"SMITH"},{"data":"Backflip","floor":13.0,"key":"SMITH"},{"data":"Poison Darts","floor":15.0,"key":"SMITH"},{"data":"infinitespire:Neurotoxin","floor":23.0,"key":"SMITH"},{"data":"Replay:Bag of Tricks","floor":25.0,"key":"SMITH"},{"floor":32.0,"key":"REST"},{"data":"ReplayTheSpireMod:Necrosis","floor":45.0,"key":"SMITH"},{"data":"Finisher","floor":49.0,"key":"PURGE"},{"data":"infinitespire:NeuralNetwork","floor":57.0,"key":"SMITH"},{"data":"Burst","floor":63.0,"key":"SMITH"},{"floor":66.0,"key":"DIG"},{"data":"Pot Of Greed","floor":74.0,"key":"SMITH"},{"data":"Pot Of Greed","floor":78.0,"key":"SMITH"},{"data":"Pot Of Greed","floor":80.0,"key":"SMITH"},{"data":"Thinking Ahead","floor":83.0,"key":"SMITH"},{"data":"Adrenaline","floor":96.0,"key":"SMITH"},{"data":"Catalyst","floor":100.0,"key":"SMITH"},{"data":"Adrenaline","floor":108,"key":"SMITH"},{"data":"infinitespire:TheBestDefense","floor":112,"key":"SMITH"},{"data":"Flechettes","floor":117,"key":"SMITH"},{"data":"Gensokyo:ManorOfTheDishes","floor":129,"key":"SMITH"},{"data":"ReplayTheSpireMod:Black Plague","floor":143,"key":"SMITH"},{"data":"Noxious Fumes","floor":146,"key":"SMITH"},{"data":"infinitespire:Fortify","floor":151,"key":"SMITH"},{"data":"Bane","floor":154,"key":"SMITH"}],"circlet_count":2,"master_deck":["Poison Darts+1","Blur+1","Catalyst+1","Backflip+1","Backflip+1","Replay:Bag of Tricks+1","After Image","Bane+1","ReplayTheSpireMod:The Works+1","infinitespire:Neurotoxin+1","Sneak Up+1","Sneak Up+1","ReplayTheSpireMod:Necrosis+1","AbeCurse","Prepared+1","Noxious Fumes+1","infinitespire:Fortify+1","Blur+1","Flash of Steel","Thinking Ahead+1","Noxious Fumes+1","Burst+1","infinitespire:TheBestDefense+1","infinitespire:NeuralNetwork+1","Adrenaline+1","Pot Of Greed+1","Pot Of Greed+1","Pot Of Greed+1","Adrenaline+1","Escape Plan","Sneak Up+1","Catalyst+1","Footwork+1","infinitespire:Neurotoxin+1","Flechettes+1","Gensokyo:ManorOfTheDishes+1","Well Laid Plans+1","Well Laid Plans+1","After Image","Corpse Explosion"],"relics":["Ring of the Serpent","Unceasing Top","infinitespire:FocusingShard","Pandora\u0027s Box","theForsaken:PlagueMask","aspiration:FrozenJewel","Replay:Towering Pillar of Hats","Centennial Puzzle","Abe\u0027s Treasure","Meat on the Bone","Eternal Feather","theForsaken:Kindling","Hallownest:DreamNailRelic","theForsaken:Gavel","Membership Card","Juzu Bracelet","infinitespire:ShieldingShard","Bottled Flame","Philosopher\u0027s Stone","Grinning Jar","Smiling Mask","Replay:Baseball","Bag of Preparation","Ring of Chaos","aspiration:SeaSaltIceCream","Lantern","Akabeko","ReplayTheSpireMod:TigerMarble","Replay:Bandana","Hallownest:StagBellRelic1","Counterbalance","Enchiridion","HollowMod:StagPassRelic","DollysMirror","aspiration:HiddenCompartment","Coffee Dripper","Gensokyo:DirgeOfMelancholy","Chameleon Ring","Gensokyo:MaskOfHope","aspiration:ArtOfWarUpgrade","infinitespire:Eraser","Durian","Replay:Grab Bag","Sozu","Circlet","SlaversCollar","Black Star","Tiny Chest","Ancient Tea Set","PreservedInsect","Sling","aspiration:VileToxins","Pantograph","theForsaken:Gavel","Tough Bandages","Turnip","Lee\u0027s Waffle","Boot","Strawberry","WingedGreaves"],"acts_visited":["Exordium","TheCity","TheBeyond","TheBeyond","Hallownest:Greenpath","Hallownest:CityofTears","Hallownest:KingdomsEdge","Gensokyo:Gensokyo","TheBeyond","TheEnding"],"potions_floor_usage":[152],"damage_taken":[{"damage":1.0,"enemies":"Cultist","floor":1.0,"turns":4.0},{"damage":5.0,"enemies":"2 Louse","floor":2.0,"turns":2.0},{"damage":0.0,"enemies":"infinitespire:Voidling","floor":3.0,"turns":3.0},{"damage":0.0,"enemies":"2 Fungi Beasts","floor":4.0,"turns":4.0},{"damage":8.0,"enemies":"Lagavulin","floor":6.0,"turns":5.0},{"damage":0.0,"enemies":"3 Louse","floor":10.0,"turns":4.0},{"damage":2.0,"enemies":"Exordium Wildlife","floor":14.0,"turns":3.0},{"damage":41.0,"enemies":"Fading Forest","floor":16.0,"turns":11.0},{"damage":7.0,"enemies":"3 Byrds","floor":18.0,"turns":5.0},{"damage":0.0,"enemies":"Shell Parasite","floor":19.0,"turns":6.0},{"damage":1.0,"enemies":"Snake Plant","floor":20.0,"turns":6.0},{"damage":4.0,"enemies":"Chosen and Byrds","floor":22.0,"turns":6.0},{"damage":5.0,"enemies":"Centurion and Healer","floor":24.0,"turns":6.0},{"damage":9.0,"enemies":"Snecko","floor":27.0,"turns":5.0},{"damage":21.0,"enemies":"Replay:Snechameleon","floor":28.0,"turns":4.0},{"damage":0.0,"enemies":"Nightmare","floor":30.0,"turns":5.0},{"damage":0.0,"enemies":"3 Cultists","floor":31.0,"turns":4.0},{"damage":14.0,"enemies":"Champ","floor":33.0,"turns":7.0},{"damage":0.0,"enemies":"Orb Walker","floor":35.0,"turns":3.0},{"damage":0.0,"enemies":"3 Darklings","floor":36.0,"turns":8.0},{"damage":0.0,"enemies":"Jaw Worm Horde","floor":38.0,"turns":5.0},{"damage":0.0,"enemies":"3 Darklings","floor":39.0,"turns":6.0},{"damage":0.0,"enemies":"Nightmare","floor":41.0,"turns":5.0},{"damage":0.0,"enemies":"Spire Growth","floor":42.0,"turns":2.0},{"damage":0.0,"enemies":"HollowMod:SlobberingHusk","floor":44.0,"turns":7.0},{"damage":0.0,"enemies":"Maw","floor":46.0,"turns":5.0},{"damage":0.0,"enemies":"2 Orb Walkers","floor":48.0,"turns":5.0},{"damage":0.0,"enemies":"Awakened One","floor":50.0,"turns":11.0},{"damage":0.0,"enemies":"Hallownest:monsterHuskWarrior","floor":52.0,"turns":1.0},{"damage":0.0,"enemies":"2_ Uuma","floor":55.0,"turns":3.0},{"damage":0.0,"enemies":"Hallownest:2_MossCreeps","floor":56.0,"turns":4.0},{"damage":0.0,"enemies":"Hallownest:monsterMossCharger","floor":58.0,"turns":2.0},{"damage":0.0,"enemies":"Hallownest:eliteMossKnight","floor":61.0,"turns":3.0},{"damage":0.0,"enemies":"Hallownest:1_Baldur_1_Crawlid_1_Warrior","floor":64.0,"turns":2.0},{"damage":0.0,"enemies":"Hallownest:Wandering_and_Horned","floor":65.0,"turns":3.0},{"damage":0.0,"enemies":"Hallownest:BossFalseKnight","floor":67.0,"turns":3.0},{"damage":0.0,"enemies":"Hallownest:Guard_and_Sentry","floor":69.0,"turns":2.0},{"damage":0.0,"enemies":"Hallownest:Flukemon_and_Top","floor":73.0,"turns":4.0},{"damage":0.0,"enemies":"Hallownest:Nosk","floor":75.0,"turns":3.0},{"damage":0.0,"enemies":"Hallownest:monsterShrumalOgre","floor":79.0,"turns":2.0},{"damage":0.0,"enemies":"Hallownest:2_Husk_Sentries","floor":81.0,"turns":2.0},{"damage":0.0,"enemies":"Hallownest:monsterMisterMushroom","floor":82.0,"turns":2.0},{"damage":0.0,"enemies":"Hallownest:BossSoulMaster","floor":84.0,"turns":3.0},{"damage":0.0,"enemies":"Hallownest:2_Littles","floor":86.0,"turns":2.0},{"damage":0.0,"enemies":"Hallownest:Shield_Heavy","floor":87.0,"turns":1.0},{"damage":0.0,"enemies":"Hallownest:2_Soldiers_and_1_Guardian","floor":89.0,"turns":2.0},{"damage":0.0,"enemies":"Hallownest:Xero_Hu_Marmu","floor":90.0,"turns":2.0},{"damage":0.0,"enemies":"Hallownest:monsterPrimalAspid","floor":91.0,"turns":2.0},{"damage":0.0,"enemies":"Hallownest:eliteHiveKnight","floor":93.0,"turns":3.0},{"damage":0.0,"enemies":"Hallownest:StalkingDevout","floor":95.0,"turns":2.0},{"damage":0.0,"enemies":"Hallownest:2_Great","floor":97.0,"turns":2.0},{"damage":0.0,"enemies":"Hallownest:2_Wing_and_1_Kings","floor":98.0,"turns":1.0},{"damage":0.0,"enemies":"Hallownest:Radiance","floor":101.0,"turns":1.0},{"damage":0.0,"enemies":"Gensokyo:Gryphon","floor":103.0,"turns":2.0},{"damage":0,"enemies":"Gensokyo:2_Kodama","floor":107,"turns":2},{"damage":0,"enemies":"Gensokyo:Python","floor":116,"turns":2},{"damage":0,"enemies":"Gensokyo:Reimu","floor":118,"turns":2},{"damage":0,"enemies":"Gensokyo:2_Gloops","floor":120,"turns":2},{"damage":0,"enemies":"Gensokyo:3_Dogs","floor":123,"turns":2},{"damage":0,"enemies":"Gensokyo:Slime_Group","floor":124,"turns":2},{"damage":0,"enemies":"Gensokyo:Tenshi","floor":125,"turns":2},{"damage":10,"enemies":"Nightmare_Alpha","floor":127,"turns":3},{"damage":0,"enemies":"Gensokyo:Swordslinger","floor":130,"turns":1},{"damage":0,"enemies":"Gensokyo:Eiki","floor":135,"turns":2},{"damage":0,"enemies":"3 Shapes","floor":137,"turns":2},{"damage":0,"enemies":"Orb Walker","floor":138,"turns":2},{"damage":0,"enemies":"3 Darklings","floor":139,"turns":2},{"damage":0,"enemies":"Giant Head","floor":142,"turns":2},{"damage":0,"enemies":"Writhing Mass","floor":147,"turns":2},{"damage":0,"enemies":"Nemesis","floor":148,"turns":3},{"damage":0,"enemies":"Mind Bloom Boss Battle","floor":150,"turns":2},{"damage":0,"enemies":"infinitespire:LordOfFortification","floor":152,"turns":4},{"damage":0,"enemies":"Shield and Spear","floor":156,"turns":2},{"damage":0,"enemies":"The Heart","floor":157,"turns":6}],"seed_played":"9188944972403687981","potions_obtained":[{"floor":1.0,"key":"Block Potion"},{"floor":3.0,"key":"Regen Potion"},{"floor":4.0,"key":"AttackPotion"},{"floor":6.0,"key":"SpeedPotion"},{"floor":19.0,"key":"AttackPotion"},{"floor":20.0,"key":"Elixir"},{"floor":30.0,"key":"GhostInAJar"},{"floor":36.0,"key":"DuplicationPotion"},{"floor":44.0,"key":"Strength Potion"},{"floor":46.0,"key":"CultistPotion"},{"floor":50.0,"key":"Reflective Coating"}],"is_trial":false,"path_per_floor":["M","M","M","M","?","E","R","?","T","M","R","$","R","M","R","B",null,"M","M","M","?","M","R","M","R","T","M","E","$","NM","M","R","B",null,"M","M","?","M","M","?","NM","M","T","M","R","M","?","?","R","B",null,"M","?","AVR","M","M","R","M","$","T","?","?","R","M","M","R","B",null,"M","$","?","?","M","R","E","?","T","R","M","R","M","M","R","B",null,"M","M","?","M","M","M","AVR","E","T","E","R","M","M","?","R","B",null,"M","?","?","AVR","M","R","?","?","T","R","$","?","?","M","R","B",null,"M","?","?","M","M","E","?","NM","T","R","M","R","?","AVR","R","B",null,"M","M","M","$","?","E","R","$","T","R","M","E","?","?","R","B",null,"R","$","E","B",null],"character_chosen":"THE_SILENT","items_purchased":["Specialist","Membership Card","Grinning Jar","DollysMirror","aspiration:HiddenCompartment","Well Laid Plans","PreservedInsect","Sling","Turnip","Lee\u0027s Waffle","Boot"],"campfire_rested":1,"item_purchase_floors":[29,59,70,113,113,140,144,144,155,155,155],"current_hp_per_floor":[69,64,64,64,64,56,56,56,56,68,68,68,68,66,66,35,70,63,63,62,62,58,58,53,53,53,44,23,23,23,23,44,30,70,70,70,70,70,70,70,70,70,70,70,70,70,60,60,70,70,70,70,70,70,70,70,70,70,70,70,70,70,70,70,70,70,70,70,70,70,70,70,70,70,70,42,42,60,60,70,70,70,70,70,70,70,70,70,70,70,70,70,70,70,70,70,70,70,70,70,70,70,70,77,77,77,77,77,77,77,77,77,77,77,77,77,77,77,77,77,77,70,70,70,70,70,60,60,70,70,70,77,82,82,82,82,82,82,82,82,72,72,82,82,82,82,82,82,82,82,82,82,82,82,89,96,96],"gold":244,"neow_bonus":"THREE_RARE_CARDS","is_daily":false,"chose_seed":false,"campfire_upgraded":23,"win_rate":0.0,"timestamp":1608147837,"path_taken":["M","M","M","M","?","E","R","?","T","M","R","$","R","M","R","BOSS","M","M","?","?","M","R","M","R","T","M","E","$","NM","M","R","BOSS","M","M","?","M","M","?","NM","M","T","?","R","M","?","?","R","BOSS","M","?","AVR","M","M","R","M","$","T","?","?","R","M","M","R","BOSS","M","$","?","?","M","R","E","?","T","R","M","R","M","M","R","BOSS","M","M","?","M","M","M","AVR","E","T","E","R","M","M","?","R","BOSS","M","?","?","AVR","M","R","?","?","T","R","$","?","?","M","R","BOSS","M","?","?","M","M","E","?","NM","T","R","M","R","?","AVR","R","BOSS","M","M","M","$","?","E","R","$","T","R","M","E","?","?","R","BOSS","R","$","E","BOSS"],"items_purchased_type":["Card","Relic","Relic","Relic","Relic","Card","Relic","Relic","Relic","Relic","Relic"],"build_version":"2020-12-13","purchased_purges":11,"victory":true,"max_hp_per_floor":[70,70,70,70,70,70,70,70,70,70,70,70,70,70,70,70,70,70,70,70,70,70,70,70,70,70,70,70,70,70,70,70,70,70,70,70,70,70,70,70,70,70,70,70,70,70,70,70,70,70,70,70,70,70,70,70,70,70,70,70,70,70,70,70,70,70,70,70,70,70,70,70,70,70,70,70,70,70,70,70,70,70,70,70,70,70,70,70,70,70,70,70,70,70,70,70,70,70,70,70,70,70,70,77,77,77,77,77,77,77,77,77,77,77,77,77,77,77,77,77,77,70,70,70,70,70,70,70,70,70,70,77,82,82,82,82,82,82,82,82,82,82,82,82,82,82,82,82,82,82,82,82,82,82,89,96,96],"card_choices":[{"not_picked":["Burst","ReplayTheSpireMod:Necrosis"],"picked":"Poison Darts","floor":0.0},{"not_picked":["Cloak And Dagger","Hidden Blade"],"picked":"Blur","floor":1.0},{"not_picked":["Poisoned Stab","Dodge and Roll"],"picked":"Catalyst","floor":2.0},{"not_picked":["Blade Dance","PiercingWail"],"picked":"Flying Knee","floor":3.0},{"not_picked":["Slice","Blade Dance"],"picked":"Backflip","floor":4.0},{"not_picked":["Crippling Poison","Hidden Blade"],"picked":"Backflip","floor":6.0},{"not_picked":["Hidden Blade","Acrobatics"],"picked":"Dagger Spray","floor":10.0},{"not_picked":["Hidden Blade","Distraction"],"picked":"Prepared","floor":14.0},{"not_picked":["Die Die Die","Glass Knife"],"picked":"Replay:Bag of Tricks","floor":16.0},{"not_picked":["Predator","Prepared","Dodge and Roll"],"picked":"SKIP","floor":18.0},{"not_picked":["Flying Knee+1","ReplayTheSpireMod:The Works+1","Dagger Spray"],"picked":"SKIP","floor":19.0},{"not_picked":["Cloak And Dagger+1","Acrobatics","Dagger Throw"],"picked":"SKIP","floor":20.0},{"not_picked":["All Out Attack+1","Infinite Blades","Underhanded Strike+1"],"picked":"SKIP","floor":22.0},{"not_picked":["Night Terror","Dagger Throw+1","Hidden Blade+1"],"picked":"SKIP","floor":24.0},{"not_picked":["Deflect","ReplayTheSpireMod:Shiv Toss"],"picked":"Sneak Up+1","floor":27.0},{"not_picked":["Blade Dance","Outmaneuver+1","Heel Hook"],"picked":"SKIP","floor":28.0},{"not_picked":["Draining Mist","Cloak And Dagger"],"picked":"Sneak Up+1","floor":30.0},{"not_picked":["Night Terror","Dagger Spray","Bouncing Flask"],"picked":"SKIP","floor":31.0},{"not_picked":["Night Terror","Atom Bomb"],"picked":"ReplayTheSpireMod:Necrosis","floor":33.0},{"not_picked":["Dodge and Roll","Fluid Movement+1"],"picked":"Prepared+1","floor":35.0},{"not_picked":["Escape Plan+1","Cloak And Dagger"],"picked":"Noxious Fumes","floor":36.0},{"not_picked":["Cloak And Dagger+1","All Out Attack","Quick Slash"],"picked":"SKIP","floor":38.0},{"not_picked":["Deadly Poison+1","Leg Sweep","Quick Slash+1"],"picked":"SKIP","floor":39.0},{"not_picked":["infinitespire:FinalStrike","ReplayTheSpireMod:Black Plague"],"picked":"infinitespire:Fortify","floor":41.0},{"not_picked":["Bouncing Flask+1","Outmaneuver","Heel Hook"],"picked":"SKIP","floor":41.0},{"not_picked":["Flying Knee+1","Dagger Spray+1","Dagger Throw+1"],"picked":"SKIP","floor":42.0},{"not_picked":["Slice","Deadly Poison+1"],"picked":"Blur","floor":44.0},{"not_picked":["Prepared","Flying Knee","Bane"],"picked":"SKIP","floor":46.0},{"not_picked":["Replay:Parry","Survey Options"],"picked":"Specialist","floor":47.0},{"not_picked":["Replay:Parry","The Bomb"],"picked":"Flash of Steel","floor":47.0},{"not_picked":["Poisoned Strike","Midas Touch"],"picked":"Thinking Ahead","floor":47.0},{"not_picked":["Eviscerate","Masterful Stab+1"],"picked":"Noxious Fumes","floor":48.0},{"not_picked":["ReplayTheSpireMod:From All Sides","Unload"],"picked":"Burst","floor":50.0},{"not_picked":["Blade Dance","Dagger Spray","Deflect"],"picked":"SKIP","floor":52.0},{"not_picked":["Predator","Fluid Movement","Blade Dance"],"picked":"SKIP","floor":55.0},{"not_picked":["Infinite Blades","aspiration:Lunge","Backflip"],"picked":"SKIP","floor":56.0},{"not_picked":["Dash","Acrobatics","Toxin Wave"],"picked":"SKIP","floor":58.0},{"not_picked":["Quick Slash","Bane","PiercingWail"],"picked":"SKIP","floor":61.0},{"not_picked":["Dodge and Roll","Backflip"],"picked":"Adrenaline","floor":64.0},{"not_picked":["Quick Slash","Sucker Punch","Acrobatics"],"picked":"SKIP","floor":65.0},{"not_picked":["infinitespire:FutureSight","infinitespire:DeathsTouch"],"picked":"ReplayTheSpireMod:Black Plague","floor":67.0},{"not_picked":["Predator","Cloak And Dagger+1","Choke+1"],"picked":"SKIP","floor":69.0},{"not_picked":["Deflect","Dagger Throw+1","PiercingWail"],"picked":"SKIP","floor":73.0},{"not_picked":["Prepared+1","Replay:Poison Smokescreen","Backflip"],"picked":"SKIP","floor":75.0},{"not_picked":["Bane+1","Acrobatics","Expertise+1"],"picked":"SKIP","floor":79.0},{"not_picked":["PiercingWail","Poisoned Stab"],"picked":"ReplayTheSpireMod:Scrap Shanks","floor":81.0},{"not_picked":["ReplayTheSpireMod:Tripwire","Caltrops","Hidden Blade"],"picked":"SKIP","floor":82.0},{"not_picked":["After Image","Burst"],"picked":"Adrenaline","floor":84.0},{"not_picked":["Poisoned Stab+1","Underhanded Strike+1"],"picked":"Escape Plan","floor":86.0},{"not_picked":["Prepared","Accuracy","Dagger Throw"],"picked":"SKIP","floor":87.0},{"not_picked":["Setup+1","Cloak And Dagger+1"],"picked":"Sneak Up+1","floor":89.0},{"not_picked":["Dodge and Roll","Expertise"],"picked":"Catalyst+1","floor":90.0},{"not_picked":["Poisoned Stab","Flying Knee"],"picked":"Footwork","floor":91.0},{"not_picked":["Tactician","Calculated Gamble","Predator"],"picked":"SKIP","floor":93.0},{"not_picked":["Cloak And Dagger","Leg Sweep+1","Masterful Stab"],"picked":"SKIP","floor":95.0},{"not_picked":["Leg Sweep+1","Blur+1","Backflip+1"],"picked":"SKIP","floor":97.0},{"not_picked":["Sucker Punch+1","Deadly Poison","Eviscerate"],"picked":"SKIP","floor":98.0},{"not_picked":["Hidden Blade","Finisher","PiercingWail"],"picked":"SKIP","floor":103.0},{"not_picked":["Reflex","PiercingWail","Deflect"],"picked":"SKIP","floor":107},{"not_picked":["Well Laid Plans","Cloak And Dagger"],"picked":"Flechettes","floor":114},{"not_picked":["Backflip","Deflect","Bouncing Flask"],"picked":"SKIP","floor":116},{"not_picked":["Accuracy","Dodge and Roll+1","Backflip+1"],"picked":"SKIP","floor":120},{"not_picked":["Gensokyo:Kunekune","Gensokyo:TurboGranny"],"picked":"Gensokyo:ManorOfTheDishes","floor":122},{"not_picked":["Backflip","Escape Plan+1","Cloak And Dagger+1"],"picked":"SKIP","floor":123},{"not_picked":["Prepared","Endless Agony","Infinite Blades+1"],"picked":"SKIP","floor":124},{"not_picked":["Deflect","Flechettes","Choke+1"],"picked":"SKIP","floor":125},{"not_picked":["Atom Bomb","Setup","Dagger Spray"],"picked":"SKIP","floor":127},{"not_picked":["Poisoned Stab+1","Fluid Movement","Calculated Gamble"],"picked":"SKIP","floor":130},{"not_picked":["Dagger Spray","Flying Knee+1","Setup+1"],"picked":"SKIP","floor":137},{"not_picked":["Cloak And Dagger","Deflect","ReplayTheSpireMod:Tripwire"],"picked":"SKIP","floor":138},{"not_picked":["Fluid Movement+1","Backflip"],"picked":"Well Laid Plans+1","floor":139},{"not_picked":["Blur","Concentrate+1","Calculated Gamble"],"picked":"SKIP","floor":142},{"not_picked":["Setup","Flying Knee+1","PiercingWail"],"picked":"SKIP","floor":147},{"not_picked":["Outmaneuver+1","Phantasmal Killer","Cloak And Dagger+1"],"picked":"SKIP","floor":148},{"not_picked":["Wraith Form v2","Adrenaline"],"picked":"After Image","floor":152},{"not_picked":["Choke","Slice+1","Draining Mist"],"picked":"SKIP","floor":156},{"not_picked":["Burst","Venomology"],"picked":"Corpse Explosion","floor":157}],"player_experience":1244638,"relics_obtained":[{"floor":6.0,"key":"Unceasing Top"},{"floor":9.0,"key":"infinitespire:FocusingShard"},{"floor":26.0,"key":"aspiration:FrozenJewel"},{"floor":28.0,"key":"Replay:Towering Pillar of Hats"},{"floor":30.0,"key":"Centennial Puzzle"},{"floor":41.0,"key":"Meat on the Bone"},{"floor":43.0,"key":"Eternal Feather"},{"floor":48.0,"key":"theForsaken:Kindling"},{"floor":60.0,"key":"Juzu Bracelet"},{"floor":61.0,"key":"infinitespire:ShieldingShard"},{"floor":66.0,"key":"Bottled Flame"},{"floor":75.0,"key":"Smiling Mask"},{"floor":76.0,"key":"Replay:Baseball"},{"floor":77.0,"key":"Bag of Preparation"},{"floor":93.0,"key":"Akabeko"},{"floor":94.0,"key":"ReplayTheSpireMod:TigerMarble"},{"floor":95.0,"key":"Replay:Bandana"},{"floor":111,"key":"HollowMod:StagPassRelic"},{"floor":125,"key":"Chameleon Ring"},{"floor":127,"key":"Art of War"},{"floor":128,"key":"infinitespire:Eraser"},{"floor":142,"key":"Tiny Chest"},{"floor":142,"key":"Ancient Tea Set"},{"floor":145,"key":"aspiration:VileToxins"},{"floor":148,"key":"Pantograph"},{"floor":148,"key":"theForsaken:Gavel"},{"floor":150,"key":"Tough Bandages"},{"floor":156,"key":"Strawberry"},{"floor":156,"key":"WingedGreaves"}],"event_choices":[{"cards_removed":["Strike_G"],"damage_healed":0.0,"max_hp_gain":0.0,"max_hp_loss":0.0,"gold_gain":0.0,"event_name":"The Cleric","player_choice":"Card Removal","floor":5.0,"gold_loss":50.0,"damage_taken":0.0},{"damage_healed":0.0,"max_hp_gain":0.0,"max_hp_loss":0.0,"gold_gain":0.0,"event_name":"Lab","player_choice":"Got Potions","floor":8.0,"gold_loss":0.0,"damage_taken":0.0},{"damage_healed":0.0,"max_hp_gain":0.0,"max_hp_loss":0.0,"gold_gain":0.0,"event_name":"Plague Doctor","player_choice":"Obtain Plague Curse","floor":21.0,"gold_loss":0.0,"damage_taken":0.0,"cards_obtained":["theForsaken:PlagueCurse"]},{"cards_removed":["Neutralize"],"damage_healed":0.0,"max_hp_gain":0.0,"max_hp_loss":0.0,"gold_gain":0.0,"event_name":"Falling","player_choice":"Removed Attack","floor":37.0,"gold_loss":0.0,"damage_taken":0.0},{"damage_healed":0.0,"max_hp_gain":0.0,"max_hp_loss":0.0,"gold_gain":0.0,"event_name":"The Woman in Blue","player_choice":"Bought 0 Potions","floor":40.0,"gold_loss":0.0,"damage_taken":0.0},{"damage_healed":0.0,"max_hp_gain":0.0,"max_hp_loss":0.0,"gold_gain":0.0,"event_name":"SensoryStone","player_choice":"Memory 3","floor":47.0,"gold_loss":0.0,"damage_taken":10.0},{"damage_healed":0.0,"max_hp_gain":0.0,"max_hp_loss":0.0,"gold_gain":0.0,"event_name":"Mysterious Sphere","player_choice":"Fight","floor":48.0,"gold_loss":0.0,"damage_taken":0.0},{"damage_healed":0,"gold_gain":0,"player_choice":"Memory 3","damage_taken":10,"max_hp_gain":0,"max_hp_loss":0,"event_name":"SensoryStone","floor":141,"gold_loss":0},{"damage_healed":0,"gold_gain":0,"player_choice":"Upgraded","damage_taken":0,"max_hp_gain":0,"max_hp_loss":0,"event_name":"Upgrade Shrine","floor":149,"gold_loss":0,"cards_upgraded":["Noxious Fumes"]},{"damage_healed":0,"gold_gain":0,"player_choice":"Fight","damage_taken":0,"max_hp_gain":0,"max_hp_loss":0,"event_name":"MindBloom","floor":150,"gold_loss":0}],"is_beta":false,"boss_relics":[{"not_picked":["Runic Dome","ChewingGum"],"picked":"Pandora\u0027s Box"},{"not_picked":["Replay:Bronze Core","SacredBark"],"picked":"Abe\u0027s Treasure"},{"not_picked":["Runic Pyramid","Snecko Eye"],"picked":"Kintsugi"},{"not_picked":["infinitespire:Cupcake","Empty Cage"],"picked":"Philosopher\u0027s Stone"},{"not_picked":["aspiration:DefectSkillbook","aspiration:PoetsPen_weak"],"picked":"Ring of Chaos"},{"not_picked":["aspiration:SecretTechniqueScroll","aspiration:WatcherSkillbook"],"picked":"Ring of the Serpent"},{"not_picked":["Replay:Drink Me","ReplayTheSpireMod:SealedPack"],"picked":"Coffee Dripper"},{"not_picked":["Fusion Hammer","aspiration:RunicSpoon"],"picked":"Replay:Grab Bag"},{"not_picked":["Painkiller Herb","ReplayTheSpireMod:Onyx Gauntlets"],"picked":"Sozu"},{"not_picked":["aspiration:FutureDiary","Circlet"],"picked":"Circlet"},{"not_picked":["Calling Bell","aspiration:RitualDagger"],"picked":"SlaversCollar"},{"not_picked":["Circlet","Circlet"],"picked":"Black Star"},{"not_picked":["Replay:Ancient Bell","Circlet"],"picked":"Circlet"}],"items_purged_floors":[29,54,59,70,92,106,113,133,140,144,155],"is_endless":true,"potions_floor_spawned":[1,3,4,6,19,20,28,30,36,44,46,50,52,58,64,67,69,79,81,89,90,91,93,98,101,103,107,120,125,127,130,135,142,148,150,156],"ascension_level":0}}