{"host":"bznrw1tuv4hzt226","time":1608102909,"event":{"mods":["BaseMod","Colored Map","Friendly Minions","Highlight Path","Minty Spire (QoL Compilation)","Permanent Neow","Relic Stats","Slay-I","StSLib","SuperFastMode"],"gold_per_floor":[115,115,115,64,88,124,124,160,208,208,222,71,71,71,71,201,201,216,235,258,258,183,214,239,239,313,329,368,391,391,79,79,204,204,218,551,551,179,197,231,251,281,281,301,151,181,181,197,197,197],"floor_reached":51,"playtime":3160,"items_purged":["Turbo","Strike_B","Strike_B","Strike_B"],"score":1030,"play_id":"fc46645c-d6eb-440c-bee9-a8cc33f79732","local_time":"20201216161509","is_ascension_mode":true,"campfire_choices":[{"data":"Defragment","floor":7.0,"key":"SMITH"},{"data":"Loop","floor":10.0,"key":"SMITH"},{"data":"Streamline","floor":13.0,"key":"SMITH"},{"data":"Gash","floor":15.0,"key":"SMITH"},{"data":"Coolheaded","floor":25,"key":"SMITH"},{"data":"Chaos","floor":30,"key":"SMITH"},{"data":"Coolheaded","floor":32,"key":"SMITH"},{"data":"Gash+1","floor":49,"key":"PURGE"}],"circlet_count":0,"master_deck":["Defend_B+1","Defend_B+1","Defend_B+1","Defend_B+1","Zap+1","Dualcast+1","Coolheaded+1","Defragment+1","Loop+1","Streamline+1","All For One+1","Undo+1","Coolheaded+1","Undo+1","Glacier+1","Meteor Strike+1","Glacier+1","Chaos+1","Buffer+1","Self Repair+1","Meteor Strike+1","Mayhem+1","Creative AI+1","Chaos+1","Consume+1"],"relics":["Cracked Core","Bag of Preparation","Akabeko","Eternal Feather","Bag of Marbles","ClockworkSouvenir","Snecko Eye","Nunchaku","Kunai","Centennial Puzzle","Fusion Hammer","HornCleat","Calipers","Bottled Lightning","Peace Pipe","Omamori","Mark of the Bloom"],"acts_visited":["Exordium","TheCity","TheBeyond"],"potions_floor_usage":[27,35,50,50],"damage_taken":[{"damage":0.0,"enemies":"Small Slimes","floor":1.0,"turns":2.0},{"damage":0.0,"enemies":"2 Louse","floor":5.0,"turns":4.0},{"damage":10.0,"enemies":"Lagavulin","floor":6.0,"turns":8.0},{"damage":14.0,"enemies":"3 Sentries","floor":8.0,"turns":7.0},{"damage":0.0,"enemies":"Jaw Worm","floor":11.0,"turns":2.0},{"damage":4.0,"enemies":"Slime Boss","floor":16.0,"turns":7.0},{"damage":5.0,"enemies":"2 Thieves","floor":18.0,"turns":4.0},{"damage":0.0,"enemies":"3 Byrds","floor":19.0,"turns":3.0},{"damage":10.0,"enemies":"Snecko","floor":20.0,"turns":8.0},{"damage":31,"enemies":"Gremlin Leader","floor":23,"turns":10},{"damage":0,"enemies":"Snake Plant","floor":24,"turns":3},{"damage":7,"enemies":"Centurion and Healer","floor":27,"turns":10},{"damage":0,"enemies":"Book of Stabbing","floor":28,"turns":2},{"damage":0,"enemies":"Shelled Parasite and Fungi","floor":29,"turns":4},{"damage":0,"enemies":"Collector","floor":33,"turns":10},{"damage":9,"enemies":"3 Shapes","floor":35,"turns":5},{"damage":0,"enemies":"3 Darklings","floor":39,"turns":4},{"damage":0,"enemies":"Reptomancer","floor":40,"turns":6},{"damage":0,"enemies":"Jaw Worm Horde","floor":41,"turns":2},{"damage":0,"enemies":"Giant Head","floor":42,"turns":9},{"damage":0,"enemies":"Maw","floor":44,"turns":9},{"damage":0,"enemies":"Nemesis","floor":46,"turns":9},{"damage":0,"enemies":"Transient","floor":48,"turns":5},{"damage":0,"enemies":"Donu and Deca","floor":50,"turns":6}],"seed_played":"187743150951398419","potions_obtained":[{"floor":0.0,"key":"Explosive Potion"},{"floor":0.0,"key":"Swift Potion"},{"floor":0.0,"key":"LiquidMemories"},{"floor":1.0,"key":"Dexterity Potion"},{"floor":6.0,"key":"Swift Potion"},{"floor":20.0,"key":"FairyPotion"},{"floor":23,"key":"EssenceOfSteel"},{"floor":27,"key":"Fruit Juice"},{"floor":29,"key":"Strength Potion"},{"floor":40,"key":"AttackPotion"},{"floor":41,"key":"Swift Potion"},{"floor":42,"key":"LiquidBronze"}],"is_trial":false,"path_per_floor":["M","?","?","$","M","E","R","E","T","R","M","$","R","?","R","B",null,"M","M","M","?","$","E","M","R","T","M","E","M","R","$","R","B",null,"M","?","?","$","M","E","M","E","T","M","$","E","?","M","R","B",null],"character_chosen":"DEFECT","items_purchased":["Coolheaded","ClockworkSouvenir","Centennial Puzzle","Self Repair","HornCleat"],"campfire_rested":0,"item_purchase_floors":[4,12,31,31,38],"current_hp_per_floor":[75,57,45,45,45,35,35,21,21,30,30,30,39,32,41,37,75,70,70,60,60,60,29,29,41,41,39,39,39,51,51,63,70,80,78,78,68,68,68,75,80,80,80,80,80,80,80,80,80,80],"gold":197,"neow_bonus":"THREE_SMALL_POTIONS","is_daily":false,"chose_seed":false,"campfire_upgraded":7,"win_rate":0.0,"timestamp":1608102909,"path_taken":["M","?","?","$","M","E","R","E","T","R","M","$","R","?","R","BOSS","M","M","M","?","?","E","M","R","T","M","E","?","R","$","R","BOSS","M","?","?","$","M","E","M","E","T","M","$","E","?","M","R","BOSS"],"items_purchased_type":["Card","Relic","Relic","Card","Relic"],"build_version":"2020-12-13","purchased_purges":4,"victory":true,"max_hp_per_floor":[75,75,75,75,75,75,75,75,75,75,75,75,75,75,75,75,75,75,75,75,75,75,75,75,75,75,80,80,80,80,80,80,80,80,80,80,80,80,80,80,80,80,80,80,80,80,80,80,80,80],"relic_stats":{"Peace Pipe":1,"Nunchaku":[13],"Centennial Puzzle":[3],"Mark of the Bloom":35,"counters":[24,138],"Snecko Eye":[183,220,198,211],"Eternal Feather":63,"Bag of Preparation":[46],"Kunai":[22],"obtain_stats":[{"Mark of the Bloom":47,"Calipers":40,"Golden Idol":2,"Eternal Feather":8,"Bag of Preparation":3,"Omamori":46,"Akabeko":6,"ClockworkSouvenir":12,"Peace Pipe":43,"Nunchaku":23,"Centennial Puzzle":31,"HornCleat":38,"Snecko Eye":17,"Fusion Hammer":34,"Bag of Marbles":9,"Kunai":26,"Bottled Lightning":42,"Cracked Core":0},{"Mark of the Bloom":22,"Calipers":18,"Golden Idol":1,"Eternal Feather":4,"Bag of Preparation":1,"Omamori":22,"Akabeko":3,"ClockworkSouvenir":5,"Peace Pipe":20,"Nunchaku":10,"Centennial Puzzle":14,"HornCleat":16,"Snecko Eye":6,"Fusion Hammer":15,"Bag of Marbles":4,"Kunai":11,"Bottled Lightning":20,"Cracked Core":0},{"Mark of the Bloom":127,"Calipers":99,"Golden Idol":2,"Eternal Feather":21,"Bag of Preparation":2,"Omamori":127,"Akabeko":14,"ClockworkSouvenir":23,"Peace Pipe":110,"Nunchaku":55,"Centennial Puzzle":74,"HornCleat":89,"Snecko Eye":30,"Fusion Hammer":84,"Bag of Marbles":21,"Kunai":58,"Bottled Lightning":110,"Cracked Core":0}]},"card_choices":[{"not_picked":["Leap","Beam Cell"],"picked":"Gash","floor":1.0},{"not_picked":["White Noise","Rebound"],"picked":"Defragment","floor":5.0},{"not_picked":["Reinforced Body","Consume"],"picked":"Loop","floor":6.0},{"not_picked":["Melter","Streamline"],"picked":"Turbo","floor":8.0},{"not_picked":["Coolheaded","Beam Cell"],"picked":"Streamline","floor":11.0},{"not_picked":["Thunder Strike","Multi-Cast"],"picked":"All For One","floor":16.0},{"not_picked":["Sweeping Beam","Go for the Eyes"],"picked":"Undo","floor":18.0},{"not_picked":["Steam","Ball Lightning"],"picked":"Coolheaded","floor":19.0},{"not_picked":["Sunder","Steam"],"picked":"Undo","floor":20.0},{"not_picked":["BootSequence","Leap","Rebound"],"picked":"SKIP","floor":23},{"not_picked":["Stack","Genetic Algorithm+1","Cold Snap"],"picked":"SKIP","floor":24},{"not_picked":["Rip and Tear","Cold Snap"],"picked":"Glacier","floor":27},{"not_picked":["Redo","Leap"],"picked":"Chaos","floor":28},{"not_picked":["Compile Driver","Rip and Tear"],"picked":"Buffer","floor":29},{"not_picked":["All For One","Reboot"],"picked":"Meteor Strike","floor":33},{"not_picked":["Tempest+1","Leap+1","FTL"],"picked":"SKIP","floor":35},{"not_picked":["Master of Strategy","Good Instincts"],"picked":"Mayhem","floor":37},{"not_picked":["Redo","Turbo","Blizzard"],"picked":"SKIP","floor":39},{"not_picked":["Coolheaded","Tempest+1"],"picked":"Creative AI","floor":40},{"not_picked":["Cold Snap+1","Reprogram+1","Chaos+1"],"picked":"SKIP","floor":41},{"not_picked":["Cold Snap+1","Reprogram+1"],"picked":"Chaos+1","floor":41},{"not_picked":["Doom and Gloom","Rebound+1","Redo"],"picked":"SKIP","floor":42},{"not_picked":["Hologram+1","Cold Snap+1"],"picked":"Consume","floor":44},{"not_picked":["Go for the Eyes","Defragment","Amplify"],"picked":"SKIP","floor":46},{"not_picked":["Rebound+1","Sweeping Beam+1","Steam+1"],"picked":"SKIP","floor":48}],"player_experience":533649,"relics_obtained":[{"floor":6.0,"key":"Akabeko"},{"floor":8.0,"key":"Eternal Feather"},{"floor":9.0,"key":"Bag of Marbles"},{"floor":23,"key":"Nunchaku"},{"floor":26,"key":"Kunai"},{"floor":40,"key":"Calipers"},{"floor":42,"key":"Bottled Lightning"},{"floor":43,"key":"Peace Pipe"},{"floor":46,"key":"Omamori"}],"event_choices":[{"damage_healed":0.0,"max_hp_gain":0.0,"max_hp_loss":0.0,"gold_gain":0.0,"event_name":"Golden Idol","player_choice":"Take Damage","floor":2.0,"gold_loss":0.0,"damage_taken":18.0,"relics_obtained":["Golden Idol"]},{"damage_healed":0.0,"max_hp_gain":0.0,"max_hp_loss":0.0,"gold_gain":0.0,"event_name":"Scrap Ooze","player_choice":"Success","floor":3.0,"gold_loss":0.0,"damage_taken":12.0,"relics_obtained":["Bag of Preparation"]},{"cards_removed":["Strike_B"],"damage_healed":0.0,"max_hp_gain":0.0,"max_hp_loss":0.0,"gold_gain":0.0,"event_name":"Golden Wing","player_choice":"Card Removal","floor":14.0,"gold_loss":0.0,"damage_taken":7.0},{"damage_healed":0,"gold_gain":0,"player_choice":"2 cards matched","damage_taken":0,"max_hp_gain":0,"max_hp_loss":0,"event_name":"Match and Keep!","floor":21,"gold_loss":0,"cards_obtained":["Glacier","Meteor Strike"]},{"damage_healed":0,"gold_gain":333,"player_choice":"Gave Idol","damage_taken":0,"max_hp_gain":0,"max_hp_loss":0,"event_name":"The Moai Head","floor":36,"relics_lost":["Golden Idol"],"gold_loss":0},{"damage_healed":0,"gold_gain":0,"player_choice":"Memory 3","damage_taken":10,"max_hp_gain":0,"max_hp_loss":0,"event_name":"SensoryStone","floor":37,"gold_loss":0},{"damage_healed":0,"gold_gain":0,"player_choice":"Upgrade","damage_taken":0,"relics_obtained":["Mark of the Bloom"],"max_hp_gain":0,"max_hp_loss":0,"event_name":"MindBloom","floor":47,"gold_loss":0,"cards_upgraded":["Defend_B","Defend_B","Defend_B","Defend_B","Zap","Dualcast","All For One","Undo","Undo","Glacier","Meteor Strike","Glacier","Buffer","Self Repair","Meteor Strike","Mayhem","Creative AI","Consume"]}],"is_beta":false,"boss_relics":[{"not_picked":["Astrolabe","Runic Dome"],"picked":"Snecko Eye"},{"not_picked":["Runic Pyramid","Tiny House"],"picked":"Fusion Hammer"}],"items_purged_floors":[22,31,38,45],"is_endless":false,"potions_floor_spawned":[1,6,20,23,27,29,40,41,42,48],"ascension_level":1}}