{"host":"4qt77pm52ljaz00q","time":1608130079,"event":{"mods":["2.2 Compatiblity","Aspiration","Bard","BaseMod","Beaked The Cultist","Challenge The Spire","Colored Map","Conspire","Friendly Minions","Glutton Mod","Halation","Hermit","Hubris","Infinite Spire","Jedi Mod","Mad Scientist","Marisa????????","Mimic Mod","Minty Spire (QoL Compilation)","Permanent Neow","Relic Sorter","Replay The Spire","Shade Mod","Shop Mod","Spires And Sneckos","StSLib","The Bladedancer","The Bug Knight","The Construct","The Cursed","The Disciple","The Jungle","The Mystic","The Poker Player","The Runesmith","The Servant 0.9.4","Unknown Chances","Wandering Minibosses","vexMod"],"gold_per_floor":[218,233,42,58,58,88,88,113,113,140,140,140,153,153,153,258,258,245,215,97,111,138,138,138,138],"floor_reached":24,"playtime":934,"items_purged":[],"score":212,"play_id":"5fe80472-c517-4e90-95d6-18988f360383","local_time":"20201216094759","is_ascension_mode":false,"campfire_choices":[{"data":"Apotheosis","floor":7,"key":"SMITH"},{"data":"LockedBell","floor":11,"key":"SMITH"},{"data":"PatternShift","floor":15,"key":"SMITH"},{"data":"BeatsPerMinute","floor":23,"key":"SMITH"}],"circlet_count":0,"master_deck":["Strike_Br","Strike_Br","Strike_Br","Strike_Br","Defend_Br","Defend_Br","Defend_Br","Defend_Br","SecondHand","PatternShift+1","ReapSow","Engulf","Apotheosis+1","WindUp","ReapSow","LockedBell+1","Recurrance","OldTimer","ResonantCall+1","BeatsPerMinute+1","LockedAnchor","LockedAnchor","Engulf"],"relics":["Chronometer","Strawberry","Orichalcum","infinitespire:BottledMercury","Bronze Scales","Letter Opener","wanderingMiniBosses:CarrionFlame","Dream Catcher"],"acts_visited":["Exordium","TheCity"],"potions_floor_usage":[18,18,18,21],"damage_taken":[{"damage":0,"enemies":"Small Slimes","floor":1,"turns":4},{"damage":9,"enemies":"infinitespire:Voidling","floor":2,"turns":4},{"damage":5,"enemies":"Jaw Worm","floor":4,"turns":6},{"damage":14,"enemies":"Gremlin Nob","floor":6,"turns":4},{"damage":6,"enemies":"HollowMod:MossKnight","floor":8,"turns":6},{"damage":3,"enemies":"Gremlin Nob","floor":10,"turns":3},{"damage":17,"enemies":"Gremlin Gang","floor":13,"turns":3},{"damage":11,"enemies":"Hexaghost","floor":16,"turns":9},{"damage":30,"enemies":"2 Thieves","floor":18,"turns":5},{"damage":15,"enemies":"Snake Plant","floor":21,"turns":3}],"seed_played":"7852483672449431343","potions_obtained":[{"floor":2,"key":"Strength Potion"},{"floor":6,"key":"SpiresAndSneckos:LightningMarble"},{"floor":10,"key":"SpeedPotion"},{"floor":16,"key":"AttackPotion"},{"floor":18,"key":"Fruit Juice"},{"floor":19,"key":"jedi:StrikingPotion"},{"floor":19,"key":"jedi:mysterypotion"},{"floor":21,"key":"SteroidPotion"}],"is_trial":false,"path_per_floor":["M","M","$","M","?","E","R","E","T","E","R","?","M","?","R","B",null,"M","?","$","M","T","R","?"],"character_chosen":"CHRONO_CLASS","items_purchased":["Apotheosis","BeatsPerMinute","LockedAnchor"],"campfire_rested":0,"item_purchase_floors":[3,20,20],"current_hp_per_floor":[65,56,56,51,58,44,44,38,38,35,35,72,55,55,55,44,72,47,47,47,32,32,32,0,0],"gold":138,"neow_bonus":"HUNDRED_GOLD","is_daily":false,"chose_seed":false,"campfire_upgraded":4,"win_rate":0.0,"timestamp":1608130079,"path_taken":["M","M","$","M","?","E","R","E","T","E","R","?","?","?","R","BOSS","M","?","$","?","?","R","?"],"items_purchased_type":["Card","Card","Card"],"build_version":"2020-12-13","purchased_purges":0,"victory":false,"max_hp_per_floor":[65,65,65,65,72,72,72,72,72,72,72,72,72,72,72,72,72,77,77,77,77,77,77,77,77],"card_choices":[{"not_picked":["HandsUpC","ExoVibe"],"picked":"ReapSow","floor":1},{"not_picked":["AlternateTimeline","FormalWear"],"picked":"Engulf","floor":2},{"not_picked":["ExoVibe","TickedOff"],"picked":"Recurrance","floor":4},{"not_picked":["ReapSow","Cuckoo"],"picked":"WindUp","floor":6},{"not_picked":["WindUp","LockedOrichalcum"],"picked":"ReapSow","floor":8},{"not_picked":["Cuckoo","TickedOff"],"picked":"LockedBell","floor":10},{"not_picked":["LockedMedicine","WindUp"],"picked":"Recurrance","floor":13},{"not_picked":["OracleForm","LockedAstrolabe"],"picked":"OldTimer","floor":16},{"not_picked":["Echoward","LockedBlood"],"picked":"ResonantCall+1","floor":18},{"not_picked":["Recurrance","LockedBlood"],"picked":"Engulf","floor":21}],"player_experience":186213,"relics_obtained":[{"floor":5,"key":"Strawberry"},{"floor":6,"key":"Orichalcum"},{"floor":8,"key":"infinitespire:BottledMercury"},{"floor":9,"key":"Bronze Scales"},{"floor":10,"key":"Letter Opener"},{"floor":18,"key":"wanderingMiniBosses:CarrionFlame"},{"floor":22,"key":"Dream Catcher"}],"event_choices":[{"cards_removed":["Recurrance"],"damage_healed":37,"gold_gain":0,"player_choice":"Offered Uncommon","damage_taken":0,"max_hp_gain":0,"max_hp_loss":0,"event_name":"Bonfire Elementals","floor":12,"gold_loss":0},{"damage_healed":0,"gold_gain":0,"player_choice":"Ignored","damage_taken":0,"max_hp_gain":0,"max_hp_loss":0,"event_name":"NoteForYourself","floor":14,"gold_loss":0},{"damage_healed":0,"gold_gain":0,"player_choice":"Bought 2 Potions","damage_taken":0,"max_hp_gain":0,"max_hp_loss":0,"event_name":"The Woman in Blue","floor":19,"gold_loss":0}],"is_beta":false,"boss_relics":[{"not_picked":["ChewingGum","Ectoplasm","vexMod:MysteryBossChallenge"]}],"items_purged_floors":[],"is_endless":false,"potions_floor_spawned":[2,6,10,16,18,21],"ascension_level":0}}