{"host":"5gc11emcm5chfr5t","time":1608113674,"event":{"mods":["2.2 Compatiblity","AchievementEnabler","BaseMod","Bestiary","Better Note","Colored Map","Colored Powertips","Downfall","Googly Eyes","Minty Spire (QoL Compilation)","Rare Cards Sparkle","StSLib"],"gold_per_floor":[99,119,144,69,94,94,145,145,245,270,720,332,169,183,197,294,294,219,219,0,0,0,0,0,0,0,0,0,0,0,0,0,0,0,0,0,0,0,0,0,0,0,0,0,0,0,0,0,0,0],"floor_reached":51,"playtime":2186,"items_purged":[],"score":1274,"play_id":"b311c914-2a14-414e-96ef-0b4af42c484a","local_time":"20201216051434","is_ascension_mode":true,"campfire_choices":[{"floor":1,"key":"RECALL"},{"floor":4,"key":"REST"},{"floor":8,"key":"REST"},{"data":"sneckomod:DiceBoulder+3","floor":18,"key":"SMITH"},{"data":"sneckomod:DiceBoulder+4","floor":23,"key":"SMITH"},{"floor":26,"key":"REST"},{"floor":35,"key":"REST"},{"data":"sneckomod:DiceBoulder+6","floor":42,"key":"SMITH"},{"data":"sneckomod:DiceBoulder+7","floor":44,"key":"SMITH"}],"circlet_count":0,"master_deck":["sneckomod:Strike","sneckomod:Defend","sneckomod:Defend","sneckomod:Defend","sneckomod:SnekBite","sneckomod:Unknown","sneckomod:Unknown","sneckomod:UnknownClassGREEN","sneckomod:ImprovisedGuard","sneckomod:SlitherStrike+1","sneckomod:SerpentIdol","sneckomod:UnknownColorless","sneckomod:SnekBeam+1","Slimebound:Icky","Slimebound:Icky","Slimebound:Icky","sneckomod:UnknownRarePower","sneckomod:MorePower","sneckomod:UnknownWeak","sneckomod:UnknownClassSLIMEBOUND","sneckomod:TrashToTreasure","sneckomod:Cheat","sneckomod:DiceBoulder+8","sneckomod:UnknownColorless","sneckomod:UnknownExhaust+1","sneckomod:UnknownStrike+1","sneckomod:UnknownRareSkill","sneckomod:UnknownUncommonPower","sneckomod:QuickMove+1","sneckomod:DangerNoodle+1","Shame","sneckomod:PureSnecko","sneckomod:IronFang+1","sneckomod:UnknownStrength+1","sneckomod:UnknownX+1","sneckomod:SoulDraw+1","sneckomod:UnknownClassPURPLE+1","sneckomod:SlitherStrike+1","sneckomod:UnknownRarePower+1","sneckomod:CheapStock","sneckomod:Unknown3Cost+1","sneckomod:UnknownClassTHE_CHAMP_GRAY+1","sneckomod:SnakeSap+1","sneckomod:UnknownColorless+1"],"relics":["Black Star","sneckomod:ConfusingCodex","Blood Vial","downfall:HeartBlessingRed","Toy Ornithopter","Regal Pillow","Molten Egg 2","Pen Nib","HornCleat","Du-Vu Doll","Akabeko","Orrery","Happy Flower","Ectoplasm","downfall:HeartBlessingGreen","Membership Card","Tiny Chest","Ornamental Fan","FossilizedHelix","Toxic Egg 2","CeramicFish","Nunchaku","Lantern","MealTicket","Snecko Eye","Orichalcum","Question Card","Bottled Tornado"],"acts_visited":["Exordium","TheCity","TheBeyond"],"potions_floor_usage":[5,16,16,27,33,33,49],"damage_taken":[{"damage":0,"enemies":"Cultist","floor":2,"turns":3},{"damage":25,"enemies":"Gremlin Nob","floor":3,"turns":5},{"damage":0,"enemies":"3 Sentries","floor":5,"turns":5},{"damage":43,"enemies":"downfall:Heads","floor":9,"turns":6},{"damage":11,"enemies":"Lagavulin","floor":10,"turns":5},{"damage":0,"enemies":"downfall:FleeingMerchant","floor":12,"turns":4},{"damage":0,"enemies":"downfall:FleeingMerchant","floor":13,"turns":4},{"damage":6,"enemies":"Small Slimes","floor":14,"turns":3},{"damage":0,"enemies":"Jaw Worm","floor":15,"turns":1},{"damage":13,"enemies":"downfall:Ironclad","floor":16,"turns":7},{"damage":0,"enemies":"Chosen","floor":19,"turns":2},{"damage":4,"enemies":"downfall:FleeingMerchant","floor":20,"turns":3},{"damage":15,"enemies":"Gremlin Leader","floor":22,"turns":4},{"damage":14,"enemies":"Slavers","floor":25,"turns":4},{"damage":0,"enemies":"Book of Stabbing","floor":27,"turns":4},{"damage":0,"enemies":"Spheric Guardian","floor":29,"turns":2},{"damage":0,"enemies":"3 Cultists","floor":30,"turns":4},{"damage":0,"enemies":"Centurion and Healer","floor":31,"turns":2},{"damage":0,"enemies":"Cultist and Chosen","floor":32,"turns":4},{"damage":60,"enemies":"downfall:Watcher","floor":33,"turns":5},{"damage":0,"enemies":"Orb Walker","floor":38,"turns":1},{"damage":0,"enemies":"Giant Head","floor":40,"turns":4},{"damage":0,"enemies":"3 Shapes","floor":43,"turns":2},{"damage":0,"enemies":"Transient","floor":46,"turns":5},{"damage":0,"enemies":"Jaw Worm Horde","floor":48,"turns":3},{"damage":0,"enemies":"3 Darklings","floor":49,"turns":1},{"damage":0,"enemies":"downfall:Defect","floor":50,"turns":5}],"seed_played":"4010077541451172548","potions_obtained":[{"floor":3,"key":"hexamod:EctoCoolerPotion"},{"floor":14,"key":"Regen Potion"},{"floor":15,"key":"LiquidBronze"},{"floor":22,"key":"CultistPotion"},{"floor":25,"key":"SkillPotion"},{"floor":30,"key":"sneckomod:MuddlingPotion"},{"floor":40,"key":"GamblersBrew"},{"floor":46,"key":"SpeedPotion"},{"floor":48,"key":"Strength Potion"}],"is_trial":false,"path_per_floor":["R","M","E","R","E","?","T","R","?","E","?","$","$","M","M","B",null,"R","M","$","?","E","R","T","E","R","E","?","M","M","M","M","B",null,"R","?","?","M","$","E","T","R","M","R","T","M","$","M","M","B",null],"character_chosen":"THE_SNECKO","items_purchased":["Akabeko","Orrery","sneckomod:DiceBoulder+1","Happy Flower","Membership Card","sneckomod:DangerNoodle+1"],"campfire_rested":4,"item_purchase_floors":[12,12,12,13,20,20],"current_hp_per_floor":[81,81,56,83,85,73,73,90,47,38,38,40,42,38,40,54,81,81,83,85,85,72,72,72,60,90,90,90,90,90,90,90,42,78,90,90,90,90,90,90,90,90,90,90,90,90,90,90,90,90],"gold":0,"neow_bonus":"BOSS_RELIC","is_daily":false,"chose_seed":false,"campfire_upgraded":4,"win_rate":0.0,"timestamp":1608113674,"path_taken":["R","?","E","R","E","?","T","R","?","E","?","?","$","M","M","BOSS","R","M","$","?","E","R","T","E","R","E","?","M","M","M","M","BOSS","R","?","?","M","$","E","T","R","M","R","?","M","$","?","M","BOSS"],"items_purchased_type":["Relic","Relic","Card","Relic","Relic","Card"],"build_version":"2020-12-13","purchased_purges":0,"victory":true,"max_hp_per_floor":[90,90,90,90,90,90,90,90,90,90,90,90,90,90,90,90,90,90,90,90,90,90,90,90,90,90,90,90,90,90,90,90,90,90,90,90,90,90,90,90,90,90,90,90,90,90,90,90,90,90],"card_choices":[{"not_picked":["sneckomod:UnknownVulnerable","sneckomod:UnknownClassGUARDIAN"],"picked":"sneckomod:UnknownClassGREEN","floor":2},{"not_picked":["sneckomod:UnknownCommonAttack","sneckomod:UnknownDexterity"],"picked":"sneckomod:ImprovisedGuard","floor":3},{"not_picked":["sneckomod:DefensiveFlair","sneckomod:DiceBlock"],"picked":"sneckomod:SlitherStrike","floor":5},{"not_picked":["sneckomod:IronFang+1","sneckomod:UnknownStrike+1"],"picked":"sneckomod:UnknownColorless","floor":9},{"not_picked":["sneckomod:Nope","sneckomod:RainOfDice+1"],"picked":"sneckomod:SnekBeam+1","floor":10},{"not_picked":["sneckomod:UnknownCommonSkill","sneckomod:Transmogrify"],"picked":"sneckomod:UnknownRarePower","floor":12},{"not_picked":["sneckomod:UnknownClassGREEN","sneckomod:QuickMove"],"picked":"sneckomod:MorePower","floor":12},{"not_picked":["sneckomod:DiceBlock","sneckomod:SoulDraw"],"picked":"sneckomod:UnknownWeak","floor":12},{"not_picked":["sneckomod:SoulRoll","sneckomod:SoulDraw"],"picked":"sneckomod:UnknownClassSLIMEBOUND","floor":12},{"not_picked":["sneckomod:QuickMove","sneckomod:UnknownClassHEXA_GHOST_PURPLE"],"picked":"sneckomod:TrashToTreasure","floor":12},{"not_picked":["sneckomod:DiceBlock","sneckomod:ImprovisedGuard"],"picked":"sneckomod:Cheat","floor":12},{"not_picked":["sneckomod:UnknownVulnerable","sneckomod:UnknownCommonAttack+1"],"picked":"sneckomod:UnknownColorless","floor":13},{"not_picked":["sneckomod:Unknown1Cost+1","sneckomod:UnknownClassTHE_CHAMP_GRAY+1"],"picked":"sneckomod:UnknownExhaust+1","floor":14},{"not_picked":["sneckomod:ImprovisedAttack+1","sneckomod:IronFang+1","sneckomod:UnknownBlock"],"picked":"SKIP","floor":14},{"not_picked":["sneckomod:SoulDraw","sneckomod:UnknownCommonAttack+1","sneckomod:UnknownUncommonPower"],"picked":"SKIP","floor":15},{"not_picked":["sneckomod:UnknownClassHEXA_GHOST_PURPLE+1","sneckomod:UnknownClassSLIMEBOUND+1"],"picked":"sneckomod:UnknownStrike+1","floor":16},{"not_picked":["sneckomod:Cheat","sneckomod:SoulExchange"],"picked":"sneckomod:UnknownRareSkill","floor":16},{"not_picked":["sneckomod:UnknownStrike+1","sneckomod:Nope"],"picked":"sneckomod:UnknownUncommonPower","floor":19},{"not_picked":["sneckomod:Unknown2Cost+1","sneckomod:IronFang+1"],"picked":"sneckomod:QuickMove+1","floor":20},{"not_picked":["sneckomod:MorePower","sneckomod:UnknownBlock"],"picked":"sneckomod:PureSnecko","floor":22},{"not_picked":["sneckomod:RainOfDice+1","sneckomod:QuickBite+1"],"picked":"sneckomod:IronFang+1","floor":25},{"not_picked":["sneckomod:UnknownExhaust+1","sneckomod:UnknownDexterity+1"],"picked":"sneckomod:UnknownStrength+1","floor":27},{"not_picked":["sneckomod:ImprovisedAttack+1","sneckomod:RainOfDice+1"],"picked":"sneckomod:UnknownX+1","floor":27},{"not_picked":["sneckomod:UnknownClassBLUE+1","sneckomod:UnknownEthereal+1"],"picked":"sneckomod:UnknownClassPURPLE+1","floor":29},{"not_picked":["sneckomod:UnknownClassTHE_CHAMP_GRAY+1","sneckomod:SoulRoll+1"],"picked":"sneckomod:SlitherStrike+1","floor":29},{"not_picked":["sneckomod:Unknown2Cost+1","sneckomod:UnknownRareSkill+1"],"picked":"sneckomod:UnknownRarePower+1","floor":30},{"not_picked":["sneckomod:IronFang+1","sneckomod:Unknown1Cost+1","sneckomod:UnknownCommonSkill+1"],"picked":"SKIP","floor":30},{"not_picked":["sneckomod:UnknownClassBLUE+1","sneckomod:UnknownBlock+1"],"picked":"sneckomod:CheapStock","floor":31},{"not_picked":["sneckomod:Nope+1","sneckomod:QuickBite+1","sneckomod:UnknownClassTHE_CHAMP_GRAY+1"],"picked":"SKIP","floor":32},{"not_picked":["sneckomod:GlitteringGambit+1","sneckomod:Transmogrify+1"],"picked":"sneckomod:Unknown3Cost+1","floor":33},{"not_picked":["sneckomod:DiceCrush+1","sneckomod:IronFang+1","sneckomod:RainOfDice+1"],"picked":"SKIP","floor":38},{"not_picked":["sneckomod:SlitherStrike+1","sneckomod:SoulRoll+1","sneckomod:UnknownClassSLIMEBOUND+1"],"picked":"SKIP","floor":40},{"not_picked":["sneckomod:IronFang+1","sneckomod:UnknownCommonSkill+1","sneckomod:RainOfDice+1"],"picked":"sneckomod:UnknownClassTHE_CHAMP_GRAY+1","floor":43},{"not_picked":["sneckomod:UnknownCommonAttack+1","sneckomod:QuickBite+1","sneckomod:UnknownCommonSkill+1"],"picked":"sneckomod:SnakeSap+1","floor":46},{"not_picked":["sneckomod:UnknownStrike+1","sneckomod:UnknownWeak+1","sneckomod:Unknown0Cost+1"],"picked":"sneckomod:UnknownColorless+1","floor":48},{"not_picked":["sneckomod:UnknownClassRED+1","sneckomod:UnknownVulnerable+1","sneckomod:UnknownExhaust+1","sneckomod:DiceCrush+1"],"picked":"SKIP","floor":48},{"not_picked":["sneckomod:RainOfDice+1","sneckomod:SnakeSap+1","sneckomod:UnknownClassPURPLE+1","sneckomod:SerpentIdol+1"],"picked":"SKIP","floor":49}],"player_experience":394158,"relics_obtained":[{"floor":3,"key":"sneckomod:ConfusingCodex"},{"floor":3,"key":"Blood Vial"},{"floor":5,"key":"Toy Ornithopter"},{"floor":5,"key":"Regal Pillow"},{"floor":7,"key":"Pen Nib"},{"floor":10,"key":"HornCleat"},{"floor":10,"key":"Du-Vu Doll"},{"floor":22,"key":"Ornamental Fan"},{"floor":22,"key":"FossilizedHelix"},{"floor":24,"key":"Toxic Egg 2"},{"floor":25,"key":"CeramicFish"},{"floor":25,"key":"Nunchaku"},{"floor":27,"key":"Lantern"},{"floor":27,"key":"MealTicket"},{"floor":40,"key":"Orichalcum"},{"floor":40,"key":"Question Card"},{"floor":45,"key":"Bottled Tornado"}],"event_choices":[{"damage_healed":0,"gold_gain":0,"player_choice":"Success","damage_taken":12,"relics_obtained":["Molten Egg 2"],"max_hp_gain":0,"max_hp_loss":0,"event_name":"Scrap Ooze","floor":6,"gold_loss":0},{"damage_healed":0,"gold_gain":0,"player_choice":"Stole Relic","damage_taken":0,"relics_obtained":["Tiny Chest"],"max_hp_gain":0,"max_hp_loss":0,"event_name":"Addict","floor":21,"gold_loss":0,"cards_obtained":["Shame"]},{"damage_healed":0,"gold_gain":0,"player_choice":"Read","damage_taken":0,"max_hp_gain":0,"max_hp_loss":0,"event_name":"The Library","floor":28,"gold_loss":0,"cards_obtained":["sneckomod:SoulDraw"]},{"cards_removed":["sneckomod:TailWhip"],"damage_healed":0,"gold_gain":0,"player_choice":"Removed Attack","damage_taken":0,"max_hp_gain":0,"max_hp_loss":0,"event_name":"Falling","floor":36,"gold_loss":0},{"damage_healed":0,"gold_gain":0,"player_choice":"Upgraded","damage_taken":0,"max_hp_gain":0,"max_hp_loss":0,"event_name":"Upgrade Shrine","floor":37,"gold_loss":0,"cards_upgraded":["sneckomod:DiceBoulder"]}],"is_beta":false,"boss_relics":[{"not_picked":["Velvet Choker","Fusion Hammer"],"picked":"Ectoplasm"},{"not_picked":["Busted Crown","Tiny House"],"picked":"Snecko Eye"}],"items_purged_floors":[],"is_endless":false,"potions_floor_spawned":[3,14,15,22,25,30,46,48],"ascension_level":7}}