{"host":"e87rn453naquue3h","time":1608086903,"event":{"mods":["AchievementEnabler","BaseMod","Minty Spire (QoL Compilation)","Relic Stats","StSLib"],"gold_per_floor":[118,118,133,145,164,199,199,210,210,229,261,273,301,345,357,441,453,484,496,783,805,4,32,32,47,71,71,71,71,96,111,111,185,185,197,208,255,255,255],"floor_reached":38,"playtime":3936,"items_purged":["Regret"],"score":948,"play_id":"19af48ed-89ac-4b94-9dd3-d03606b0d87e","local_time":"20201215214823","is_ascension_mode":true,"campfire_choices":[{"floor":7,"key":"REST"},{"data":"WheelKick","floor":12,"key":"SMITH"},{"data":"SpiritShield","floor":15,"key":"SMITH"},{"data":"LessonLearned","floor":24,"key":"SMITH"},{"floor":32,"key":"REST"}],"circlet_count":0,"master_deck":["AscendersBane","Strike_P+1","Strike_P","Strike_P","Strike_P","Defend_P","Defend_P+1","Eruption","Vigilance","WheelKick+1","CutThroughFate","FollowUp","Halt+1","Conclude","DeusExMachina","SpiritShield+1","Evaluate","DevaForm","LessonLearned+1","EmptyFist","Prostrate+1","Sanctity","InnerPeace","Fasting2","Wallop+1","Worship","Pain","WheelKick+1","Devotion","BattleHymn","Alpha+1"],"relics":["PureWater","CaptainsWheel","StrikeDummy","Pear","MawBank","Damaru","Cursed Key","ClockworkSouvenir","Potion Belt","Incense Burner","InkBottle","Ancient Tea Set","Nilry\u0027s Codex","TeardropLocket","SacredBark","Prayer Wheel"],"acts_visited":["Exordium","TheCity","TheBeyond"],"potions_floor_usage":[11,18,21,30,31,35,37,37],"damage_taken":[{"damage":3,"enemies":"Small Slimes","floor":1,"turns":4},{"damage":0,"enemies":"Cultist","floor":3,"turns":2},{"damage":0,"enemies":"2 Louse","floor":4,"turns":2},{"damage":5,"enemies":"Large Slime","floor":5,"turns":4},{"damage":28,"enemies":"Lagavulin","floor":6,"turns":3},{"damage":12,"enemies":"Exordium Thugs","floor":8,"turns":4},{"damage":0,"enemies":"Blue Slaver","floor":10,"turns":3},{"damage":0,"enemies":"3 Sentries","floor":11,"turns":3},{"damage":3,"enemies":"Looter","floor":13,"turns":3},{"damage":0,"enemies":"Gremlin Nob","floor":14,"turns":2},{"damage":7,"enemies":"The Guardian","floor":16,"turns":10},{"damage":5,"enemies":"Shell Parasite","floor":18,"turns":5},{"damage":6,"enemies":"Spheric Guardian","floor":21,"turns":4},{"damage":10,"enemies":"Gremlin Leader","floor":23,"turns":6},{"damage":13,"enemies":"3 Cultists","floor":25,"turns":5},{"damage":7,"enemies":"Slavers","floor":30,"turns":3},{"damage":4,"enemies":"Cultist and Chosen","floor":31,"turns":5},{"damage":15,"enemies":"Collector","floor":33,"turns":6},{"damage":13,"enemies":"3 Darklings","floor":35,"turns":3},{"damage":3,"enemies":"Orb Walker","floor":36,"turns":3},{"damage":35,"enemies":"2 Orb Walkers","floor":37,"turns":5},{"damage":16,"enemies":"4 Shapes","floor":38,"turns":5}],"seed_played":"8263741990225550791","potions_obtained":[{"floor":1,"key":"Ancient Potion"},{"floor":6,"key":"Swift Potion"},{"floor":10,"key":"SkillPotion"},{"floor":11,"key":"SneckoOil"},{"floor":13,"key":"Ambrosia"},{"floor":21,"key":"CultistPotion"},{"floor":23,"key":"SpeedPotion"},{"floor":31,"key":"FearPotion"},{"floor":35,"key":"Weak Potion"},{"floor":36,"key":"SteroidPotion"}],"is_trial":false,"path_per_floor":["M","?","M","M","M","E","R","M","T","M","E","R","M","E","R","B",null,"M","?","?","M","$","E","R","M","T","$","?","?","E","M","R","B",null,"M","M","?","M"],"character_chosen":"WATCHER","items_purchased":["Fasting2","ClockworkSouvenir","Potion Belt","Incense Burner"],"campfire_rested":2,"item_purchase_floors":[22,22,22,22],"current_hp_per_floor":[64,64,64,64,59,31,53,41,51,51,51,51,48,48,48,41,73,68,68,68,62,62,52,52,39,39,39,18,18,11,7,32,17,67,54,51,16,0,0],"gold":255,"neow_bonus":"TEN_PERCENT_HP_BONUS","is_daily":false,"chose_seed":false,"campfire_upgraded":3,"win_rate":0.0,"timestamp":1608086903,"path_taken":["M","?","M","?","M","E","R","M","T","M","E","R","M","E","R","BOSS","M","?","?","M","$","E","R","?","T","$","?","?","E","M","R","BOSS","M","M","?","M"],"items_purchased_type":["Card","Relic","Relic","Relic"],"build_version":"2020-12-13","purchased_purges":1,"victory":false,"max_hp_per_floor":[74,74,74,74,74,74,74,74,84,84,84,84,84,84,84,84,84,84,84,84,84,84,84,84,84,84,84,84,84,84,84,84,84,84,84,84,84,84,84],"relic_stats":{"counters":[22,90],"Prayer Wheel":0,"MawBank":132,"Cursed Key":1,"obtain_stats":[{"Potion Belt":22,"Pear":9,"Nilry\u0027s Codex":28,"SacredBark":34,"Damaru":14,"Incense Burner":22,"TeardropLocket":30,"MawBank":11,"Cursed Key":17,"Ancient Tea Set":26,"ClockworkSouvenir":22,"CaptainsWheel":2,"Prayer Wheel":37,"PureWater":0,"StrikeDummy":6,"InkBottle":23},{"Potion Belt":13,"Pear":6,"Nilry\u0027s Codex":15,"SacredBark":18,"Damaru":10,"Incense Burner":13,"TeardropLocket":16,"MawBank":8,"Cursed Key":11,"Ancient Tea Set":15,"ClockworkSouvenir":13,"CaptainsWheel":1,"Prayer Wheel":21,"PureWater":0,"StrikeDummy":5,"InkBottle":14},{"Potion Belt":49,"Pear":19,"Nilry\u0027s Codex":60,"SacredBark":74,"Damaru":30,"Incense Burner":49,"TeardropLocket":63,"MawBank":25,"Cursed Key":40,"Ancient Tea Set":60,"ClockworkSouvenir":49,"CaptainsWheel":4,"Prayer Wheel":85,"PureWater":0,"StrikeDummy":15,"InkBottle":55}],"InkBottle":[15]},"card_choices":[{"not_picked":["Consecrate","Evaluate"],"picked":"WheelKick","floor":1},{"not_picked":["ClearTheMind","Consecrate"],"picked":"CutThroughFate","floor":3},{"not_picked":["SashWhip","EmptyBody"],"picked":"FollowUp","floor":4},{"not_picked":["BowlingBash","Indignation"],"picked":"Halt","floor":5},{"not_picked":["ClearTheMind","LikeWater"],"picked":"Conclude","floor":6},{"not_picked":["FollowUp","Consecrate","Conclude"],"picked":"SKIP","floor":8},{"not_picked":["SashWhip","WindmillStrike"],"picked":"DeusExMachina","floor":10},{"not_picked":["JustLucky","ThirdEye"],"picked":"SpiritShield","floor":11},{"not_picked":["EmptyBody","Prostrate"],"picked":"Evaluate","floor":13},{"not_picked":["ThirdEye","BowlingBash"],"picked":"DevaForm","floor":14},{"not_picked":["Wish","Establishment"],"picked":"LessonLearned","floor":16},{"not_picked":["CrushJoints+1","Nirvana"],"picked":"EmptyFist","floor":18},{"not_picked":["Sanctity","Halt"],"picked":"InnerPeace","floor":21},{"not_picked":["Wish","Evaluate"],"picked":"Wallop+1","floor":23},{"not_picked":["Wireheading+1","FlyingSleeves"],"picked":"Worship","floor":25},{"not_picked":["Adaptation","Perseverance","FlyingSleeves"],"picked":"SKIP","floor":30},{"not_picked":["BowlingBash+1","Nirvana+1","BattleHymn"],"picked":"SKIP","floor":31},{"not_picked":["Blasphemy","Alpha"],"picked":"Devotion","floor":33},{"not_picked":["Protect","JustLucky","Vengeance"],"picked":"SKIP","floor":35},{"not_picked":["CutThroughFate","EmptyBody+1"],"picked":"BattleHymn","floor":36},{"not_picked":["SashWhip","Halt"],"picked":"Alpha","floor":37}],"player_experience":2281677,"relics_obtained":[{"floor":6,"key":"StrikeDummy"},{"floor":9,"key":"Pear"},{"floor":11,"key":"MawBank"},{"floor":14,"key":"Damaru"},{"floor":23,"key":"InkBottle"},{"floor":26,"key":"Ancient Tea Set"},{"floor":28,"key":"Nilry\u0027s Codex"},{"floor":30,"key":"TeardropLocket"},{"floor":37,"key":"Prayer Wheel"}],"event_choices":[{"damage_healed":0,"gold_gain":0,"player_choice":"Gave Potion","damage_taken":0,"relics_obtained":["CaptainsWheel"],"max_hp_gain":0,"max_hp_loss":0,"event_name":"WeMeetAgain","floor":2,"gold_loss":0},{"damage_healed":0,"gold_gain":0,"cards_transformed":["Defend_P","Defend_P"],"player_choice":"Became Test Subject","damage_taken":0,"max_hp_gain":0,"max_hp_loss":0,"event_name":"Drug Dealer","floor":19,"gold_loss":0,"cards_obtained":["Prostrate","Sanctity"]},{"damage_healed":0,"gold_gain":275,"player_choice":"Desecrate","damage_taken":0,"max_hp_gain":0,"max_hp_loss":0,"event_name":"Golden Shrine","floor":20,"gold_loss":0,"cards_obtained":["Regret"]},{"damage_healed":0,"gold_gain":0,"player_choice":"Obtained Book","damage_taken":21,"max_hp_gain":0,"max_hp_loss":0,"event_name":"Cursed Tome","floor":28,"gold_loss":0},{"damage_healed":0,"gold_gain":0,"player_choice":"Copied","damage_taken":0,"max_hp_gain":0,"max_hp_loss":0,"event_name":"Duplicator","floor":29,"gold_loss":0,"cards_obtained":["WheelKick"]},{"damage_healed":0,"gold_gain":0,"player_choice":"Fight","damage_taken":0,"max_hp_gain":0,"max_hp_loss":0,"event_name":"Mysterious Sphere","floor":37,"gold_loss":0}],"is_beta":false,"boss_relics":[{"not_picked":["Philosopher\u0027s Stone","SlaversCollar"],"picked":"Cursed Key"},{"not_picked":["HolyWater","Empty Cage"],"picked":"SacredBark"}],"items_purged_floors":[22],"is_endless":false,"potions_floor_spawned":[1,6,10,11,13,14,16,21,23,31,35,36],"killed_by":"4 Shapes","ascension_level":18}}