{"host":"wbdly04l9mkn9nrc","time":1608101686,"event":{"mods":["AchievementEnabler","BaseMod","BetterRewards","Minty Spire (QoL Compilation)","StSLib","[IsaacMod]ÒÔÈö¼âËþ"],"gold_per_floor":[112,136,136,154,7,7,7],"floor_reached":6,"playtime":437,"items_purged":["Defend_P"],"score":39,"play_id":"dea3ce97-6c08-46b2-9d26-abd7ec8bff34","local_time":"20201216145446","is_ascension_mode":true,"campfire_choices":[],"circlet_count":0,"master_deck":["Strike_P","Strike_P","Strike_P","Defend_P","Defend_P","Defend_P","Eruption","Vigilance","BettingIsNotGood","EmptyFist","Scrawl","Crescendo","Swivel","InnerPeace","LikeWater","FlyingSleeves","Adaptation","EmptyBody"],"relics":["PureWater","HushsDoor","DoctorsRemote","Orichalcum","BelialBook","Damaru","Orrery","Vajra","MealTicket"],"acts_visited":["Exordium"],"potions_floor_usage":[],"damage_taken":[{"damage":3,"enemies":"Cultist","floor":1,"turns":4},{"damage":0,"enemies":"2 Louse","floor":4,"turns":1},{"damage":12,"enemies":"Lagavulin","floor":6,"turns":3}],"seed_played":"-2759427985661407135","potions_obtained":[],"is_trial":false,"path_per_floor":["M","T","?","M","$","E"],"character_chosen":"WATCHER","items_purchased":["Orichalcum","BelialBook","Damaru","EmptyFist","Scrawl","Orrery","Adaptation","MealTicket"],"campfire_rested":0,"item_purchase_floors":[0,0,0,0,0,0,0,5],"current_hp_per_floor":[27,27,20,20,20,8,8],"gold":7,"neow_bonus":"","is_daily":false,"chose_seed":false,"campfire_upgraded":0,"win_rate":0.0,"timestamp":1608101686,"path_taken":["M","?","?","M","$","E"],"items_purchased_type":["Relic","Relic","Relic","Card","Card","Relic","Card","Relic"],"build_version":"2020-12-13","purchased_purges":1,"victory":false,"max_hp_per_floor":[72,72,72,72,72,72,72],"card_choices":[{"not_picked":[],"picked":"BettingIsNotGood","floor":0},{"not_picked":["Study","ConjureBlade"],"picked":"Crescendo","floor":0},{"not_picked":["MentalFortress","ThirdEye"],"picked":"Swivel","floor":0},{"not_picked":["CrushJoints","Crescendo"],"picked":"InnerPeace","floor":0},{"not_picked":["Conclude","BowlingBash"],"picked":"LikeWater","floor":0},{"not_picked":["PathToVictory","Bomb"],"picked":"FlyingSleeves","floor":0},{"not_picked":["Alpha","BowlingBash","JustLucky"],"picked":"SKIP","floor":1},{"not_picked":["WindmillStrike","JustLucky"],"picked":"EmptyBody","floor":4}],"player_experience":85488,"relics_obtained":[{"floor":2,"key":"Vajra"}],"event_choices":[{"cards_removed":["Strike_P"],"damage_healed":0,"gold_gain":0,"player_choice":"Card Removal","damage_taken":7,"max_hp_gain":0,"max_hp_loss":0,"event_name":"Golden Wing","floor":3,"gold_loss":0}],"is_beta":false,"boss_relics":[],"items_purged_floors":[0],"is_endless":false,"potions_floor_spawned":[],"killed_by":"Lagavulin","ascension_level":3}}