{"host":"zsm7bdfo51n66z45","time":1608085056,"event":{"mods":["AchievementEnabler","BaseMod","Colored Powertips","Minty Spire (QoL Compilation)","Relic Stats","Spicy Shops","StSLib","TheBandit","Waifu the Spire"],"gold_per_floor":[119,132,147,28,3,3,38,38,38,38,62,82,100,151,151,253,253,267,267,16,16,16,16],"floor_reached":21,"playtime":1056,"items_purged":[],"score":352,"play_id":"421df4a1-1a22-41d7-a41b-cf3f6737552f","local_time":"20201215201736","daily_mods":["SealedDeck","Hoarder"],"is_ascension_mode":false,"campfire_choices":[{"floor":6,"key":"REST"},{"floor":8,"key":"REST"},{"floor":10,"key":"REST"},{"floor":15,"key":"REST"}],"circlet_count":0,"master_deck":["wariomod:DoubleDash","wariomod:DoubleDash","wariomod:DoubleDash","wariomod:PayItForwards","wariomod:PayItForwards","wariomod:PayItForwards","wariomod:NullJump","wariomod:NullJump","wariomod:NullJump","wariomod:Bombtime","wariomod:Bombtime","wariomod:Bombtime","wariomod:BlastDash","wariomod:BlastDash","wariomod:BlastDash","wariomod:Bomblaster","wariomod:Bomblaster","wariomod:Bomblaster","wariomod:Leapslam","wariomod:Leapslam","wariomod:Leapslam","wariomod:Smackflip","wariomod:Smackflip","wariomod:Smackflip","wariomod:BoomBoom","wariomod:BoomBoom","wariomod:BoomBoom","wariomod:Bomblaster","wariomod:Bomblaster","wariomod:Bomblaster","wariomod:Bombshield","wariomod:Bombshield","wariomod:Bombshield","wariomod:Bombshield","wariomod:Bombshield","wariomod:Bombshield","wariomod:BoomBoom","wariomod:BoomBoom","wariomod:BoomBoom","wariomod:SilenceBombs","wariomod:SilenceBombs","wariomod:SilenceBombs","wariomod:BlastDash","wariomod:BlastDash","wariomod:BlastDash+1","wariomod:BoomAndDoom","wariomod:BoomAndDoom","wariomod:BoomAndDoom","wariomod:Smackflip","wariomod:Smackflip","wariomod:Smackflip+1","wariomod:BoomBoom","wariomod:BoomBoom","wariomod:BoomBoom"],"relics":["wariomod:TheHat","Torii","InkBottle","Shuriken","Odd Mushroom","Runic Pyramid","CultistMask","Whetstone"],"acts_visited":["Exordium","TheCity"],"potions_floor_usage":[7,16,16],"damage_taken":[{"damage":22,"enemies":"Small Slimes","floor":1,"turns":4},{"damage":3,"enemies":"2 Louse","floor":2,"turns":3},{"damage":9,"enemies":"Cultist","floor":3,"turns":5},{"damage":45,"enemies":"Gremlin Nob","floor":7,"turns":6},{"damage":38,"enemies":"The Mushroom Lair","floor":11,"turns":6},{"damage":2,"enemies":"Exordium Thugs","floor":12,"turns":4},{"damage":14,"enemies":"3 Louse","floor":13,"turns":3},{"damage":18,"enemies":"Hexaghost","floor":16,"turns":10},{"damage":60,"enemies":"Chosen","floor":18,"turns":10},{"damage":20,"enemies":"3 Byrds","floor":21,"turns":4}],"seed_played":"5754210659447295077","potions_obtained":[{"floor":3,"key":"AttackPotion"},{"floor":11,"key":"SpeedPotion"},{"floor":12,"key":"LiquidMemories"},{"floor":13,"key":"Energy Potion"},{"floor":18,"key":"DistilledChaos"}],"is_trial":true,"path_per_floor":["M","M","M","$","?","R","E","R","T","R","?","M","M","?","R","B",null,"M","?","$","M"],"character_chosen":"THE_BANDIT","items_purchased":["wariomod:Bombshield","Torii","wariomod:BoomBoom","Whetstone","SkillPotion"],"campfire_rested":4,"item_purchase_floors":[4,4,20,20,20],"current_hp_per_floor":[58,55,46,46,46,70,25,49,49,73,35,33,19,19,43,25,80,20,20,20,0,0,0],"gold":16,"neow_bonus":"","is_daily":false,"chose_seed":false,"campfire_upgraded":0,"win_rate":0.0,"timestamp":1608085056,"path_taken":["M","M","M","$","?","R","E","R","T","R","?","M","M","?","R","BOSS","M","?","?","M"],"items_purchased_type":["Card","Relic","Card","Relic","Potion"],"build_version":"2020-12-13","purchased_purges":0,"victory":false,"max_hp_per_floor":[80,80,80,80,80,80,80,80,80,80,80,80,80,80,80,80,80,80,80,80,80,80,80],"relic_stats":{"Torii":54,"counters":[10,55],"Shuriken":[10],"Whetstone":["wariomod:Smackflip","wariomod:BlastDash"],"obtain_stats":[{"Torii":4,"Shuriken":9,"wariomod:TheHat":0,"CultistMask":19,"Whetstone":20,"Odd Mushroom":11,"InkBottle":7,"Runic Pyramid":17},{"Torii":3,"Shuriken":4,"wariomod:TheHat":0,"CultistMask":9,"Whetstone":9,"Odd Mushroom":5,"InkBottle":4,"Runic Pyramid":8},{"Torii":12,"Shuriken":18,"wariomod:TheHat":0,"CultistMask":51,"Whetstone":51,"Odd Mushroom":24,"InkBottle":18,"Runic Pyramid":41}],"InkBottle":[12]},"card_choices":[{"not_picked":["wariomod:Game","wariomod:BlastDash"],"picked":"wariomod:Bombshield","floor":1},{"not_picked":["wariomod:HastyRush","wariomod:Smackflip","wariomod:DonateDraw"],"picked":"SKIP","floor":2},{"not_picked":["wariomod:WhirlwindBurst","wariomod:DoubleDip","wariomod:DanceDash"],"picked":"SKIP","floor":3},{"not_picked":["wariomod:ThatsNotAll","wariomod:VeryLongJump"],"picked":"wariomod:BoomBoom","floor":7},{"not_picked":["wariomod:Boomsmack","wariomod:EmptyMind"],"picked":"wariomod:SilenceBombs","floor":12},{"not_picked":["wariomod:ImFeelingLucky","wariomod:BodyBlock"],"picked":"wariomod:BlastDash","floor":13},{"not_picked":["wariomod:WipeClean","wariomod:ShipSmash"],"picked":"wariomod:BoomAndDoom","floor":16},{"not_picked":["wariomod:Goblast","wariomod:BigUpgrade"],"picked":"wariomod:Smackflip","floor":18}],"player_experience":152945,"relics_obtained":[{"floor":7,"key":"InkBottle"},{"floor":9,"key":"Shuriken"},{"floor":11,"key":"Odd Mushroom"}],"event_choices":[{"damage_healed":0,"gold_gain":0,"player_choice":"Left Gold","damage_taken":0,"max_hp_gain":0,"max_hp_loss":0,"event_name":"World of Goop","floor":5,"gold_loss":25},{"damage_healed":0,"gold_gain":0,"player_choice":"Fought Mushrooms","damage_taken":0,"max_hp_gain":0,"max_hp_loss":0,"event_name":"Mushrooms","floor":11,"gold_loss":0},{"damage_healed":0,"gold_gain":51,"player_choice":"Gained Gold","damage_taken":0,"max_hp_gain":0,"max_hp_loss":0,"event_name":"Golden Wing","floor":14,"gold_loss":0},{"damage_healed":0,"gold_gain":0,"player_choice":"Trade","damage_taken":0,"relics_obtained":["CultistMask"],"max_hp_gain":0,"max_hp_loss":0,"event_name":"FaceTrader","floor":19,"gold_loss":0}],"is_beta":false,"boss_relics":[{"not_picked":["wariomod:SuperHat","Cursed Key"],"picked":"Runic Pyramid"}],"items_purged_floors":[],"is_endless":false,"potions_floor_spawned":[3,11,12,13,18],"killed_by":"3 Byrds","ascension_level":0}}