{"host":"q5vpntglr38zhb0c","time":1608117668,"event":{"mods":["BaseMod","Colored Map","DeckTracker","Keyboard Shortcuts","Minty Spire (QoL Compilation)","Permanent Neow","StSLib","SuperFastMode","everything is the same but u backflip on backflip"],"gold_per_floor":[109,128,128,145,164,164,8,8,8,26,46,46,46],"floor_reached":12,"playtime":269,"items_purged":["Strike_R"],"score":144,"play_id":"f913024c-b919-4b67-8179-1779bf4f1564","local_time":"20201216202108","is_ascension_mode":true,"campfire_choices":[{"data":"Armaments","floor":6,"key":"SMITH"},{"floor":8,"key":"REST"}],"circlet_count":0,"master_deck":["AscendersBane","Strike_R","Strike_R","Defend_R","Defend_R","Defend_R","Defend_R","Bash","Seeing Red","Bloodletting","Armaments+1","Whirlwind","Flame Barrier","Body Slam","Disarm","Carnage","Power Through"],"relics":["Burning Blood","Mummified Hand"],"acts_visited":["Exordium"],"potions_floor_usage":[5,5,12],"damage_taken":[{"damage":7,"enemies":"Jaw Worm","floor":1,"turns":4},{"damage":9,"enemies":"Cultist","floor":2,"turns":4},{"damage":0,"enemies":"Small Slimes","floor":4,"turns":2},{"damage":34,"enemies":"Exordium Thugs","floor":5,"turns":6},{"damage":17,"enemies":"Large Slime","floor":10,"turns":11},{"damage":0,"enemies":"3 Louse","floor":11,"turns":1},{"damage":27,"enemies":"Lagavulin","floor":12,"turns":7}],"seed_played":"-4387743538000263840","potions_obtained":[{"floor":2,"key":"EntropicBrew"},{"floor":10,"key":"Fire Potion"}],"is_trial":false,"path_per_floor":["M","M","?","M","M","R","$","R","T","M","M","E"],"character_chosen":"IRONCLAD","items_purchased":["Disarm"],"campfire_rested":1,"item_purchase_floors":[7],"current_hp_per_floor":[67,64,29,35,7,7,7,27,27,16,22,0,0],"gold":46,"neow_bonus":"TRANSFORM_TWO_CARDS","is_daily":false,"chose_seed":false,"campfire_upgraded":1,"win_rate":0.0,"timestamp":1608117668,"path_taken":["M","M","?","M","M","R","?","R","T","?","M","E"],"items_purchased_type":["Card"],"build_version":"2020-12-13","purchased_purges":1,"victory":false,"max_hp_per_floor":[68,68,68,68,68,68,68,68,68,68,68,68,68],"card_choices":[{"not_picked":["Anger","Warcry"],"picked":"Armaments","floor":1},{"not_picked":["Flex","True Grit"],"picked":"Whirlwind","floor":2},{"not_picked":["Clash","Cleave"],"picked":"Flame Barrier","floor":4},{"not_picked":["Second Wind","Carnage"],"picked":"Body Slam","floor":5},{"not_picked":["Pummel","Flex"],"picked":"Carnage","floor":10},{"not_picked":["Dual Wield","Fire Breathing"],"picked":"Power Through","floor":11}],"player_experience":1297122,"relics_obtained":[],"event_choices":[{"damage_healed":0,"gold_gain":0,"player_choice":"Success","damage_taken":35,"relics_obtained":["Mummified Hand"],"max_hp_gain":0,"max_hp_loss":0,"event_name":"Scrap Ooze","floor":3,"gold_loss":0}],"is_beta":false,"boss_relics":[],"items_purged_floors":[7],"is_endless":false,"potions_floor_spawned":[2,10],"killed_by":"Lagavulin","ascension_level":20}}