{"host":"6bsan6hkua32tfq7","time":1608105599,"event":{"mods":["BaseMod","Better Third Choice","Colored Map","Highlight Path","Minty Spire (QoL Compilation)","StSLib"],"gold_per_floor":[111,111,91,16,32,58,68,99,99,20,20,56,75,91,91,91,91],"floor_reached":16,"playtime":407,"items_purged":["Defend_G"],"score":290,"play_id":"3a7fba59-21d7-4c95-9a9f-e0ef9842a5e7","local_time":"20201216085959","is_ascension_mode":true,"campfire_choices":[{"data":"Well Laid Plans","floor":15,"key":"SMITH"}],"circlet_count":0,"master_deck":["AscendersBane","Strike_G","Strike_G","Strike_G","Strike_G","Strike_G","Defend_G","Defend_G","Defend_G","Defend_G","Survivor","Neutralize","Dagger Spray","Dagger Throw","Prepared","Dodge and Roll","Infinite Blades","Footwork","Deflect","Well Laid Plans+1"],"relics":["Ring of the Snake","NeowsBlessing","White Beast Statue","Ginger","Incense Burner","Golden Idol","Toy Ornithopter"],"acts_visited":["Exordium"],"potions_floor_usage":[5,8,12,13,14,16],"damage_taken":[{"damage":0,"enemies":"Jaw Worm","floor":1,"turns":1},{"damage":0,"enemies":"Cultist","floor":5,"turns":1},{"damage":0,"enemies":"3 Sentries","floor":6,"turns":1},{"damage":5,"enemies":"Small Slimes","floor":7,"turns":2},{"damage":6,"enemies":"Gremlin Nob","floor":8,"turns":3},{"damage":32,"enemies":"3 Sentries","floor":12,"turns":6},{"damage":6,"enemies":"Blue Slaver","floor":13,"turns":4},{"damage":0,"enemies":"Gremlin Gang","floor":14,"turns":3},{"damage":30,"enemies":"Hexaghost","floor":16,"turns":9}],"seed_played":"-5944595643285637695","potions_obtained":[{"floor":1,"key":"FearPotion"},{"floor":3,"key":"Fruit Juice"},{"floor":7,"key":"Block Potion"},{"floor":8,"key":"FearPotion"},{"floor":12,"key":"DuplicationPotion"},{"floor":13,"key":"FearPotion"},{"floor":14,"key":"Dexterity Potion"}],"is_trial":false,"path_per_floor":["M","?","?","$","M","E","M","E","T","$","?","E","M","M","R","B"],"character_chosen":"THE_SILENT","items_purchased":["Footwork"],"campfire_rested":0,"item_purchase_floors":[10],"current_hp_per_floor":[59,59,59,59,64,64,59,53,53,53,53,21,20,25,25,0,0],"gold":91,"neow_bonus":"THREE_ENEMY_KILL","is_daily":false,"chose_seed":false,"campfire_upgraded":1,"win_rate":0.0,"timestamp":1608105599,"path_taken":["M","?","?","$","M","E","?","E","T","$","?","E","M","M","R","BOSS"],"items_purchased_type":["Card"],"build_version":"2020-12-13","purchased_purges":1,"victory":false,"max_hp_per_floor":[66,66,66,66,71,71,71,71,71,71,64,64,64,64,64,64,64],"card_choices":[{"not_picked":["Caltrops","Catalyst"],"picked":"Dagger Spray","floor":1},{"not_picked":["Reflex","Cloak And Dagger"],"picked":"Dagger Throw","floor":5},{"not_picked":["Acrobatics","Caltrops"],"picked":"Prepared","floor":6},{"not_picked":["Catalyst","Concentrate"],"picked":"Dodge and Roll","floor":7},{"not_picked":["Caltrops","Expertise"],"picked":"Infinite Blades","floor":8},{"not_picked":["Blade Dance","Sucker Punch","Catalyst"],"picked":"SKIP","floor":12},{"not_picked":["Prepared","Endless Agony"],"picked":"Deflect","floor":13},{"not_picked":["Blade Dance","Caltrops"],"picked":"Well Laid Plans","floor":14}],"player_experience":5174209,"relics_obtained":[{"floor":6,"key":"White Beast Statue"},{"floor":8,"key":"Ginger"},{"floor":9,"key":"Incense Burner"},{"floor":12,"key":"Toy Ornithopter"}],"event_choices":[{"damage_healed":0,"gold_gain":0,"player_choice":"Ignored","damage_taken":111,"max_hp_gain":0,"max_hp_loss":0,"event_name":"betterThird:BetterSerpent","floor":2,"gold_loss":0},{"damage_healed":0,"gold_gain":0,"player_choice":"Bought 1 Potion","damage_taken":0,"max_hp_gain":0,"max_hp_loss":0,"event_name":"The Woman in Blue","floor":3,"gold_loss":0},{"damage_healed":0,"gold_gain":0,"player_choice":"Lose Max HP","damage_taken":0,"relics_obtained":["Golden Idol"],"max_hp_gain":0,"max_hp_loss":7,"event_name":"Golden Idol","floor":11,"gold_loss":0}],"is_beta":false,"boss_relics":[],"items_purged_floors":[4],"is_endless":false,"potions_floor_spawned":[1,7,8,12,13,14],"killed_by":"Hexaghost","ascension_level":20}}