{"host":"08ybifllvpb8gqpc","time":1608142925,"event":{"mods":["Act Like it!","BaseMod","Gensokyo","Marisa????????","Minty Spire (QoL Compilation)","StSLib","The Runesmith","everything is the same but u backflip on backflip"],"gold_per_floor":[111,111,111,121,121,121,134,134,134,148,183,183,226,226,226,331,331,342,441,541,541,541],"floor_reached":21,"playtime":845,"items_purged":[],"score":248,"play_id":"c8409f30-45e1-4651-9500-a04197e034ff","local_time":"20201216152205","is_ascension_mode":true,"campfire_choices":[{"data":"Runesmith:CraftFirestone","floor":6,"key":"SMITH"},{"data":"Runesmith:Fortify","floor":8,"key":"SMITH"},{"floor":12,"key":"REST"},{"floor":15,"key":"REST"}],"circlet_count":0,"master_deck":["Runesmith:Strike_RS","Runesmith:Strike_RS","Runesmith:Strike_RS","Runesmith:Strike_RS","Runesmith:Defend_RS","Runesmith:Defend_RS","Runesmith:CraftFirestone+1","Runesmith:Fortify+1","Runesmith:CraftProtectio","Runesmith:Grindstone","Runesmith:CraftProtectio","Runesmith:LithiumIon","Runesmith:Permafrost","Runesmith:CraftMagma","Runesmith:HeatedChisel","Runesmith:UnlimitedPower","Runesmith:EarthShield"],"relics":["Runesmith:BrokenRuby","StrikeDummy","Ice Cream","Odd Mushroom","Philosopher\u0027s Stone"],"acts_visited":["Exordium","TheCity"],"potions_floor_usage":[11,13,13,21],"damage_taken":[{"damage":13,"enemies":"Jaw Worm","floor":1,"turns":4},{"damage":0,"enemies":"2 Louse","floor":4,"turns":3},{"damage":6,"enemies":"Small Slimes","floor":7,"turns":3},{"damage":1,"enemies":"2 Fungi Beasts","floor":10,"turns":3},{"damage":29,"enemies":"Gremlin Nob","floor":11,"turns":4},{"damage":14,"enemies":"The Mushroom Lair","floor":13,"turns":3},{"damage":0,"enemies":"The Guardian","floor":16,"turns":10},{"damage":18,"enemies":"Shell Parasite","floor":18,"turns":6},{"damage":89,"enemies":"3 Byrds","floor":21,"turns":6}],"seed_played":"2022147996434292955","potions_obtained":[{"floor":4,"key":"Strength Potion"},{"floor":11,"key":"EntropicBrew"},{"floor":16,"key":"Regen Potion"}],"is_trial":false,"path_per_floor":["M","?","?","M","?","R","M","R","T","M","E","R","?","?","R","B",null,"M","?","?","M"],"character_chosen":"RUNESMITH_CLASS","items_purchased":[],"campfire_rested":2,"item_purchase_floors":[],"current_hp_per_floor":[57,50,50,50,50,50,44,44,44,43,14,35,21,21,42,42,70,52,52,52,0,0],"gold":541,"neow_bonus":"THREE_CARDS","is_daily":false,"chose_seed":false,"campfire_upgraded":2,"win_rate":0.0,"timestamp":1608142925,"path_taken":["M","?","?","M","?","R","M","R","T","M","E","R","?","?","R","BOSS","M","?","?","M"],"items_purchased_type":[],"build_version":"2020-12-13","purchased_purges":0,"victory":false,"max_hp_per_floor":[70,70,70,70,70,70,70,70,70,70,70,70,70,70,70,70,70,70,70,70,70,70],"card_choices":[{"not_picked":["Runesmith:EarthShield","Runesmith:Refine"],"picked":"Runesmith:CraftProtectio","floor":0},{"not_picked":["Runesmith:Repurpose","Runesmith:HammerTime"],"picked":"Runesmith:Grindstone","floor":1},{"not_picked":["Runesmith:RunicBlueprint","Runesmith:MakeshiftArmor"],"picked":"Runesmith:CraftProtectio","floor":4},{"not_picked":["Runesmith:ShiftingStrike","Runesmith:Grindstone"],"picked":"Runesmith:LithiumIon","floor":7},{"not_picked":["Runesmith:Augment","Runesmith:ShiftingStrike"],"picked":"Runesmith:Permafrost","floor":10},{"not_picked":["Runesmith:Retool","Runesmith:BackupBattery"],"picked":"Runesmith:CraftMagma","floor":11},{"not_picked":["Runesmith:ChiselStab","Runesmith:Grindstone"],"picked":"Runesmith:HeatedChisel","floor":13},{"not_picked":["Runesmith:Supernova","Runesmith:ArcReactor"],"picked":"Runesmith:UnlimitedPower","floor":16},{"not_picked":["Runesmith:UnstableHammer+1","Runesmith:NegativeSpace"],"picked":"Runesmith:EarthShield","floor":18}],"player_experience":1071652,"relics_obtained":[{"floor":9,"key":"StrikeDummy"},{"floor":11,"key":"Ice Cream"},{"floor":13,"key":"Odd Mushroom"}],"event_choices":[{"cards_removed":["Runesmith:Defend_RS"],"damage_healed":0,"gold_gain":0,"player_choice":"Card Removal","damage_taken":7,"max_hp_gain":0,"max_hp_loss":0,"event_name":"Golden Wing","floor":2,"gold_loss":0},{"cards_removed":["Runesmith:Defend_RS"],"damage_healed":0,"gold_gain":0,"player_choice":"Forget","damage_taken":0,"max_hp_gain":0,"max_hp_loss":0,"event_name":"Living Wall","floor":3,"gold_loss":0},{"damage_healed":0,"gold_gain":0,"player_choice":"Ignored","damage_taken":0,"max_hp_gain":0,"max_hp_loss":0,"event_name":"Liars Game","floor":5,"gold_loss":0},{"damage_healed":0,"gold_gain":0,"player_choice":"Fought Mushrooms","damage_taken":0,"max_hp_gain":0,"max_hp_loss":0,"event_name":"Mushrooms","floor":13,"gold_loss":0},{"damage_healed":0,"gold_gain":0,"player_choice":"Fled","damage_taken":0,"max_hp_gain":0,"max_hp_loss":0,"event_name":"Scrap Ooze","floor":14,"gold_loss":0},{"damage_healed":0,"gold_gain":99,"player_choice":"Stole From Cult","damage_taken":0,"max_hp_gain":0,"max_hp_loss":0,"event_name":"Nest","floor":19,"gold_loss":0},{"damage_healed":0,"gold_gain":100,"player_choice":"Pray","damage_taken":0,"max_hp_gain":0,"max_hp_loss":0,"event_name":"Golden Shrine","floor":20,"gold_loss":0}],"is_beta":false,"boss_relics":[{"not_picked":["Tiny House","Coffee Dripper"],"picked":"Philosopher\u0027s Stone"}],"items_purged_floors":[],"is_endless":false,"potions_floor_spawned":[4,11,16,18],"killed_by":"3 Byrds","ascension_level":2}}