{"host":"un97lkyah1pp4w16","time":1608122258,"event":{"mods":["BaseMod","Colored Map","Colored Powertips","Minty Spire (QoL Compilation)","StSLib","SuperFastMode"],"gold_per_floor":[109,284,299,299,155,155,165,165,165,181,131,406,423,435,435,532,532,547,566,56,56,74,74,74,86,109,109,109,109,109,125,125,226,226,243,87,87,101,114,114,17,34,34,52,86,86,26,37,37,37],"floor_reached":51,"playtime":1595,"items_purged":["Strike_B"],"score":694,"play_id":"a113e63d-c061-4659-aaae-b6881fe693d0","local_time":"20201216203738","is_ascension_mode":false,"campfire_choices":[{"data":"Genetic Algorithm","floor":6.0,"key":"SMITH"},{"data":"Darkness","floor":8.0,"key":"SMITH"},{"floor":15.0,"key":"REST"},{"floor":23,"key":"REST"},{"floor":27,"key":"REST"},{"data":"Apotheosis","floor":30,"key":"SMITH"},{"floor":32,"key":"REST"},{"data":"Rainbow","floor":40,"key":"SMITH"},{"floor":46,"key":"REST"},{"floor":49,"key":"REST"}],"circlet_count":0,"master_deck":["Defend_B","Defend_B","Defend_B","Zap","Dualcast","Ball Lightning","Genetic Algorithm+1","Doom and Gloom","Darkness+1","Defragment","Seek","Hologram","Rainbow+1","Ball Lightning","Go for the Eyes","Aggregate","Apotheosis+1","Defragment","Necronomicurse","Sunder","Genetic Algorithm","Self Repair+1","Creative AI","Aggregate","Auto Shields+1","Storm+1","Turbo+1","Fusion+1","Reboot","Turbo"],"relics":["SlaversCollar","Bronze Scales","Shuriken","Empty Cage","Lee\u0027s Waffle","Necronomicon","Art of War","Orichalcum","Cables","Runic Pyramid","Chemical X","Bottled Tornado","Bag of Preparation"],"acts_visited":["Exordium","TheCity","TheBeyond"],"potions_floor_usage":[31,33,44,50],"damage_taken":[{"damage":10.0,"enemies":"Small Slimes","floor":1.0,"turns":3.0},{"damage":6.0,"enemies":"2 Louse","floor":3.0,"turns":4.0},{"damage":9.0,"enemies":"Cultist","floor":7.0,"turns":4.0},{"damage":4.0,"enemies":"Large Slime","floor":10.0,"turns":6.0},{"damage":17.0,"enemies":"Looter","floor":13.0,"turns":4.0},{"damage":11.0,"enemies":"3 Louse","floor":14.0,"turns":2.0},{"damage":32.0,"enemies":"Slime Boss","floor":16.0,"turns":6.0},{"damage":22,"enemies":"Shell Parasite","floor":18,"turns":4},{"damage":34,"enemies":"2 Thieves","floor":19,"turns":4},{"damage":32,"enemies":"Snake Plant","floor":22,"turns":3},{"damage":20,"enemies":"Centurion and Healer","floor":25,"turns":5},{"damage":14,"enemies":"Shelled Parasite and Fungi","floor":31,"turns":6},{"damage":37,"enemies":"Automaton","floor":33,"turns":8},{"damage":15,"enemies":"3 Darklings","floor":35,"turns":5},{"damage":0,"enemies":"Orb Walker","floor":38,"turns":3},{"damage":16,"enemies":"Maw","floor":39,"turns":6},{"damage":23,"enemies":"Sphere and 2 Shapes","floor":42,"turns":4},{"damage":27,"enemies":"3 Darklings","floor":44,"turns":4},{"damage":28,"enemies":"Reptomancer","floor":45,"turns":4},{"damage":1,"enemies":"Spire Growth","floor":48,"turns":5},{"damage":60,"enemies":"Awakened One","floor":50,"turns":7}],"seed_played":"9155184689006722562","potions_obtained":[{"floor":3.0,"key":"SkillPotion"},{"floor":7.0,"key":"Strength Potion"},{"floor":10.0,"key":"ColorlessPotion"},{"floor":18,"key":"BlessingOfTheForge"},{"floor":22,"key":"Regen Potion"},{"floor":31,"key":"Block Potion"},{"floor":38,"key":"Block Potion"},{"floor":44,"key":"BlessingOfTheForge"},{"floor":48,"key":"EssenceOfSteel"}],"is_trial":false,"path_per_floor":["M","?","M","?","$","R","M","R","T","M","?","?","M","M","R","B",null,"M","M","$","?","M","R","?","M","T","R","?","?","R","M","R","B",null,"M","$","?","M","M","R","$","M","T","M","E","R","?","M","R","B",null],"character_chosen":"DEFECT","items_purchased":["Bronze Scales","Lee\u0027s Waffle","Aggregate","Apotheosis","Defragment","Chemical X","FairyPotion"],"campfire_rested":6,"item_purchase_floors":[5,20,20,20,20,36,41],"current_hp_per_floor":[65,65,59,59,59,59,50,50,50,46,46,46,29,18,40,8,75,53,19,82,66,34,58,58,38,38,62,62,62,62,62,82,55,82,77,77,77,77,61,61,61,38,38,21,34,58,58,67,82,32],"gold":37,"neow_bonus":"BOSS_RELIC","is_daily":false,"chose_seed":false,"campfire_upgraded":4,"win_rate":0.0,"timestamp":1608122258,"path_taken":["M","?","M","?","$","R","M","R","T","M","?","?","M","?","R","BOSS","M","M","$","?","M","R","?","M","T","R","?","?","R","M","R","BOSS","M","?","?","M","M","R","$","?","T","?","E","R","?","M","R","BOSS"],"items_purchased_type":["Relic","Relic","Card","Card","Card","Relic","Potion"],"build_version":"2020-12-13","purchased_purges":1,"victory":true,"max_hp_per_floor":[75,75,75,75,75,75,75,75,75,75,75,75,75,75,75,75,75,75,75,82,82,82,82,82,82,82,82,82,82,82,82,82,82,82,82,82,82,82,82,82,82,82,82,82,82,82,82,82,82,82],"card_choices":[{"not_picked":["Steam","Heatsinks"],"picked":"Ball Lightning","floor":1.0},{"not_picked":["Double Energy","Rebound"],"picked":"Genetic Algorithm","floor":3.0},{"not_picked":["Fusion","Leap"],"picked":"Darkness","floor":7.0},{"not_picked":["Gash","Redo"],"picked":"Defragment","floor":10.0},{"not_picked":["Sweeping Beam","Stack"],"picked":"Seek","floor":13.0},{"not_picked":["Barrage","Reprogram"],"picked":"Hologram","floor":14.0},{"not_picked":["Biased Cognition","Machine Learning"],"picked":"Rainbow","floor":16.0},{"not_picked":["Stack+1","Lockon"],"picked":"Ball Lightning","floor":18},{"not_picked":["Stack","Steam Power"],"picked":"Go for the Eyes","floor":19},{"not_picked":["Leap","Steam"],"picked":"Sunder","floor":22},{"not_picked":["Hologram","Compile Driver"],"picked":"Genetic Algorithm","floor":25},{"not_picked":["Sweeping Beam","Rebound"],"picked":"Self Repair+1","floor":31},{"not_picked":["Multi-Cast","Amplify"],"picked":"Creative AI","floor":33},{"not_picked":["Rebound","Go for the Eyes"],"picked":"Aggregate","floor":35},{"not_picked":["Doom and Gloom","Turbo+1"],"picked":"Auto Shields+1","floor":38},{"not_picked":["Chill+1","Sweeping Beam+1"],"picked":"Storm+1","floor":39},{"not_picked":["Skim","Gash"],"picked":"Turbo+1","floor":42},{"not_picked":["Beam Cell","Ball Lightning+1"],"picked":"Fusion+1","floor":44},{"not_picked":["Hello World","Gash"],"picked":"Reboot","floor":45},{"not_picked":["Rebound+1","Stack+1"],"picked":"Turbo","floor":48}],"player_experience":86423,"relics_obtained":[{"floor":9.0,"key":"Shuriken"},{"floor":21,"key":"Necronomicon"},{"floor":26,"key":"Orichalcum"},{"floor":43,"key":"Bottled Tornado"},{"floor":45,"key":"Bag of Preparation"}],"event_choices":[{"damage_healed":0.0,"max_hp_gain":0.0,"max_hp_loss":0.0,"gold_gain":175.0,"event_name":"Liars Game","player_choice":"AGREE","floor":2.0,"gold_loss":0.0,"damage_taken":0.0,"cards_obtained":["Doubt"]},{"damage_healed":0.0,"max_hp_gain":0.0,"max_hp_loss":0.0,"gold_gain":0.0,"cards_transformed":["Strike_B"],"event_name":"Living Wall","player_choice":"Change","floor":4.0,"gold_loss":0.0,"damage_taken":0.0,"cards_obtained":["Doom and Gloom"]},{"cards_removed":["Strike_B"],"damage_healed":0.0,"max_hp_gain":0.0,"max_hp_loss":0.0,"gold_gain":0.0,"event_name":"The Cleric","player_choice":"Card Removal","floor":11.0,"gold_loss":50.0,"damage_taken":0.0},{"damage_healed":0.0,"max_hp_gain":0.0,"max_hp_loss":0.0,"gold_gain":275.0,"event_name":"Golden Shrine","player_choice":"Desecrate","floor":12.0,"gold_loss":0.0,"damage_taken":0.0,"cards_obtained":["Regret"]},{"damage_healed":0,"gold_gain":0,"player_choice":"Obtained Book","damage_taken":16,"max_hp_gain":0,"max_hp_loss":0,"event_name":"Cursed Tome","floor":21,"gold_loss":0},{"damage_healed":0,"gold_gain":0,"player_choice":"Stole Relic","damage_taken":0,"relics_obtained":["Art of War"],"max_hp_gain":0,"max_hp_loss":0,"event_name":"Addict","floor":24,"gold_loss":0,"cards_obtained":["Shame"]},{"damage_healed":0,"gold_gain":0,"player_choice":"Opened","damage_taken":0,"relics_obtained":["Cables"],"max_hp_gain":0,"max_hp_loss":0,"event_name":"The Mausoleum","floor":28,"gold_loss":0},{"cards_removed":["Shame"],"damage_healed":0,"gold_gain":0,"player_choice":"Removed Curses","damage_taken":0,"max_hp_gain":0,"max_hp_loss":0,"event_name":"Fountain of Cleansing","floor":29,"gold_loss":0},{"cards_removed":["Strike_B"],"damage_healed":0,"gold_gain":0,"player_choice":"Offered Basic","damage_taken":0,"max_hp_gain":0,"max_hp_loss":0,"event_name":"Bonfire Elementals","floor":37,"gold_loss":0},{"cards_removed":["Defend_B"],"damage_healed":0,"gold_gain":0,"player_choice":"Single Remove","damage_taken":0,"max_hp_gain":0,"max_hp_loss":0,"event_name":"Designer","floor":47,"gold_loss":60}],"is_beta":false,"boss_relics":[{"not_picked":["Velvet Choker","Tiny House"],"picked":"Empty Cage"},{"not_picked":["Busted Crown","Black Star"],"picked":"Runic Pyramid"}],"items_purged_floors":[20],"is_endless":false,"potions_floor_spawned":[3,7,10,18,22,31,38,44,48],"ascension_level":0}}