{"host":"o2evyl5sbrgotc3u","time":1608094830,"event":{"mods":["AchievementEnabler","BaseMod","Colored Map","DeckTracker","Faster Ascension Climbing","Keyboard Shortcuts","Minty Spire (QoL Compilation)","Permanent Neow","Quick Restart","Relic Stats","StSLib","SuperFastMode","everything is the same but u backflip on backflip"],"gold_per_floor":[109,109,128,53,69,69,99,99,126,109,135,14,25,37,37,135,135,149,160,259,259,279,279,83,83,83,8,8,28,28,40,40,145,145,155,168,179,52,72,72,100,113,187,221,241,241,261,361,361,361],"floor_reached":51,"playtime":1852,"items_purged":["Strike_B","Strike_B","Strike_B","Defend_B"],"score":736,"play_id":"fb5ce1b1-d54a-468d-ac2b-c33af61da575","local_time":"20201216140030","is_ascension_mode":false,"campfire_choices":[{"data":"Chaos","floor":6.0,"key":"SMITH"},{"data":"Zap","floor":8.0,"key":"SMITH"},{"data":"Blizzard","floor":15.0,"key":"SMITH"},{"data":"White Noise","floor":23.0,"key":"SMITH"},{"data":"Hologram","floor":25.0,"key":"SMITH"},{"data":"Turbo","floor":32.0,"key":"SMITH"},{"data":"Defragment","floor":40.0,"key":"SMITH"},{"data":"Seek","floor":46,"key":"SMITH"},{"data":"Undo","floor":49,"key":"SMITH"}],"circlet_count":0,"master_deck":["Defend_B","Defend_B","Zap+1","Dualcast","Flash of Steel","Streamline","Chaos+1","Glacier","Compile Driver","Compile Driver","Blizzard+1","Hologram+1","White Noise+1","Meteor Strike","Glacier+1","White Noise+1","Turbo+1","Machine Learning","Chill+1","Coolheaded+1","Defragment+1","Seek+1","Coolheaded+1","Undo+1"],"relics":["Cracked Core","Eternal Feather","Regal Pillow","Smiling Mask","Runic Dome","Oddly Smooth Stone","Medical Kit","Blood Vial","DataDisk","Sozu","Pantograph","The Courier","Gambling Chip"],"acts_visited":["Exordium","TheCity","TheBeyond"],"potions_floor_usage":[50,50],"damage_taken":[{"damage":0.0,"enemies":"Small Slimes","floor":1.0,"turns":3.0},{"damage":0.0,"enemies":"Cultist","floor":3.0,"turns":2.0},{"damage":8.0,"enemies":"Jaw Worm","floor":5.0,"turns":3.0},{"damage":0.0,"enemies":"Exordium Thugs","floor":10.0,"turns":4.0},{"damage":13.0,"enemies":"Lagavulin","floor":11.0,"turns":3.0},{"damage":3.0,"enemies":"3 Louse","floor":13.0,"turns":3.0},{"damage":2.0,"enemies":"2 Fungi Beasts","floor":14.0,"turns":3.0},{"damage":30.0,"enemies":"Hexaghost","floor":16.0,"turns":9.0},{"damage":0.0,"enemies":"Chosen","floor":18.0,"turns":4.0},{"damage":0.0,"enemies":"3 Byrds","floor":19.0,"turns":5.0},{"damage":0.0,"enemies":"Cultist and Chosen","floor":22.0,"turns":6.0},{"damage":5.0,"enemies":"Centurion and Healer","floor":29.0,"turns":6.0},{"damage":0.0,"enemies":"3 Cultists","floor":31.0,"turns":4.0},{"damage":13.0,"enemies":"Automaton","floor":33.0,"turns":11.0},{"damage":0.0,"enemies":"3 Shapes","floor":35.0,"turns":4.0},{"damage":0.0,"enemies":"3 Darklings","floor":36.0,"turns":5.0},{"damage":5.0,"enemies":"4 Shapes","floor":37.0,"turns":3.0},{"damage":0.0,"enemies":"Sphere and 2 Shapes","floor":39.0,"turns":3.0},{"damage":13,"enemies":"Reptomancer","floor":41,"turns":6},{"damage":0,"enemies":"Jaw Worm Horde","floor":42,"turns":3},{"damage":20,"enemies":"Giant Head","floor":44,"turns":8},{"damage":0,"enemies":"Spire Growth","floor":45,"turns":4},{"damage":0,"enemies":"3 Darklings","floor":47,"turns":2},{"damage":29,"enemies":"Donu and Deca","floor":50,"turns":10}],"seed_played":"-1453819113443037199","potions_obtained":[{"floor":1.0,"key":"Explosive Potion"},{"floor":5.0,"key":"SkillPotion"},{"floor":10.0,"key":"AttackPotion"},{"floor":13.0,"key":"EssenceOfSteel"},{"floor":19.0,"key":"Fire Potion"},{"floor":28.0,"key":"SneckoOil"}],"is_trial":false,"path_per_floor":["M","?","M","$","M","R","?","R","T","M","E","$","M","M","R","B",null,"M","M","?","T","M","R","$","R","T","?","?","M","T","M","R","B",null,"M","M","M","$","M","R","E","M","T","E","M","R","M","?","R","B",null],"character_chosen":"DEFECT","items_purchased":["Blizzard","Medical Kit","Defragment"],"campfire_rested":0,"item_purchase_floors":[12,24,38],"current_hp_per_floor":[75,75,75,75,67,67,67,73,73,73,60,60,57,55,64,34,75,75,75,75,75,75,75,75,75,75,75,75,70,70,72,75,62,75,75,75,70,70,72,75,62,64,64,46,48,60,62,62,74,46],"gold":361,"neow_bonus":"RANDOM_COLORLESS","is_daily":false,"chose_seed":false,"campfire_upgraded":9,"win_rate":0.0,"timestamp":1608094830,"path_taken":["M","?","M","$","?","R","?","R","T","M","E","$","M","M","R","BOSS","M","M","?","?","M","R","$","R","T","?","?","?","?","M","R","BOSS","M","?","M","$","M","R","E","M","T","E","M","R","?","?","R","BOSS"],"items_purchased_type":["Card","Relic","Card"],"build_version":"2020-12-13","purchased_purges":4,"victory":true,"max_hp_per_floor":[75,75,75,75,75,75,75,75,75,75,75,75,75,75,75,75,75,75,75,75,75,75,75,75,75,75,75,75,75,75,75,75,75,75,75,75,75,75,75,75,75,75,75,75,75,75,75,75,75,75],"relic_stats":{"Blood Vial":12,"Sozu":4,"Regal Pillow":0,"counters":[24,114],"Pantograph":1,"Gambling Chip":[2],"Eternal Feather":45,"Smiling Mask":225,"Medical Kit":[13],"obtain_stats":[{"Regal Pillow":9,"Oddly Smooth Stone":21,"Eternal Feather":7,"The Courier":43,"Smiling Mask":11,"Medical Kit":24,"Blood Vial":26,"Sozu":34,"Runic Dome":17,"DataDisk":30,"Pantograph":41,"Gambling Chip":44,"Cracked Core":0},{"Regal Pillow":3,"Oddly Smooth Stone":10,"Eternal Feather":3,"The Courier":20,"Smiling Mask":5,"Medical Kit":11,"Blood Vial":11,"Sozu":14,"Runic Dome":8,"DataDisk":12,"Pantograph":19,"Gambling Chip":21,"Cracked Core":0},{"Regal Pillow":8,"Oddly Smooth Stone":39,"Eternal Feather":8,"The Courier":90,"Smiling Mask":15,"Medical Kit":45,"Blood Vial":45,"Sozu":66,"Runic Dome":30,"DataDisk":51,"Pantograph":87,"Gambling Chip":98,"Cracked Core":0}]},"card_choices":[{"not_picked":["Purity","Finesse"],"picked":"Flash of Steel","floor":0.0},{"not_picked":["Beam Cell","Steam"],"picked":"Streamline","floor":1.0},{"not_picked":["Blizzard","Streamline"],"picked":"Chaos","floor":3.0},{"not_picked":["Steam Power","Streamline"],"picked":"Glacier","floor":5.0},{"not_picked":["Stack","Ball Lightning"],"picked":"Compile Driver","floor":10.0},{"not_picked":["Gash","Recycle"],"picked":"Compile Driver","floor":11.0},{"not_picked":["Sweeping Beam","Steam"],"picked":"Hologram","floor":13.0},{"not_picked":["Cold Snap","Stack"],"picked":"White Noise","floor":14.0},{"not_picked":["Rainbow","All For One"],"picked":"Meteor Strike","floor":16.0},{"not_picked":["Barrage+1","Hologram"],"picked":"Glacier+1","floor":18.0},{"not_picked":["Streamline+1","Stack+1"],"picked":"White Noise+1","floor":19.0},{"not_picked":["Rebound+1","FTL+1","Cold Snap"],"picked":"SKIP","floor":22.0},{"not_picked":["Barrage","Reinforced Body"],"picked":"Turbo","floor":29.0},{"not_picked":["FTL","Reinforced Body","Fusion+1"],"picked":"SKIP","floor":31.0},{"not_picked":["Hyperbeam","All For One"],"picked":"Machine Learning","floor":33.0},{"not_picked":["Turbo+1","Loop"],"picked":"Chill+1","floor":35.0},{"not_picked":["Streamline","Barrage"],"picked":"Coolheaded+1","floor":36.0},{"not_picked":["Sunder+1","Hologram","Stack"],"picked":"SKIP","floor":37.0},{"not_picked":["Undo+1","Sweeping Beam"],"picked":"Seek","floor":39.0},{"not_picked":["Barrage","Hologram+1","Double Energy+1"],"picked":"SKIP","floor":41},{"not_picked":["Steam","Gash","Darkness"],"picked":"SKIP","floor":42},{"not_picked":["BootSequence+1","Hologram+1"],"picked":"Coolheaded+1","floor":44},{"not_picked":["Hello World+1","Blizzard+1"],"picked":"Undo","floor":45},{"not_picked":["Steam+1","Sweeping Beam","Hello World+1"],"picked":"SKIP","floor":47}],"player_experience":287614,"relics_obtained":[{"floor":9.0,"key":"Regal Pillow"},{"floor":11.0,"key":"Smiling Mask"},{"floor":21.0,"key":"Oddly Smooth Stone"},{"floor":26.0,"key":"Blood Vial"},{"floor":30.0,"key":"DataDisk"},{"floor":41,"key":"Pantograph"},{"floor":43,"key":"The Courier"},{"floor":44,"key":"Gambling Chip"}],"event_choices":[{"cards_removed":["Strike_B"],"damage_healed":0.0,"max_hp_gain":0.0,"max_hp_loss":0.0,"gold_gain":0.0,"event_name":"Bonfire Elementals","player_choice":"Offered Basic","floor":2.0,"gold_loss":0.0,"damage_taken":0.0},{"damage_healed":0.0,"max_hp_gain":0.0,"max_hp_loss":0.0,"gold_gain":30.0,"event_name":"Dead Adventurer","player_choice":"Searched \u00272\u0027 times","floor":7.0,"gold_loss":0.0,"damage_taken":0.0,"relics_obtained":["Eternal Feather"]},{"damage_healed":0.0,"max_hp_gain":0.0,"max_hp_loss":0.0,"gold_gain":99.0,"event_name":"Nest","player_choice":"Stole From Cult","floor":20.0,"gold_loss":0.0,"damage_taken":0.0},{"cards_removed":["Defend_B"],"damage_healed":0.0,"max_hp_gain":0.0,"max_hp_loss":0.0,"gold_gain":0.0,"event_name":"Beggar","player_choice":"Gave Gold","floor":27.0,"gold_loss":75.0,"damage_taken":0.0},{"damage_healed":0.0,"max_hp_gain":0.0,"max_hp_loss":0.0,"gold_gain":0.0,"event_name":"Lab","player_choice":"Got Potions","floor":28.0,"gold_loss":0.0,"damage_taken":0.0},{"damage_healed":0,"gold_gain":100,"player_choice":"Pray","damage_taken":0,"max_hp_gain":0,"max_hp_loss":0,"event_name":"Golden Shrine","floor":48,"gold_loss":0}],"is_beta":false,"boss_relics":[{"not_picked":["Ectoplasm","Busted Crown"],"picked":"Runic Dome"},{"not_picked":["SacredBark","Tiny House"],"picked":"Sozu"}],"items_purged_floors":[4,12,24,38],"is_endless":false,"potions_floor_spawned":[1,5,10,13,14,19,29,33,36,39,41,47],"ascension_level":0}}