{"host":"bux1pdxjwq4dkad9","time":1608081247,"event":{"mods":["BaseMod","Colored Map","Minty Spire (QoL Compilation)","Quick Restart","Robot Space Explorer","Spicy Shops","StSLib","SuperFastMode","TestMod","The Alterego","【人物mod】游戏王New YuGiOh mod","【功能Mod】精心准备","【遗物Mod】简单游戏"],"gold_per_floor":[222,222,397,16,16,51,72,103,103,103,3,78,117,140,140,253,253,272,272,293,320,336,372,372,471,471,512,437,462,499,523,523,647,647,663,727,750,473,506,506,524,565,565,607,646,658,710,572,572,597,597,597,122,157,199],"floor_reached":56,"playtime":1625,"items_purged":["Doubt","alterego_mod:Strike","alterego_mod:BigMeatyClaws+1","alterego_mod:Defend","alterego_mod:Impale"],"score":2008,"play_id":"ce2c547f-23d8-4ca3-9b79-4a00b085c68a","local_time":"20201216091407","is_ascension_mode":true,"campfire_choices":[{"data":"alterego_mod:TrashNCrash","floor":10.0,"key":"SMITH"},{"data":"alterego_mod:IndependentAction","floor":15.0,"key":"SMITH"},{"data":"alterego_mod:Cushion","floor":24.0,"key":"SMITH"},{"data":"alterego_mod:BigMeatyClaws","floor":32.0,"key":"SMITH"},{"floor":40.0,"key":"RECALL"},{"data":"Panache","floor":49,"key":"SMITH"},{"data":"alterego_mod:PresenceConcealment+1","floor":52,"key":"PURGE"}],"circlet_count":0,"master_deck":["alterego_mod:Defend","alterego_mod:Defend","alterego_mod:Defend","alterego_mod:BrynhildrsRune","alterego_mod:1TonWallop","alterego_mod:Cushion+1","alterego_mod:IndependentAction+1","Panache+1","alterego_mod:TrashNCrash+1","alterego_mod:Belts","alterego_mod:Clap","alterego_mod:Undulate","alterego_mod:MaintainEyeContact","alterego_mod:Nekomimi+1","alterego_mod:Cooking","alterego_mod:BreastValley+1","alterego_mod:TrashNCrash+1","alterego_mod:Rake","alterego_mod:Undulate+1","alterego_mod:MagicResistance+1","testmod-HeadAttack","Sadistic Nature+1","alterego_mod:Bunnysuit"],"relics":["testmod-TestBox","testmod-DeterminationOfClimber","testmod-TurbochargingSystem","Meat on the Bone","Oddly Smooth Stone","Mercury Hourglass","testmod-Justice","InkBottle","testmod-Fanaticism","Akabeko","testmod-BlackFramedGlasses","Frozen Egg 2","Orichalcum","testmod-AssaultLearning","testmod-Recursion","testmod-ObsoleteBoomerang","Medical Kit","MealTicket","MawBank","Dream Catcher","testmod-Hope"],"acts_visited":["Exordium","TheCity","TheBeyond","TheEnding"],"potions_floor_usage":[55,55,55],"damage_taken":[{"damage":0.0,"enemies":"Small Slimes","floor":1.0,"turns":3.0},{"damage":8.0,"enemies":"Lagavulin","floor":6.0,"turns":3.0},{"damage":9.0,"enemies":"2 Louse","floor":7.0,"turns":2.0},{"damage":4.0,"enemies":"3 Sentries","floor":8.0,"turns":3.0},{"damage":2.0,"enemies":"Lagavulin","floor":13.0,"turns":3.0},{"damage":1.0,"enemies":"Jaw Worm","floor":14.0,"turns":2.0},{"damage":8.0,"enemies":"The Guardian","floor":16.0,"turns":5.0},{"damage":8.0,"enemies":"2 Thieves","floor":18.0,"turns":3.0},{"damage":0.0,"enemies":"Shell Parasite","floor":20.0,"turns":2.0},{"damage":29.0,"enemies":"Chosen and Byrds","floor":22.0,"turns":2.0},{"damage":5.0,"enemies":"Slavers","floor":23.0,"turns":1.0},{"damage":18.0,"enemies":"Book of Stabbing","floor":27.0,"turns":2.0},{"damage":0.0,"enemies":"3 Cultists","floor":29.0,"turns":3.0},{"damage":0.0,"enemies":"Slavers","floor":30.0,"turns":1.0},{"damage":25.0,"enemies":"Snake Plant","floor":31.0,"turns":2.0},{"damage":32.0,"enemies":"Collector","floor":33.0,"turns":5.0},{"damage":19.0,"enemies":"3 Shapes","floor":35.0,"turns":1.0},{"damage":0.0,"enemies":"Mind Bloom Boss Battle","floor":36.0,"turns":2.0},{"damage":0.0,"enemies":"3 Darklings","floor":37.0,"turns":1.0},{"damage":0.0,"enemies":"Transient","floor":39.0,"turns":2.0},{"damage":0.0,"enemies":"Jaw Worm Horde","floor":41.0,"turns":1.0},{"damage":0,"enemies":"Nemesis","floor":42,"turns":3},{"damage":6,"enemies":"Giant Head","floor":44,"turns":2},{"damage":0,"enemies":"Maw","floor":45,"turns":1},{"damage":0,"enemies":"Reptomancer","floor":47,"turns":1},{"damage":0,"enemies":"Awakened One","floor":50,"turns":3},{"damage":0,"enemies":"Shield and Spear","floor":54,"turns":1},{"damage":6,"enemies":"The Heart","floor":55,"turns":3}],"seed_played":"7699671947727850721","potions_obtained":[{"floor":1.0,"key":"Weak Potion"},{"floor":13.0,"key":"SkillPotion"},{"floor":18.0,"key":"SpeedPotion"},{"floor":23.0,"key":"Explosive Potion"},{"floor":31.0,"key":"testmod-TestPotion"},{"floor":45,"key":"Energy Potion"}],"is_trial":false,"path_per_floor":["M","?","?","$","T","E","M","E","T","R","$","?","E","M","R","B",null,"M","?","M","T","M","E","R","?","T","E","?","M","E","M","R","B",null,"M","?","M","$","M","R","M","E","T","E","M","?","E","$","R","B",null,"R","$","E","B",null],"character_chosen":"The_Alterego","items_purchased":["alterego_mod:IndependentAction","Panache","alterego_mod:TrashNCrash","Medical Kit","testmod-HeadAttack","Sadistic Nature+1"],"campfire_rested":0,"item_purchase_floors":[4,4,4,38,53,53],"current_hp_per_floor":[67,67,67,67,67,65,59,59,59,59,59,48,52,55,55,59,67,63,63,70,70,70,65,65,65,65,70,70,70,70,67,67,70,70,54,70,70,70,70,70,70,70,70,70,70,70,70,70,70,70,70,70,70,70,70],"gold":199,"neow_bonus":"HUNDRED_GOLD","is_daily":false,"chose_seed":false,"campfire_upgraded":5,"win_rate":0.0,"timestamp":1608081247,"path_taken":["M","?","?","$","?","E","?","E","T","R","?","?","E","M","R","BOSS","M","?","M","?","M","E","R","?","T","E","?","M","E","M","R","BOSS","M","?","M","$","M","R","M","E","T","E","M","?","E","$","R","BOSS","R","$","E","BOSS"],"items_purchased_type":["Card","Card","Card","Relic","Card","Card"],"build_version":"2020-12-13","purchased_purges":5,"victory":true,"max_hp_per_floor":[70,70,70,70,70,70,70,70,70,70,70,70,70,70,70,70,70,70,70,70,70,70,70,70,70,70,70,70,70,70,70,70,70,70,70,70,70,70,70,70,70,70,70,70,70,70,70,70,70,70,70,70,70,70,70],"card_choices":[{"not_picked":["alterego_mod:MagicResistance","alterego_mod:Punishment"],"picked":"alterego_mod:1TonWallop","floor":1.0},{"not_picked":["alterego_mod:Skirt","alterego_mod:Rip","alterego_mod:DiscoLights"],"picked":"SKIP","floor":6.0},{"not_picked":["alterego_mod:ClassAdvantage","alterego_mod:RocketPunch","alterego_mod:Skirt"],"picked":"SKIP","floor":7.0},{"not_picked":["alterego_mod:DeftHands","alterego_mod:Lingerie"],"picked":"alterego_mod:Belts","floor":8.0},{"not_picked":["alterego_mod:SakuraPetals","alterego_mod:PainIsPleasure","alterego_mod:1TonWallop"],"picked":"SKIP","floor":13.0},{"not_picked":["alterego_mod:Cycle","alterego_mod:BusterCard"],"picked":"alterego_mod:Clap","floor":14.0},{"not_picked":["alterego_mod:Punishment","alterego_mod:Maid+1"],"picked":"alterego_mod:PresenceConcealment+1","floor":18.0},{"not_picked":["alterego_mod:GoddessCore+1","alterego_mod:BiFurious","alterego_mod:Swimsuit+1"],"picked":"SKIP","floor":20.0},{"not_picked":["alterego_mod:Cooking+1","alterego_mod:Pet"],"picked":"alterego_mod:Undulate","floor":22.0},{"not_picked":["alterego_mod:Maid","alterego_mod:DiscoLights"],"picked":"alterego_mod:MaintainEyeContact","floor":23.0},{"not_picked":["alterego_mod:Rip","alterego_mod:RocketPunch"],"picked":"alterego_mod:Nekomimi+1","floor":27.0},{"not_picked":["alterego_mod:HighServant","alterego_mod:Collar+1"],"picked":"alterego_mod:Cooking","floor":29.0},{"not_picked":["alterego_mod:Swimsuit","alterego_mod:DustData+1"],"picked":"alterego_mod:BreastValley+1","floor":30.0},{"not_picked":["alterego_mod:Crossover","alterego_mod:Rip"],"picked":"alterego_mod:TrashNCrash+1","floor":31.0},{"not_picked":["alterego_mod:AlterEgo+1","alterego_mod:Alter"],"picked":"alterego_mod:Rake","floor":33.0},{"not_picked":["alterego_mod:Support+1","alterego_mod:SakuraPetals+1","alterego_mod:Jiggle+1"],"picked":"SKIP","floor":35.0},{"not_picked":["alterego_mod:Santa+1","alterego_mod:Maid"],"picked":"alterego_mod:Undulate+1","floor":36.0},{"not_picked":["alterego_mod:Bounce","alterego_mod:DeftHands+1","alterego_mod:IndependentAction+1"],"picked":"SKIP","floor":37.0},{"not_picked":["alterego_mod:Bunnysuit","alterego_mod:1TonWallop+1","alterego_mod:HighServant"],"picked":"SKIP","floor":39.0},{"not_picked":["alterego_mod:Antipathy","alterego_mod:DeftHands","alterego_mod:SuperDuperMasochism"],"picked":"SKIP","floor":41.0},{"not_picked":["alterego_mod:RidiculouslyBig+1","alterego_mod:Clones","alterego_mod:DeftHands+1"],"picked":"SKIP","floor":42},{"not_picked":["alterego_mod:GoddessCore+1","alterego_mod:Maid+1","alterego_mod:VirginLaserPalladion"],"picked":"SKIP","floor":44},{"not_picked":["alterego_mod:DiscoLights+1","alterego_mod:PresenceConcealment+1"],"picked":"alterego_mod:MagicResistance+1","floor":45},{"not_picked":["alterego_mod:DeftHands","alterego_mod:Clones","alterego_mod:IndependentAction+1"],"picked":"SKIP","floor":47},{"not_picked":["alterego_mod:RidiculouslyBig+1","alterego_mod:MaintainEyeContact+1"],"picked":"alterego_mod:Bunnysuit","floor":54}],"player_experience":2376738,"relics_obtained":[{"floor":5.0,"key":"Meat on the Bone"},{"floor":6.0,"key":"Oddly Smooth Stone"},{"floor":8.0,"key":"Mercury Hourglass"},{"floor":9.0,"key":"testmod-Justice"},{"floor":13.0,"key":"InkBottle"},{"floor":21.0,"key":"Akabeko"},{"floor":23.0,"key":"testmod-BlackFramedGlasses"},{"floor":26.0,"key":"Frozen Egg 2"},{"floor":27.0,"key":"Orichalcum"},{"floor":30.0,"key":"testmod-AssaultLearning"},{"floor":36.0,"key":"testmod-ObsoleteBoomerang"},{"floor":42,"key":"MealTicket"},{"floor":44,"key":"MawBank"},{"floor":47,"key":"Dream Catcher"},{"floor":54,"key":"testmod-Hope"}],"event_choices":[{"damage_healed":0.0,"max_hp_gain":0.0,"max_hp_loss":0.0,"gold_gain":0.0,"cards_transformed":["alterego_mod:Strike"],"event_name":"Living Wall","player_choice":"Change","floor":2.0,"gold_loss":0.0,"damage_taken":0.0,"cards_obtained":["alterego_mod:Cushion"]},{"damage_healed":0.0,"max_hp_gain":0.0,"max_hp_loss":0.0,"gold_gain":175.0,"event_name":"Liars Game","player_choice":"AGREE","floor":3.0,"gold_loss":0.0,"damage_taken":0.0,"cards_obtained":["Doubt"]},{"damage_healed":0.0,"max_hp_gain":0.0,"max_hp_loss":0.0,"gold_gain":75.0,"event_name":"World of Goop","player_choice":"Gather Gold","floor":12.0,"gold_loss":0.0,"damage_taken":11.0},{"cards_removed":["alterego_mod:Strike"],"damage_healed":0.0,"max_hp_gain":0.0,"max_hp_loss":0.0,"gold_gain":0.0,"event_name":"Back to Basics","player_choice":"Elegance","floor":19.0,"gold_loss":0.0,"damage_taken":0.0},{"damage_healed":0.0,"max_hp_gain":0.0,"max_hp_loss":0.0,"gold_gain":99.0,"event_name":"Nest","player_choice":"Stole From Cult","floor":25.0,"gold_loss":0.0,"damage_taken":0.0},{"cards_removed":["alterego_mod:Strike"],"damage_healed":0.0,"max_hp_gain":0.0,"max_hp_loss":0.0,"gold_gain":0.0,"event_name":"Beggar","player_choice":"Gave Gold","floor":28.0,"gold_loss":75.0,"damage_taken":0.0},{"damage_healed":0.0,"max_hp_gain":0.0,"max_hp_loss":0.0,"gold_gain":0.0,"event_name":"MindBloom","player_choice":"Fight","floor":36.0,"gold_loss":0.0,"damage_taken":0.0},{"damage_healed":0,"gold_gain":0,"player_choice":"Bought 0 Potions","damage_taken":0,"max_hp_gain":0,"max_hp_loss":0,"event_name":"The Woman in Blue","floor":46,"gold_loss":0}],"is_beta":false,"boss_relics":[{"not_picked":["Fusion Hammer","SlaversCollar"],"picked":"testmod-Fanaticism"},{"not_picked":["Runic Dome","Tiny House"],"picked":"testmod-Recursion"}],"items_purged_floors":[4,11,38,48,53],"is_endless":false,"potions_floor_spawned":[1,13,18,23,31,33,37,39,45,54],"ascension_level":9}}