{"host":"f0gpob8hq9vgebej","time":1608136550,"event":{"mods":["AchievementEnabler","BaseMod","Googly Eyes","Minty Spire (QoL Compilation)","Quick Restart","SuperFastMode"],"gold_per_floor":[111,124,143,156,169,169,196,196,196,207,218,13,27,38,38,38,38],"floor_reached":16,"playtime":402,"items_purged":["Strike_G"],"score":157,"play_id":"1710f401-a952-45b0-89d3-8cd7e562ceef","local_time":"20201217013550","is_ascension_mode":true,"campfire_choices":[{"data":"Panache","floor":6,"key":"SMITH"},{"floor":8,"key":"REST"},{"data":"Accuracy","floor":15,"key":"SMITH"}],"circlet_count":0,"master_deck":["Strike_G","Strike_G","Strike_G","Strike_G","Defend_G","Defend_G","Defend_G","Defend_G","Defend_G","Survivor","Neutralize","Panache+1","Dagger Spray","Accuracy+1","After Image","Backstab","PiercingWail","Cloak And Dagger","Bandage Up","Cloak And Dagger"],"relics":["Ring of the Snake","Pen Nib","Potion Belt"],"acts_visited":["Exordium"],"potions_floor_usage":[5,7,7,13,16],"damage_taken":[{"damage":1,"enemies":"Cultist","floor":1,"turns":5},{"damage":0,"enemies":"2 Louse","floor":2,"turns":3},{"damage":0,"enemies":"Jaw Worm","floor":3,"turns":6},{"damage":10,"enemies":"Red Slaver","floor":4,"turns":6},{"damage":0,"enemies":"Gremlin Gang","floor":5,"turns":3},{"damage":32,"enemies":"Gremlin Nob","floor":7,"turns":5},{"damage":3,"enemies":"Exordium Thugs","floor":10,"turns":6},{"damage":0,"enemies":"Exordium Wildlife","floor":11,"turns":5},{"damage":2,"enemies":"Large Slime","floor":13,"turns":6},{"damage":2,"enemies":"Gremlin Gang","floor":14,"turns":3},{"damage":35,"enemies":"Hexaghost","floor":16,"turns":15}],"seed_played":"-2180029752077484881","potions_obtained":[{"floor":1,"key":"DistilledChaos"},{"floor":2,"key":"Dexterity Potion"},{"floor":5,"key":"AttackPotion"},{"floor":11,"key":"SpeedPotion"},{"floor":13,"key":"Fruit Juice"}],"is_trial":false,"path_per_floor":["M","M","M","M","M","R","E","R","T","M","M","$","M","M","R","B"],"character_chosen":"THE_SILENT","items_purchased":["Cloak And Dagger","Bandage Up"],"campfire_rested":1,"item_purchase_floors":[12,12],"current_hp_per_floor":[44,44,44,34,34,34,2,23,23,20,20,20,27,29,29,0,0],"gold":38,"neow_bonus":"RANDOM_COLORLESS_2","is_daily":false,"chose_seed":false,"campfire_upgraded":2,"win_rate":0.0,"timestamp":1608136550,"path_taken":["M","M","M","M","?","R","E","R","T","M","M","$","M","M","R","BOSS"],"items_purchased_type":["Card","Card"],"build_version":"2020-12-13","purchased_purges":1,"victory":false,"max_hp_per_floor":[70,70,70,70,70,70,70,70,70,70,70,70,75,75,75,75,75],"card_choices":[{"not_picked":["The Bomb","Metamorphosis"],"picked":"Panache","floor":0},{"not_picked":["Sucker Punch","Riddle With Holes","Deflect"],"picked":"SKIP","floor":1},{"not_picked":["Terror","Heel Hook"],"picked":"Dagger Spray","floor":2},{"not_picked":["Dodge and Roll","Backflip"],"picked":"Accuracy","floor":3},{"not_picked":["Flechettes","Sucker Punch","Dagger Throw"],"picked":"SKIP","floor":4},{"not_picked":["Skewer","Underhanded Strike","Eviscerate"],"picked":"SKIP","floor":5},{"not_picked":["Predator","Poisoned Stab"],"picked":"After Image","floor":7},{"not_picked":["Dagger Spray","Concentrate"],"picked":"Backstab","floor":10},{"not_picked":["Bane","Dagger Throw"],"picked":"PiercingWail","floor":11},{"not_picked":["Deflect","Slice"],"picked":"Cloak And Dagger","floor":13},{"not_picked":["All Out Attack","Masterful Stab","Endless Agony"],"picked":"SKIP","floor":14}],"player_experience":157544,"relics_obtained":[{"floor":7,"key":"Pen Nib"},{"floor":9,"key":"Potion Belt"}],"event_choices":[],"is_beta":false,"boss_relics":[],"items_purged_floors":[12],"is_endless":false,"potions_floor_spawned":[1,2,5,11,13],"killed_by":"Hexaghost","ascension_level":9}}