{"host":"3srbdas3e7jgqz5l","time":1608160449,"event":{"mods":["BaseMod","Downfall","Minty Spire (QoL Compilation)","StSLib","The Cursed"],"gold_per_floor":[115,115,128,8,26,53,68,68,95,114,183,193,225,175,175,270,270,284,464,484,494,504,534,534,534,534,534,534,562,578,456,456,556,556,569,316,316,330,344,373,384,416,416,416,416,75,75,91,91,91,91,91,91,125,125],"floor_reached":56,"playtime":5729,"items_purged":["TheCursedMod:Defend_TheCursed","TheCursedMod:Defend_TheCursed","TheCursedMod:Defend_TheCursed"],"score":1257,"play_id":"0ba4fa19-babd-4d9f-82cf-b7069362bdd4","local_time":"20201216231409","is_ascension_mode":true,"campfire_choices":[{"data":"TheCursedMod:FleshFromBone","floor":8.0,"key":"SMITH"},{"data":"TheCursedMod:CursedWand","floor":15.0,"key":"SMITH"},{"floor":25.0,"key":"REST"},{"floor":27.0,"key":"REST"},{"data":"TheCursedMod:NeowsMight","floor":32.0,"key":"SMITH"},{"floor":44,"key":"RECALL"},{"data":"TheCursedMod:Grudge","floor":47,"key":"SMITH"},{"data":"TheCursedMod:DarkBarrier","floor":49,"key":"SMITH"},{"data":"TheCursedMod:VoidForm","floor":52,"key":"SMITH"}],"circlet_count":0,"master_deck":["TheCursedMod:Defend_TheCursed","TheCursedMod:CursedWand+1","TheCursedMod:CleanUpWorkshop","TheCursedMod:Dregs","TheCursedMod:CursedMace","TheCursedMod:SpitefulPlan","TheCursedMod:FuryStrike","TheCursedMod:Obscuration+1","TheCursedMod:FleshFromBone+1","TheCursedMod:ReleasedStrength+1","TheCursedMod:CursedBlade","TheCursedMod:AbyssShockwave","TheCursedMod:VoidForm+1","TheCursedMod:LuckyCharm","TheCursedMod:LuckyCharm","TheCursedMod:TroublousMinions","TheCursedMod:SmokeScreen","TheCursedMod:Grudge+1","TheCursedMod:LuckyCharm","TheCursedMod:Neurasthenia","TheCursedMod:NeowsMight+1","TheCursedMod:RapidMovement","TheCursedMod:DarkBarrier+1","TheCursedMod:CursedStaff+1","TheCursedMod:CursedShiv+1","TheCursedMod:TroublousMinions+1","TheCursedMod:CursedSpellbook","TheCursedMod:SpitefulPray"],"relics":["TheCursedMod:BlackMagic101","TheCursedMod:SoulVessel","Lantern","War Paint","Bottled Flame","MealTicket","Sozu","Nunchaku","Blood Vial","SlaversCollar","Bronze Scales","Unceasing Top","Centennial Puzzle","Ancient Tea Set","Anchor","Turnip"],"acts_visited":["Exordium","TheCity","TheBeyond","TheEnding"],"potions_floor_usage":[],"damage_taken":[{"damage":2.0,"enemies":"Small Slimes","floor":1.0,"turns":6.0},{"damage":0.0,"enemies":"Cultist","floor":3.0,"turns":3.0},{"damage":0.0,"enemies":"2 Louse","floor":5.0,"turns":2.0},{"damage":13.0,"enemies":"3 Sentries","floor":6.0,"turns":10.0},{"damage":16.0,"enemies":"Large Slime","floor":7.0,"turns":6.0},{"damage":0.0,"enemies":"Red Slaver","floor":10.0,"turns":3.0},{"damage":7.0,"enemies":"Blue Slaver","floor":12.0,"turns":4.0},{"damage":19.0,"enemies":"Gremlin Nob","floor":13.0,"turns":4.0},{"damage":16.0,"enemies":"Hexaghost","floor":16.0,"turns":11.0},{"damage":5.0,"enemies":"Shell Parasite","floor":18.0,"turns":3.0},{"damage":3.0,"enemies":"Spheric Guardian","floor":20.0,"turns":4.0},{"damage":26.0,"enemies":"Snake Plant","floor":21.0,"turns":5.0},{"damage":11.0,"enemies":"Centurion and Healer","floor":22.0,"turns":20.0},{"damage":27.0,"enemies":"Gremlin Leader","floor":23.0,"turns":5.0},{"damage":6.0,"enemies":"Sentry and Sphere","floor":24.0,"turns":5.0},{"damage":1.0,"enemies":"Slavers","floor":29.0,"turns":7.0},{"damage":32.0,"enemies":"Chosen and Byrds","floor":30.0,"turns":10.0},{"damage":9,"enemies":"Automaton","floor":33,"turns":16},{"damage":0,"enemies":"3 Darklings","floor":35,"turns":7},{"damage":18,"enemies":"Orb Walker","floor":38,"turns":4},{"damage":23,"enemies":"Transient","floor":39,"turns":5},{"damage":11,"enemies":"Reptomancer","floor":40,"turns":9},{"damage":8,"enemies":"Maw","floor":41,"turns":10},{"damage":0,"enemies":"Nemesis","floor":42,"turns":7},{"damage":11,"enemies":"Spire Growth","floor":48,"turns":6},{"damage":9,"enemies":"Donu and Deca","floor":50,"turns":9},{"damage":10,"enemies":"Shield and Spear","floor":54,"turns":5},{"damage":53,"enemies":"The Heart","floor":55,"turns":10}],"seed_played":"6924698222220889649","potions_obtained":[{"floor":1.0,"key":"SmokeBomb"},{"floor":5.0,"key":"SteroidPotion"},{"floor":12.0,"key":"Energy Potion"}],"is_trial":false,"path_per_floor":["M","?","M","$","M","E","M","R","T","M","T","M","E","?","R","B",null,"M","?","M","M","M","E","M","R","T","R","?","E","M","$","R","B",null,"M","$","?","M","M","E","M","E","T","R","?","$","R","M","R","B",null,"R","$","E","B",null],"character_chosen":"THE_CURSED","items_purchased":["TheCursedMod:SpitefulPlan","TheCursedMod:FuryStrike","TheCursedMod:RapidMovement","Bronze Scales","Anchor","TheCursedMod:CursedSpellbook"],"campfire_rested":2,"item_purchase_floors":[4,4,31,36,46,46],"current_hp_per_floor":[67,67,68,68,68,58,44,44,44,47,47,42,26,26,26,18,68,66,41,41,18,29,7,8,28,28,48,48,54,31,46,46,59,68,68,68,65,52,38,38,45,56,56,56,56,65,65,59,59,65,65,65,65,62,27],"gold":125,"neow_bonus":"ONE_RARE_RELIC","is_daily":false,"chose_seed":false,"campfire_upgraded":6,"win_rate":0.0,"timestamp":1608160449,"path_taken":["M","?","M","$","M","E","?","R","T","M","?","M","E","?","R","BOSS","M","?","?","M","M","E","M","R","T","R","?","E","M","$","R","BOSS","M","$","?","M","M","E","M","E","T","R","?","$","R","?","R","BOSS","R","$","E","BOSS"],"items_purchased_type":["Card","Card","Card","Relic","Relic","Card"],"build_version":"2020-12-13","purchased_purges":3,"victory":true,"max_hp_per_floor":[68,68,68,68,68,68,68,68,68,68,68,68,68,68,68,68,68,68,68,68,68,68,68,68,68,68,68,68,68,68,68,68,68,68,68,68,65,65,65,65,65,65,65,65,65,65,65,65,65,65,65,65,65,65,65],"card_choices":[{"not_picked":["TheCursedMod:EmpowerCircles","TheCursedMod:Wield"],"picked":"TheCursedMod:CursedMace","floor":1.0},{"not_picked":["TheCursedMod:SaltUponWound","TheCursedMod:CircleOfWindfury","TheCursedMod:EmpowerCircles"],"picked":"SKIP","floor":3.0},{"not_picked":["TheCursedMod:Stigma","TheCursedMod:DoubleShield"],"picked":"TheCursedMod:Obscuration","floor":5.0},{"not_picked":["TheCursedMod:SmokeScreen","TheCursedMod:VitalStrike"],"picked":"TheCursedMod:FleshFromBone","floor":6.0},{"not_picked":["TheCursedMod:DoubleShield","TheCursedMod:SoulReap"],"picked":"TheCursedMod:ReleasedStrength","floor":7.0},{"not_picked":["TheCursedMod:TacticalStrike","TheCursedMod:CircleOfWindfury","TheCursedMod:Obscuration"],"picked":"SKIP","floor":10.0},{"not_picked":["TheCursedMod:Stretching","TheCursedMod:RavingStaff"],"picked":"TheCursedMod:CursedBlade","floor":12.0},{"not_picked":["TheCursedMod:CircleOfWindfury","TheCursedMod:SaltUponWound"],"picked":"TheCursedMod:AbyssShockwave","floor":13.0},{"not_picked":["TheCursedMod:ShockAndAwe","TheCursedMod:DarkBarrier"],"picked":"TheCursedMod:VoidForm","floor":16.0},{"not_picked":["TheCursedMod:Wield","TheCursedMod:CursedBlade"],"picked":"TheCursedMod:LuckyCharm","floor":18.0},{"not_picked":["TheCursedMod:FleshFromBone+1","TheCursedMod:Wield"],"picked":"TheCursedMod:LuckyCharm","floor":20.0},{"not_picked":["TheCursedMod:CursedAmulet","TheCursedMod:Stigma"],"picked":"TheCursedMod:TroublousMinions","floor":21.0},{"not_picked":["TheCursedMod:SurpriseAttack+1","TheCursedMod:FuryStrike"],"picked":"TheCursedMod:SmokeScreen","floor":22.0},{"not_picked":["TheCursedMod:WearCloak","TheCursedMod:TroublousMinions"],"picked":"TheCursedMod:Grudge","floor":23.0},{"not_picked":["TheCursedMod:AshesToAshes","TheCursedMod:CursedMace"],"picked":"TheCursedMod:NeowsMight","floor":29.0},{"not_picked":["TheCursedMod:Torture+1","TheCursedMod:RavingStaff","TheCursedMod:VitalStrike+1"],"picked":"SKIP","floor":30.0},{"not_picked":["TheCursedMod:NeowsMight","TheCursedMod:ManaCirculation"],"picked":"TheCursedMod:DarkBarrier","floor":33},{"not_picked":["TheCursedMod:Torture+1","TheCursedMod:Grudge+1"],"picked":"TheCursedMod:CursedStaff+1","floor":35},{"not_picked":["TheCursedMod:CircleOfCorruption","TheCursedMod:Stigma"],"picked":"TheCursedMod:CursedShiv+1","floor":38},{"not_picked":["TheCursedMod:CursedBlade","TheCursedMod:CircleOfWindfury+1","TheCursedMod:RavingStaff+1"],"picked":"SKIP","floor":39},{"not_picked":["TheCursedMod:CircleOfFocus","TheCursedMod:CursedMace+1"],"picked":"TheCursedMod:TroublousMinions+1","floor":40},{"not_picked":["TheCursedMod:RavingStaff+1","TheCursedMod:Neurasthenia","TheCursedMod:CursedMace+1"],"picked":"SKIP","floor":41},{"not_picked":["TheCursedMod:TroublousMinions","TheCursedMod:PrepareRite+1","TheCursedMod:RapidMovement+1"],"picked":"SKIP","floor":42},{"not_picked":["TheCursedMod:CircleOfFlame+1","TheCursedMod:Hemoplague+1","TheCursedMod:CursedMace+1"],"picked":"SKIP","floor":48},{"not_picked":["TheCursedMod:Wield","TheCursedMod:RapidMovement+1"],"picked":"TheCursedMod:SpitefulPray","floor":54}],"player_experience":415340,"relics_obtained":[{"floor":6.0,"key":"Lantern"},{"floor":9.0,"key":"War Paint"},{"floor":11.0,"key":"Bottled Flame"},{"floor":13.0,"key":"MealTicket"},{"floor":23.0,"key":"Nunchaku"},{"floor":29.0,"key":"Blood Vial"},{"floor":40,"key":"Unceasing Top"},{"floor":42,"key":"Centennial Puzzle"},{"floor":43,"key":"Ancient Tea Set"},{"floor":54,"key":"Turnip"}],"event_choices":[{"cards_removed":["TheCursedMod:Strike_TheCursed"],"damage_healed":0.0,"max_hp_gain":0.0,"max_hp_loss":0.0,"gold_gain":0.0,"event_name":"Purifier","player_choice":"Purged","floor":2.0,"gold_loss":0.0,"damage_taken":0.0},{"cards_removed":["TheCursedMod:Strike_TheCursed"],"damage_healed":0.0,"max_hp_gain":0.0,"max_hp_loss":0.0,"gold_gain":0.0,"event_name":"The Cleric","player_choice":"Card Removal","floor":14.0,"gold_loss":50.0,"damage_taken":0.0},{"damage_healed":0.0,"max_hp_gain":0.0,"max_hp_loss":0.0,"gold_gain":180.0,"event_name":"Knowing Skull","player_choice":"GOLD GOLD POTION ","floor":19.0,"potions_obtained":[],"gold_loss":0.0,"damage_taken":25.0,"cards_obtained":[]},{"damage_healed":0.0,"max_hp_gain":0.0,"max_hp_loss":0.0,"gold_gain":0.0,"cards_transformed":["TheCursedMod:Strike_TheCursed","TheCursedMod:Strike_TheCursed"],"event_name":"Drug Dealer","player_choice":"Became Test Subject","floor":28.0,"gold_loss":0.0,"damage_taken":0.0,"cards_obtained":["TheCursedMod:LuckyCharm","TheCursedMod:Neurasthenia"]},{"damage_healed":0,"gold_gain":0,"player_choice":"Max HP","damage_taken":0,"max_hp_gain":0,"max_hp_loss":3,"event_name":"Winding Halls","floor":37,"gold_loss":0},{"damage_healed":0,"gold_gain":0,"player_choice":"Ignored","damage_taken":0,"max_hp_gain":0,"max_hp_loss":0,"event_name":"SecretPortal","floor":45,"gold_loss":0}],"is_beta":false,"boss_relics":[{"not_picked":["Black Star","TheCursedMod:FourLeafCloverCharm"],"picked":"Sozu"},{"not_picked":["Velvet Choker","Pandora\u0027s Box"],"picked":"SlaversCollar"}],"items_purged_floors":[31,36,46],"is_endless":false,"potions_floor_spawned":[1,5,12,20,21,23,40,41],"ascension_level":1}}