{"host":"njruw0b0uprlitpx","time":1608137617,"event":{"mods":["2.2 Compatiblity","BaseMod","Better Altar","Better Match","Better Note","Better Sensory Stone","Better Skull","Better Third Choice","BetterRewards","Block Reminder","Colored Map","Colored Powertips","Energized Spire","Jedi Mod","Keyboard Shortcuts","Minty Spire (QoL Compilation)","Quick Restart","Relic Stats","Replay The Spire","SacredBarkPlus","Spicy Shops","StSLib","SuperFastMode","The Necromancer","Wandering Minibosses"],"gold_per_floor":[109,14,24,93,93,93,120,120,171,83,101,101,132,151,151,248,248,262,262,4,24,24,24,38,47,47,47,73,113,134,159,159,268,268,293,9,9,9,9,9,9,9,9,9,9,9,9,9,9,9],"floor_reached":51,"playtime":1894,"items_purged":["Overencumbered","Decay"],"score":1231,"play_id":"cfcd9607-4671-4bc8-aedf-b21e2259176a","local_time":"20201216105337","is_ascension_mode":true,"campfire_choices":[{"data":"Siphon_Strength","floor":6.0,"key":"SMITH"},{"data":"Stop_Heart","floor":8.0,"key":"SMITH"},{"data":"Cloudkill","floor":12.0,"key":"SMITH"},{"data":"Death_Knell","floor":15,"key":"SMITH"},{"data":"Specialist","floor":23,"key":"SMITH"},{"floor":27,"key":"REST"},{"floor":32,"key":"REST"},{"floor":40,"key":"REST"},{"floor":42,"key":"REST"},{"floor":44,"key":"REST"},{"data":"Blood_Is_Power","floor":47,"key":"SMITH"},{"floor":49,"key":"REST"}],"circlet_count":0,"master_deck":["AscendersBane","Strike_W","Strike_W","Strike_W","Defend_W","Defend_W","Defend_W","Defend_W","Negative_Energy_Arrows","Bone_Wall","Siphon_Strength+1","Negative_Energy_Shield","Stop_Heart+1","Scare","Bone_Shift","Spectral_Walk","Bone_Bullets+1","Life_Drain+1","Cloudkill+1","Death_Knell+1","Death_March_Dance","Grasp_Heart","Shackles_Of_Pain","Corrupt","Specialist+1","Vampiric_Strike","Blood_Is_Power+1","Negative_Energy_Burst","Summon_Lich","Necrotic_Claws+1","Death_Knell","Blood_Wake","Requiem","Toxic_Smoke_Screen+1","Siphon_Strength+1","Spectral_Armor","Negative_Energy_Shield","Skeleton_Dragon","Siphon_Strength+1"],"relics":["Vampire_Amulet","NeowsBlessing","Replay:Wax Seal","Orichalcum","Bird Faced Urn","Potion Belt","Lizard Tail","energizedSpire:RedRose","ReplayTheSpireMod:CursedCoin","Whetstone","ReplayTheSpireMod:Ninjato","CeramicFish","Smiling Mask","Tiny Chest","Snecko Heart","jedi:ominousloannote","Mummified Hand","ReplayTheSpireMod:TigerMarble","Anchor","ClockworkSouvenir","ReplayTheSpireMod:Shallot","Omamori","Mirror"],"acts_visited":["Exordium","TheCity","TheBeyond"],"potions_floor_usage":[13,16,16,18,29,33,33,33,50],"damage_taken":[{"damage":0.0,"enemies":"2 Louse","floor":1.0,"turns":1.0},{"damage":0.0,"enemies":"Jaw Worm","floor":3.0,"turns":1.0},{"damage":0.0,"enemies":"Lagavulin","floor":7.0,"turns":1.0},{"damage":0.0,"enemies":"Cultist","floor":10.0,"turns":4.0},{"damage":8.0,"enemies":"Gremlin Gang","floor":11.0,"turns":5.0},{"damage":8,"enemies":"Gremlin Nob","floor":13,"turns":4},{"damage":2,"enemies":"Looter","floor":14,"turns":4},{"damage":26,"enemies":"The Guardian","floor":16,"turns":7},{"damage":16,"enemies":"2 Thieves","floor":18,"turns":4},{"damage":2,"enemies":"Chosen","floor":21,"turns":4},{"damage":31,"enemies":"Shelled Parasite and Fungi","floor":24,"turns":5},{"damage":8,"enemies":"3 Cultists","floor":28,"turns":4},{"damage":15,"enemies":"Book of Stabbing","floor":29,"turns":4},{"damage":9,"enemies":"Cultist and Chosen","floor":30,"turns":4},{"damage":21,"enemies":"Snake Plant","floor":31,"turns":5},{"damage":70,"enemies":"Collector","floor":33,"turns":8},{"damage":56,"enemies":"3 Darklings","floor":35,"turns":5},{"damage":18,"enemies":"3 Shapes","floor":38,"turns":4},{"damage":16,"enemies":"3 Darklings","floor":39,"turns":3},{"damage":43,"enemies":"Sphere and 2 Shapes","floor":41,"turns":5},{"damage":6,"enemies":"Spire Growth","floor":45,"turns":4},{"damage":15,"enemies":"R_Hoarder","floor":46,"turns":6},{"damage":86,"enemies":"Time Eater","floor":50,"turns":13}],"seed_played":"3457503193887214402","potions_obtained":[{"floor":3.0,"key":"SpeedPotion"},{"floor":4.0,"key":"CultistPotion"},{"floor":4.0,"key":"Elixir"},{"floor":11.0,"key":"SteroidPotion"},{"floor":16,"key":"Dexterity Potion"},{"floor":21,"key":"Strength Potion"},{"floor":28,"key":"FairyPotion"},{"floor":30,"key":"EssenceOfSteel"},{"floor":31,"key":"Dexterity Potion"},{"floor":39,"key":"jedi:hoardpotion"},{"floor":41,"key":"SpeedPotion"}],"is_trial":false,"path_per_floor":["M","$","M","?","?","R","E","R","T","M","M","R","E","M","R","B",null,"M","?","$","M","?","R","M","?","T","R","M","E","M","M","R","B",null,"M","$","?","M","M","R","M","R","T","R","M","E","R","T","R","B",null],"character_chosen":"NECROMANCER","items_purchased":["Replay:Wax Seal","Negative_Energy_Shield","Stop_Heart","ReplayTheSpireMod:CursedCoin","Corrupt","Specialist","PowerPotion","Whetstone","Vampiric_Strike","jedi:ominousloannote","Mummified Hand","ReplayTheSpireMod:TigerMarble","Anchor","ClockworkSouvenir"],"campfire_rested":6,"item_purchase_floors":[2,2,2,20,20,20,20,20,20,36,36,36,36,36],"current_hp_per_floor":[72,72,74,74,74,74,75,75,75,75,75,75,75,75,75,57,71,59,59,59,63,63,63,47,47,47,69,71,62,67,56,75,19,61,19,19,19,11,3,25,21,43,43,65,69,64,64,64,75,3],"gold":9,"neow_bonus":"THREE_ENEMY_KILL","is_daily":false,"chose_seed":false,"campfire_upgraded":6,"win_rate":0.0,"timestamp":1608137617,"path_taken":["M","$","M","?","?","R","E","R","T","M","?","R","E","?","R","BOSS","M","?","$","?","?","R","?","?","T","R","M","E","?","M","R","BOSS","M","$","?","?","M","R","M","R","T","R","M","E","R","?","R","BOSS"],"items_purchased_type":["Relic","Card","Card","Relic","Card","Card","Potion","Relic","Card","Relic","Relic","Relic","Relic","Relic"],"build_version":"2020-12-13","purchased_purges":2,"victory":true,"max_hp_per_floor":[75,75,75,75,75,75,75,75,75,75,75,75,75,75,75,75,75,75,75,75,75,75,75,75,75,75,75,75,75,75,75,75,75,75,75,75,75,75,75,75,75,75,75,75,75,75,75,75,75,75],"relic_stats":{"Lizard Tail":0,"counters":[50,222],"Mummified Hand":[19],"Bird Faced Urn":[91],"CeramicFish":63,"Tiny Chest":1,"Whetstone":["Life_Drain","Bone_Bullets"],"Orichalcum":[252],"Smiling Mask":50,"obtain_stats":[{"Darkstone Periapt":45,"Divine Protection":50,"Lantern":41,"Snecko Heart":34,"CeramicFish":25,"Enchiridion":29,"Magic Flower":44,"Mango":15,"Whetstone":20,"Smiling Mask":26,"Burning Blood":0,"ClockworkSouvenir":36,"Lizard Tail":13,"HornCleat":28,"Mummified Hand":36,"Tiny Chest":29,"Vampire_Amulet":0,"Replay:Bottled Snecko":26,"Replay:Wax Seal":2,"Potion Belt":9,"energizedSpire:RedRose":17,"ReplayTheSpireMod:Ninjato":22,"NeowsBlessing":0,"ReplayTheSpireMod:CursedCoin":20,"Pen Nib":33,"Omamori":46,"Orichalcum":4,"energizedSpire:DeadBattery":19,"OrangePellets":2,"Pondfish Scales":11,"Anchor":36,"Busted Crown":36,"ReplayTheSpireMod:Shallot":43,"Brimstone":50,"jedi:ominousloannote":36,"Bird Faced Urn":6,"ReplayTheSpireMod:TigerMarble":36,"Mirror":48},{"Darkstone Periapt":24,"Divine Protection":26,"Lantern":21,"Snecko Heart":43,"CeramicFish":38,"Enchiridion":14,"Magic Flower":24,"Mango":8,"Whetstone":36,"Smiling Mask":38,"Burning Blood":0,"ClockworkSouvenir":44,"Lizard Tail":33,"HornCleat":14,"Mummified Hand":44,"Tiny Chest":40,"Vampire_Amulet":0,"Replay:Bottled Snecko":14,"Replay:Wax Seal":28,"Potion Belt":30,"energizedSpire:RedRose":35,"ReplayTheSpireMod:Ninjato":37,"NeowsBlessing":0,"ReplayTheSpireMod:CursedCoin":36,"Pen Nib":17,"Omamori":49,"Orichalcum":29,"energizedSpire:DeadBattery":10,"OrangePellets":1,"Pondfish Scales":5,"Anchor":44,"Busted Crown":18,"ReplayTheSpireMod:Shallot":23,"Brimstone":26,"jedi:ominousloannote":44,"Bird Faced Urn":4,"ReplayTheSpireMod:TigerMarble":44,"Mirror":49},{"Darkstone Periapt":101,"Divine Protection":110,"Lantern":87,"Snecko Heart":182,"CeramicFish":157,"Enchiridion":50,"Magic Flower":101,"Mango":22,"Whetstone":148,"Smiling Mask":157,"Burning Blood":0,"ClockworkSouvenir":187,"Lizard Tail":133,"HornCleat":50,"Mummified Hand":187,"Tiny Chest":165,"Vampire_Amulet":0,"Replay:Bottled Snecko":50,"Replay:Wax Seal":118,"Potion Belt":120,"energizedSpire:RedRose":144,"ReplayTheSpireMod:Ninjato":152,"NeowsBlessing":0,"ReplayTheSpireMod:CursedCoin":148,"Pen Nib":64,"Omamori":209,"Orichalcum":119,"energizedSpire:DeadBattery":32,"OrangePellets":1,"Pondfish Scales":13,"Anchor":187,"Busted Crown":75,"ReplayTheSpireMod:Shallot":96,"Brimstone":110,"jedi:ominousloannote":187,"Bird Faced Urn":8,"ReplayTheSpireMod:TigerMarble":187,"Mirror":209}]},"card_choices":[{"not_picked":["Negative_Energy_Sphere","Blood_for_Blood"],"picked":"Siphon_Strength","floor":1.0},{"not_picked":["Negative_Energy_Sphere","Bone_Armory"],"picked":"Scare","floor":3.0},{"not_picked":["Stop_Heart","Blood_Whip"],"picked":"Bone_Shift","floor":4.0},{"not_picked":["Negative_Energy_Javelin","Negative_Energy_Shield"],"picked":"Bone_Bullets","floor":7.0},{"not_picked":["Consume_Illness","Uncharnel"],"picked":"Life_Drain","floor":10.0},{"not_picked":["Bone_Shift","Toxic_Smoke_Screen"],"picked":"Cloudkill","floor":11.0},{"not_picked":["Negative_Energy_Sphere","Vampiric_Strike"],"picked":"Death_Knell","floor":13},{"not_picked":["Bone_Bullets","Blood_Curse"],"picked":"Death_March_Dance","floor":14},{"not_picked":["Cloudkill","Negative_Energy_Bomb"],"picked":"Grasp_Heart","floor":16},{"not_picked":["Death_Coil+1","Vampiric_Strike+1"],"picked":"Shackles_Of_Pain","floor":18},{"not_picked":["Plague_Bolt","Blood_for_Blood"],"picked":"Blood_Is_Power","floor":21},{"not_picked":["Deaths_Shadow","Violent_Necrosis"],"picked":"Negative_Energy_Burst","floor":24},{"not_picked":["Toxic_Smoke_Screen","Chill_Blood"],"picked":"Summon_Lich","floor":28},{"not_picked":["Finger_Of_Death","Chill_Blood+1"],"picked":"Necrotic_Claws+1","floor":29},{"not_picked":["Chill_Blood","Life_Tap"],"picked":"Death_Knell","floor":30},{"not_picked":["Bone_Armor","Death_March_Dance"],"picked":"Blood_Wake","floor":31},{"not_picked":["Detonate_Bones","Cloudkill"],"picked":"Requiem","floor":33},{"not_picked":["Bone_Bullets","Summon_Lich"],"picked":"Toxic_Smoke_Screen+1","floor":35},{"not_picked":["Necrotic_Claws+1","Summon_Undead_Army"],"picked":"Spectral_Armor","floor":38},{"not_picked":["Toxic_Smoke_Screen","Death_Coil"],"picked":"Negative_Energy_Shield","floor":39},{"not_picked":["Bone_Shift+1","Finger_Of_Death+1"],"picked":"Skeleton_Dragon","floor":41},{"not_picked":["Acid_Javelin","Bone_Spikes+1","Death_Coil"],"picked":"SKIP","floor":45},{"not_picked":["Blood_Curse","Vampiric_Strike"],"picked":"Siphon_Strength+1","floor":46}],"player_experience":1039604,"relics_obtained":[{"floor":4.0,"key":"Orichalcum"},{"floor":7.0,"key":"Bird Faced Urn"},{"floor":9.0,"key":"Potion Belt"},{"floor":13,"key":"Lizard Tail"},{"floor":26,"key":"Smiling Mask"},{"floor":29,"key":"Tiny Chest"},{"floor":43,"key":"ReplayTheSpireMod:Shallot"},{"floor":46,"key":"Omamori"},{"floor":48,"key":"Mirror"}],"event_choices":[{"damage_healed":0.0,"max_hp_gain":0.0,"max_hp_loss":0.0,"gold_gain":0.0,"cards_transformed":["Strike_W"],"event_name":"Transmorgrifier","player_choice":"Transformed","floor":5.0,"gold_loss":0.0,"damage_taken":0.0,"cards_obtained":["Spectral_Walk"]},{"cards_removed":["Siphon_Strength"],"damage_healed":0,"gold_gain":0,"player_choice":"Give","damage_taken":0,"max_hp_gain":0,"max_hp_loss":0,"event_name":"betterNote:BetterNote","floor":19,"gold_loss":0,"cards_obtained":["None"]},{"damage_healed":0,"gold_gain":0,"player_choice":"Stole Relic","damage_taken":0,"relics_obtained":["ReplayTheSpireMod:Ninjato"],"max_hp_gain":0,"max_hp_loss":0,"event_name":"Addict","floor":22,"gold_loss":0,"cards_obtained":["Shame"]},{"damage_healed":0,"gold_gain":0,"player_choice":"Copied","damage_taken":0,"max_hp_gain":0,"max_hp_loss":0,"event_name":"Duplicator","floor":37,"gold_loss":0,"cards_obtained":["Siphon_Strength"]}],"is_beta":false,"boss_relics":[{"not_picked":["jedi:battlestandard","energizedSpire:MagnifyingGlass"],"picked":"energizedSpire:RedRose"},{"not_picked":["Replay:Wanted Poster","Black Star"],"picked":"Snecko Heart"}],"items_purged_floors":[20,36],"is_endless":false,"potions_floor_spawned":[3,11,16,21,28,30,31,39,41],"ascension_level":12}}