{"host":"d7qmn60fs48wu5y6","time":1608146372,"event":{"mods":["BaseMod","Downfall","Marisa????????","Minty Spire (QoL Compilation)","Shade Mod","StSLib","The Bug Knight","The Cursed","The Disciple","The Necromancer","The Servant 0.9.4"],"gold_per_floor":[115,9,22,37,37,62,62,17,42,42,42,73,73,2,2,100,100,116,64,64,29,39,39,68,68,68,86,0,0,0],"floor_reached":29,"playtime":1391,"items_purged":[],"score":247,"play_id":"7657e20e-159f-4fa5-8ff1-f642ad2b08e9","local_time":"20201216111932","is_ascension_mode":false,"campfire_choices":[{"data":"Negative_Energy_Mist","floor":7,"key":"SMITH"},{"floor":11,"key":"REST"},{"data":"Negative_Energy_Mist","floor":13,"key":"SMITH"},{"floor":15,"key":"REST"},{"data":"Life_Drain","floor":23,"key":"SMITH"},{"data":"Summon_Undead_Army","floor":25,"key":"SMITH"}],"circlet_count":0,"master_deck":["Strike_W","Defend_W","Defend_W","Defend_W","Defend_W","Negative_Energy_Arrows","Bone_Wall","Negative_Energy_Burst","Summon_Lich+1","Acid_Javelin","Bones_to_Steel","Blood_Curse","Negative_Energy_Mist+1","Negative_Energy_Mist+1","Bone_Armory","Grasp_Heart","Bone_Armor","Negative_Energy_Javelin","Summon_Undead_Army+1","Life_Drain+1","Life_Tap"],"relics":["Vampire_Amulet","NeowsBlessing","Centennial Puzzle","Du-Vu Doll","Empty Cage","Frozen Egg 2"],"acts_visited":["Exordium","TheCity"],"potions_floor_usage":[16,29,29],"damage_taken":[{"damage":0,"enemies":"Small Slimes","floor":1,"turns":2},{"damage":0,"enemies":"Jaw Worm","floor":3,"turns":1},{"damage":0,"enemies":"Cultist","floor":4,"turns":1},{"damage":26,"enemies":"Lagavulin","floor":6,"turns":9},{"damage":30,"enemies":"3 Sentries","floor":12,"turns":7},{"damage":46,"enemies":"Slime Boss","floor":16,"turns":14},{"damage":0,"enemies":"3 Byrds","floor":18,"turns":5},{"damage":18,"enemies":"Shell Parasite","floor":22,"turns":9},{"damage":26,"enemies":"Book of Stabbing","floor":24,"turns":9},{"damage":37,"enemies":"3 Cultists","floor":27,"turns":6},{"damage":38,"enemies":"Gremlin Leader","floor":29,"turns":4}],"seed_played":"-3381665309959591587","potions_obtained":[{"floor":4,"key":"SpeedPotion"},{"floor":6,"key":"hexamod:EctoCoolerPotion"},{"floor":12,"key":"PowerPotion"},{"floor":18,"key":"champ:CounterPotion"}],"is_trial":false,"path_per_floor":["M","$","M","M","$","E","R","?","T","?","R","E","R","$","R","B",null,"M","$","?","$","M","R","E","R","T","M","?","E"],"character_chosen":"NECROMANCER","items_purchased":["Summon_Lich","Acid_Javelin","Bone_Armory","Negative_Energy_Javelin","Summon_Undead_Army"],"campfire_rested":2,"item_purchase_floors":[2,2,14,19,21],"current_hp_per_floor":[75,75,75,75,75,51,51,51,51,44,66,42,42,42,64,26,75,75,75,75,75,59,59,41,41,41,20,20,0,0],"gold":0,"neow_bonus":"THREE_ENEMY_KILL","is_daily":false,"chose_seed":false,"campfire_upgraded":4,"win_rate":0.0,"timestamp":1608146372,"path_taken":["M","$","M","M","$","E","R","?","T","?","R","E","R","?","R","BOSS","M","$","?","$","M","R","E","R","T","?","?","E"],"items_purchased_type":["Card","Card","Card","Card","Card"],"build_version":"2020-12-13","purchased_purges":0,"victory":false,"max_hp_per_floor":[75,75,75,75,75,75,75,75,75,75,75,75,75,75,75,75,75,75,75,75,75,75,75,75,75,75,75,75,75,75],"card_choices":[{"not_picked":["Bone_Armor","Blood_Is_Power"],"picked":"Negative_Energy_Burst","floor":1},{"not_picked":["Bone_Spikes","Summon_Undead_Army"],"picked":"Bones_to_Steel","floor":3},{"not_picked":["Scare","Stop_Heart"],"picked":"Blood_Curse","floor":4},{"not_picked":["Consume_Illness","Slay_Living"],"picked":"Negative_Energy_Mist","floor":6},{"not_picked":["Finger_Of_Death","Violent_Necrosis"],"picked":"Negative_Energy_Mist","floor":12},{"not_picked":["Cloudkill","Reap_The_Weak"],"picked":"Grasp_Heart","floor":16},{"not_picked":["Blood_Curse","Bones_to_Steel"],"picked":"Bone_Armor","floor":18},{"not_picked":["Blood_Curse","Negative_Energy_Mist"],"picked":"Life_Drain","floor":22},{"not_picked":["Slay_Living","Death_March_Dance+1","Vampiric_Strike"],"picked":"SKIP","floor":24},{"not_picked":["Flesh_Made_Foul","Death_Coil"],"picked":"Life_Tap","floor":27}],"player_experience":871295,"relics_obtained":[{"floor":6,"key":"Centennial Puzzle"},{"floor":12,"key":"Du-Vu Doll"},{"floor":26,"key":"Frozen Egg 2"}],"event_choices":[{"damage_healed":0,"gold_gain":0,"player_choice":"Left Gold","damage_taken":0,"max_hp_gain":0,"max_hp_loss":0,"event_name":"World of Goop","floor":8,"gold_loss":45},{"cards_removed":["Strike_W"],"damage_healed":0,"gold_gain":0,"player_choice":"Card Removal","damage_taken":7,"max_hp_gain":0,"max_hp_loss":0,"event_name":"Golden Wing","floor":10,"gold_loss":0},{"damage_healed":0,"gold_gain":0,"player_choice":"Forge","damage_taken":0,"max_hp_gain":0,"max_hp_loss":0,"event_name":"Accursed Blacksmith","floor":20,"gold_loss":0,"cards_upgraded":["Summon_Lich"]},{"damage_healed":0,"gold_gain":0,"player_choice":"Paid Fearfully","damage_taken":0,"max_hp_gain":0,"max_hp_loss":0,"event_name":"Masked Bandits","floor":28,"gold_loss":86}],"is_beta":false,"boss_relics":[{"not_picked":["Coffee Dripper","Philosopher\u0027s Stone"],"picked":"Empty Cage"}],"items_purged_floors":[],"is_endless":false,"potions_floor_spawned":[4,6,12,18,24],"killed_by":"Gremlin Leader","ascension_level":0}}