{"host":"f0gpob8hq9vgebej","time":1608133663,"event":{"mods":["AchievementEnabler","BaseMod","Googly Eyes","Minty Spire (QoL Compilation)","Quick Restart","SuperFastMode"],"gold_per_floor":[118,118,118,131,131,131,172,172,221,240,264,264,189,203,203,322,322,338,354,354,354,354],"floor_reached":21,"playtime":385,"items_purged":["Strike_G"],"score":296,"play_id":"af00addd-c075-4c5f-89ab-86e515d373da","local_time":"20201217004743","is_ascension_mode":true,"campfire_choices":[{"data":"Blade Dance","floor":6,"key":"SMITH"},{"data":"Noxious Fumes","floor":8,"key":"SMITH"},{"data":"Footwork","floor":12,"key":"SMITH"},{"data":"Well Laid Plans","floor":15,"key":"SMITH"}],"circlet_count":0,"master_deck":["Strike_G","Strike_G","Strike_G","Defend_G","Defend_G","Defend_G","Defend_G","Defend_G","Survivor","Neutralize","Noxious Fumes+1","Blade Dance+1","Footwork+1","Blade Dance","Backflip","Well Laid Plans+1","After Image","Prepared"],"relics":["Ring of the Snake","NeowsBlessing","Golden Idol","Tiny Chest","Art of War","Black Star"],"acts_visited":["Exordium","TheCity"],"potions_floor_usage":[14,16,16],"damage_taken":[{"damage":0,"enemies":"2 Louse","floor":1,"turns":1},{"damage":0,"enemies":"Cultist","floor":4,"turns":1},{"damage":0,"enemies":"Lagavulin","floor":7,"turns":2},{"damage":0,"enemies":"Jaw Worm","floor":10,"turns":4},{"damage":7,"enemies":"Blue Slaver","floor":11,"turns":3},{"damage":0,"enemies":"Large Slime","floor":14,"turns":6},{"damage":24,"enemies":"Hexaghost","floor":16,"turns":11},{"damage":5,"enemies":"Spheric Guardian","floor":18,"turns":6},{"damage":16,"enemies":"Chosen","floor":19,"turns":7},{"damage":23,"enemies":"3 Cultists","floor":21,"turns":4}],"seed_played":"8355807205272009389","potions_obtained":[{"floor":1,"key":"SneckoOil"},{"floor":4,"key":"AttackPotion"},{"floor":10,"key":"Fire Potion"},{"floor":11,"key":"DistilledChaos"},{"floor":16,"key":"FearPotion"}],"is_trial":false,"path_per_floor":["M","$","?","M","?","R","E","R","T","M","M","R","$","M","R","B",null,"M","M","?","M"],"character_chosen":"THE_SILENT","items_purchased":[],"campfire_rested":0,"item_purchase_floors":[],"current_hp_per_floor":[63,63,63,63,46,46,46,46,46,46,39,39,39,39,39,15,56,51,35,35,12,12],"gold":354,"neow_bonus":"THREE_ENEMY_KILL","is_daily":false,"chose_seed":false,"campfire_upgraded":4,"win_rate":0.0,"timestamp":1608133663,"path_taken":["M","$","?","?","?","R","E","R","T","M","M","R","$","M","R","BOSS","M","M","?","M"],"items_purchased_type":[],"build_version":"2020-12-13","purchased_purges":1,"victory":false,"max_hp_per_floor":[70,70,70,70,70,70,70,70,70,70,70,70,70,70,70,70,70,70,70,70,70,70],"card_choices":[{"not_picked":["Concentrate","Bane"],"picked":"Noxious Fumes","floor":1},{"not_picked":["Slice","Poisoned Stab"],"picked":"Blade Dance","floor":4},{"not_picked":["Underhanded Strike","Finisher"],"picked":"Footwork","floor":7},{"not_picked":["Skewer","Prepared"],"picked":"Blade Dance","floor":10},{"not_picked":["Noxious Fumes","Deadly Poison"],"picked":"Backflip","floor":11},{"not_picked":["Underhanded Strike","Setup"],"picked":"Well Laid Plans","floor":14},{"not_picked":["Venomology","Grand Finale"],"picked":"After Image","floor":16},{"not_picked":["Deadly Poison","Slice","Outmaneuver"],"picked":"SKIP","floor":18},{"not_picked":["Noxious Fumes","Dagger Spray"],"picked":"Prepared","floor":19}],"player_experience":157544,"relics_obtained":[{"floor":7,"key":"Tiny Chest"},{"floor":9,"key":"Art of War"}],"event_choices":[{"cards_removed":["Strike_G"],"damage_healed":0,"gold_gain":0,"player_choice":"Offered Basic","damage_taken":0,"max_hp_gain":0,"max_hp_loss":0,"event_name":"Bonfire Elementals","floor":3,"gold_loss":0},{"damage_healed":0,"gold_gain":0,"player_choice":"Take Damage","damage_taken":17,"relics_obtained":["Golden Idol"],"max_hp_gain":0,"max_hp_loss":0,"event_name":"Golden Idol","floor":5,"gold_loss":0},{"damage_healed":0,"gold_gain":0,"player_choice":"Ignored","damage_taken":0,"max_hp_gain":0,"max_hp_loss":0,"event_name":"Cursed Tome","floor":20,"gold_loss":0}],"is_beta":false,"boss_relics":[{"not_picked":["Ectoplasm","Philosopher\u0027s Stone"],"picked":"Black Star"}],"items_purged_floors":[13],"is_endless":false,"potions_floor_spawned":[1,4,10,11,16],"killed_by":"3 Cultists","ascension_level":9}}