{"host":"88n6zaadp7apuxho","time":1608093522,"event":{"mods":["AchievementEnabler","BaseMod","CapriCore","Colored Map","Friendly Minions","KomeijiMod","Minty Spire (QoL Compilation)","StSLib","The Immortal"],"gold_per_floor":[110,0,11,11,11,11,46,56,56,89,104,131,149,178,178,281,281,301,126,139,157,169,203,203,233,233,233,245,278,154,189,189,291,291,309,238,258,274,195,195,227,227,227,256,256,285,335,335,335,335,335,335,43,78,78],"floor_reached":56,"playtime":2796,"items_purged":["Strike_G","Defend_G"],"score":2037,"play_id":"f7c6581f-0b1e-4746-b867-901309db742d","local_time":"20201216133842","is_ascension_mode":true,"campfire_choices":[{"data":"Neutralize","floor":6,"key":"SMITH"},{"data":"Finisher","floor":15,"key":"SMITH"},{"data":"Adrenaline","floor":27,"key":"SMITH"},{"data":"Adrenaline","floor":32,"key":"SMITH"},{"data":"Blade Dance","floor":40,"key":"SMITH"},{"data":"Cloak And Dagger","floor":45,"key":"SMITH"},{"floor":49,"key":"RECALL"},{"data":"Blade Dance","floor":52,"key":"SMITH"}],"circlet_count":0,"master_deck":["Survivor","Neutralize+1","Quick Slash","Well Laid Plans","Backflip","Blade Dance+1","Finisher+1","Escape Plan","Caltrops+1","Blade Dance","Adrenaline+1","Footwork+1","Distraction+1","Accuracy+1","Acrobatics","Cloak And Dagger+1","Adrenaline+1","Accuracy+1","Dodge and Roll","Blade Dance+1","Envenom+1","Blur+1","Footwork+1","Footwork+1","Escape Plan+1"],"relics":["Philosopher\u0027s Stone","StoneCalendar","Meat on the Bone","Tough Bandages","Frozen Egg 2","Bottled Flame","Gremlin Horn","Empty Cage","Lantern","Kunai","Pear","WingedGreaves","Mummified Hand","Cursed Key","Blood Vial","Ancient Tea Set","Strawberry","KyoryuNoHagoromo","Calipers","White Beast Statue"],"acts_visited":["Exordium","TheCity","TheBeyond","TheEnding"],"potions_floor_usage":[10,14,14,20,23,31,33,38,55,55,55],"damage_taken":[{"damage":0,"enemies":"Jaw Worm","floor":1,"turns":5},{"damage":1,"enemies":"Cultist","floor":3,"turns":4},{"damage":10,"enemies":"Lagavulin","floor":7,"turns":7},{"damage":2,"enemies":"Small Slimes","floor":8,"turns":3},{"damage":12,"enemies":"Gremlin Nob","floor":10,"turns":3},{"damage":0,"enemies":"Exordium Thugs","floor":11,"turns":3},{"damage":23,"enemies":"3 Sentries","floor":12,"turns":7},{"damage":0,"enemies":"Large Slime","floor":13,"turns":6},{"damage":0,"enemies":"Lagavulin","floor":14,"turns":3},{"damage":4,"enemies":"Hexaghost","floor":16,"turns":7},{"damage":4,"enemies":"Shell Parasite","floor":18,"turns":3},{"damage":0,"enemies":"3 Byrds","floor":20,"turns":3},{"damage":1,"enemies":"Cultist and Chosen","floor":21,"turns":3},{"damage":0,"enemies":"Shelled Parasite and Fungi","floor":22,"turns":2},{"damage":24,"enemies":"Gremlin Leader","floor":23,"turns":4},{"damage":0,"enemies":"Book of Stabbing","floor":25,"turns":2},{"damage":0,"enemies":"Snecko","floor":28,"turns":1},{"damage":0,"enemies":"Slavers","floor":29,"turns":2},{"damage":0,"enemies":"Gremlin Leader","floor":31,"turns":2},{"damage":7,"enemies":"Champ","floor":33,"turns":4},{"damage":0,"enemies":"Orb Walker","floor":35,"turns":2},{"damage":0,"enemies":"3 Darklings","floor":37,"turns":2},{"damage":0,"enemies":"Transient","floor":38,"turns":5},{"damage":0,"enemies":"Nemesis","floor":41,"turns":5},{"damage":0,"enemies":"Reptomancer","floor":44,"turns":6},{"damage":0,"enemies":"Giant Head","floor":46,"turns":4},{"damage":0,"enemies":"Mind Bloom Boss Battle","floor":47,"turns":4},{"damage":18,"enemies":"Donu and Deca","floor":50,"turns":5},{"damage":0,"enemies":"Shield and Spear","floor":54,"turns":3},{"damage":43,"enemies":"The Heart","floor":55,"turns":6}],"seed_played":"3114340946394757240","potions_obtained":[{"floor":3,"key":"Poison Potion"},{"floor":7,"key":"Poison Potion"},{"floor":11,"key":"FearPotion"},{"floor":12,"key":"SteroidPotion"},{"floor":16,"key":"CunningPotion"},{"floor":20,"key":"Weak Potion"},{"floor":23,"key":"Fire Potion"},{"floor":25,"key":"LiquidBronze"},{"floor":31,"key":"AttackPotion"},{"floor":33,"key":"Weak Potion"},{"floor":37,"key":"AttackPotion"},{"floor":44,"key":"Regen Potion"},{"floor":46,"key":"LiquidBronze"}],"is_trial":false,"path_per_floor":["M","$","M","?","$","R","E","M","T","E","M","E","M","E","R","B",null,"M","$","M","M","M","E","?","E","T","R","M","E","$","E","R","B",null,"M","$","M","M","$","R","E","?","T","E","R","E","?","?","R","B",null,"R","$","E","B",null],"character_chosen":"THE_SILENT","items_purchased":["Well Laid Plans","Footwork+1","Accuracy+1","Dodge and Roll","Footwork+1","Footwork+1","Calipers"],"campfire_rested":0,"item_purchase_floors":[2,19,30,30,36,39,53],"current_hp_per_floor":[63,63,62,62,62,62,52,50,50,38,38,27,39,39,39,47,64,60,60,60,59,59,47,47,47,57,57,57,57,57,57,57,50,73,73,73,73,73,73,73,73,73,73,75,75,84,86,86,86,69,83,83,83,85,50],"gold":78,"neow_bonus":"BOSS_RELIC","is_daily":false,"chose_seed":false,"campfire_upgraded":7,"win_rate":0.0,"timestamp":1608093522,"path_taken":["M","$","M","?","?","R","E","?","T","E","M","E","M","E","R","BOSS","M","$","M","M","M","E","?","E","T","R","M","E","$","E","R","BOSS","M","$","M","M","$","R","E","?","T","E","R","E","?","?","R","BOSS","R","$","E","BOSS"],"items_purchased_type":["Card","Card","Card","Card","Card","Card","Relic"],"build_version":"2020-11-30","purchased_purges":2,"victory":true,"max_hp_per_floor":[70,70,70,70,70,70,70,70,70,70,70,70,70,70,70,70,70,70,70,70,70,70,70,70,70,80,80,80,80,80,80,80,80,80,80,80,80,80,80,80,80,80,80,80,80,87,87,87,87,87,87,87,87,87,87],"card_choices":[{"not_picked":["Acrobatics","Bane"],"picked":"Quick Slash","floor":1},{"not_picked":["Prepared","Deflect"],"picked":"Backflip","floor":3},{"not_picked":["Riddle With Holes","Finisher"],"picked":"Blade Dance","floor":7},{"not_picked":["Bane","PiercingWail","Finisher"],"picked":"SKIP","floor":8},{"not_picked":["Bane","PiercingWail"],"picked":"Finisher","floor":8},{"not_picked":["Slice","Outmaneuver","Leg Sweep"],"picked":"SKIP","floor":10},{"not_picked":["Backflip","Blur"],"picked":"Escape Plan","floor":11},{"not_picked":["Reflex","Slice"],"picked":"Caltrops+1","floor":12},{"not_picked":["Acrobatics","Leg Sweep"],"picked":"Blade Dance","floor":13},{"not_picked":["Catalyst","Wraith Form v2+1","Slice"],"picked":"SKIP","floor":14},{"not_picked":["Burst","Wraith Form v2+1"],"picked":"Adrenaline","floor":16},{"not_picked":["Reflex","Setup+1","Deadly Poison"],"picked":"SKIP","floor":18},{"not_picked":["Reflex","Quick Slash+1"],"picked":"Distraction+1","floor":20},{"not_picked":["Backstab+1","Cloak And Dagger"],"picked":"Accuracy+1","floor":21},{"not_picked":["Skewer","Escape Plan"],"picked":"Acrobatics","floor":22},{"not_picked":["Sucker Punch","Dagger Throw"],"picked":"Cloak And Dagger","floor":23},{"not_picked":["Flechettes","Acrobatics+1","Calculated Gamble"],"picked":"SKIP","floor":25},{"not_picked":["PiercingWail","Acrobatics","Setup"],"picked":"SKIP","floor":28},{"not_picked":["Predator","Dash","Die Die Die"],"picked":"SKIP","floor":29},{"not_picked":["Dodge and Roll","Underhanded Strike"],"picked":"Blade Dance","floor":31},{"not_picked":["Storm of Steel","Glass Knife"],"picked":"Envenom+1","floor":33},{"not_picked":["Bane+1","Acrobatics"],"picked":"Blur+1","floor":35},{"not_picked":["Masterful Stab","Deadly Poison","Skewer+1"],"picked":"SKIP","floor":37},{"not_picked":["Riddle With Holes","Calculated Gamble+1","Flechettes"],"picked":"SKIP","floor":38},{"not_picked":["Prepared","Underhanded Strike"],"picked":"Escape Plan+1","floor":41},{"not_picked":["Reflex","Underhanded Strike","Endless Agony"],"picked":"SKIP","floor":44},{"not_picked":["Underhanded Strike","Concentrate","Bane"],"picked":"SKIP","floor":46},{"not_picked":["Dagger Throw+1","Masterful Stab","Choke"],"picked":"SKIP","floor":54}],"player_experience":481641,"relics_obtained":[{"floor":7,"key":"Meat on the Bone"},{"floor":9,"key":"Tough Bandages"},{"floor":10,"key":"Frozen Egg 2"},{"floor":12,"key":"Bottled Flame"},{"floor":14,"key":"Gremlin Horn"},{"floor":23,"key":"Lantern"},{"floor":25,"key":"Kunai"},{"floor":26,"key":"Pear"},{"floor":29,"key":"WingedGreaves"},{"floor":31,"key":"Mummified Hand"},{"floor":41,"key":"Blood Vial"},{"floor":44,"key":"Ancient Tea Set"},{"floor":46,"key":"Strawberry"},{"floor":47,"key":"KyoryuNoHagoromo"},{"floor":54,"key":"White Beast Statue"}],"event_choices":[{"damage_healed":0,"gold_gain":0,"player_choice":"Gave Potion","damage_taken":0,"relics_obtained":["StoneCalendar"],"max_hp_gain":0,"max_hp_loss":0,"event_name":"WeMeetAgain","floor":4,"gold_loss":0},{"damage_healed":0,"gold_gain":0,"player_choice":"Read","damage_taken":0,"max_hp_gain":0,"max_hp_loss":0,"event_name":"The Library","floor":24,"gold_loss":0,"cards_obtained":["Adrenaline"]},{"damage_healed":0,"gold_gain":0,"player_choice":"Ignored","damage_taken":0,"max_hp_gain":0,"max_hp_loss":0,"event_name":"Tomb of Lord Red Mask","floor":42,"gold_loss":0},{"damage_healed":0,"gold_gain":0,"player_choice":"Fight","damage_taken":0,"max_hp_gain":0,"max_hp_loss":0,"event_name":"MindBloom","floor":47,"gold_loss":0}],"is_beta":false,"boss_relics":[{"not_picked":["SacredBark","Tiny House"],"picked":"Empty Cage"},{"not_picked":["Velvet Choker","Astrolabe"],"picked":"Cursed Key"}],"items_purged_floors":[2,19],"is_endless":false,"potions_floor_spawned":[3,7,11,12,16,20,23,25,31,33,37,44,46,54],"ascension_level":8}}