{"host":"jm9833yuloeli2yd","time":1608091733,"event":{"mods":["AchievementEnabler","BaseMod","Better Altar","Better Match","Better Note","Better Sensory Stone","Better Skull","Better Vampires","Colored Map","Colored Powertips","DeckTracker","Minty Spire (QoL Compilation)","Permanent Neow","Quick Restart","Replay The Spire","StSLib","SuperFastMode"],"gold_per_floor":[14,31,49,68,4,38,55,88,88,88,88,88],"floor_reached":11,"playtime":338,"items_purged":[],"score":170,"play_id":"5129ee70-2b23-4126-94f4-a0bcca2a34d4","local_time":"20201215230853","is_ascension_mode":true,"campfire_choices":[{"data":"Defragment","floor":10,"key":"SMITH"}],"circlet_count":0,"master_deck":["AscendersBane","Strike_B","Strike_B","Strike_B","Strike_B","Defend_B","Defend_B","Defend_B","Defend_B","Zap","Dualcast","Rainbow","Self Repair","Ball Lightning","Cold Snap","Defragment+1","ReplayTheSpireMod:Calculation Training+1","Genetic Algorithm"],"relics":["Cracked Core","Meat on the Bone","Replay:Bottled Flurry","Omamori"],"acts_visited":["Exordium"],"potions_floor_usage":[6,8],"damage_taken":[{"damage":1.0,"enemies":"Cultist","floor":1.0,"turns":3.0},{"damage":21.0,"enemies":"Small Slimes","floor":2.0,"turns":3.0},{"damage":17.0,"enemies":"2 Louse","floor":3.0,"turns":3.0},{"damage":3,"enemies":"2 Fungi Beasts","floor":4,"turns":3},{"damage":15,"enemies":"Replay:BlueRogue","floor":6,"turns":6},{"damage":10,"enemies":"Blue Slaver","floor":7,"turns":3},{"damage":18,"enemies":"3 Sentries","floor":8,"turns":9},{"damage":52,"enemies":"Gremlin Nob","floor":11,"turns":4}],"seed_played":"-8967375719192768287","potions_obtained":[{"floor":1.0,"key":"Fire Potion"},{"floor":3.0,"key":"BlessingOfTheForge"},{"floor":7,"key":"Elixir"},{"floor":8,"key":"SpeedPotion"}],"is_trial":false,"path_per_floor":["M","M","M","M","$","E","M","E","T","R","E"],"character_chosen":"DEFECT","items_purchased":["ReplayTheSpireMod:Calculation Training+1"],"campfire_rested":0,"item_purchase_floors":[5],"current_hp_per_floor":[63,49,39,36,36,31,40,41,41,41,0,0],"gold":88,"neow_bonus":"THREE_RARE_CARDS","is_daily":false,"chose_seed":false,"campfire_upgraded":1,"win_rate":0.0,"timestamp":1608091733,"path_taken":["M","M","M","M","$","E","?","E","T","R","E"],"items_purchased_type":["Card"],"build_version":"2020-12-13","purchased_purges":0,"victory":false,"max_hp_per_floor":[71,71,71,71,71,71,71,71,71,71,71,71],"card_choices":[{"not_picked":["Hyperbeam","ReplayRNGCard"],"picked":"Rainbow","floor":0.0},{"not_picked":["Panic Button","ReplayTheSpireMod:Calculation Training"],"picked":"Self Repair","floor":1.0},{"not_picked":["Go for the Eyes","Redo"],"picked":"Ball Lightning","floor":2.0},{"not_picked":["Panic Button","Stack"],"picked":"Cold Snap","floor":3.0},{"not_picked":["Ball Lightning","ReplayTheSpireMod:Omega Cannon"],"picked":"Defragment","floor":4},{"not_picked":["Leap","BasicCrystalCard"],"picked":"Genetic Algorithm","floor":6},{"not_picked":["Gash","Hello World","ReplayTheSpireMod:Repulse"],"picked":"SKIP","floor":7},{"not_picked":["Creative AI","Leap","Steam"],"picked":"SKIP","floor":8}],"player_experience":1100748,"relics_obtained":[{"floor":6,"key":"Meat on the Bone"},{"floor":8,"key":"Replay:Bottled Flurry"},{"floor":9,"key":"Omamori"}],"event_choices":[],"is_beta":false,"boss_relics":[],"items_purged_floors":[],"is_endless":false,"potions_floor_spawned":[1,3,7,8],"killed_by":"Gremlin Nob","ascension_level":20}}