{"host":"l8k579n63ej0vska","time":1608161628,"event":{"mods":["BaseMod","Colored Map","Infinite Spire","Minty Spire (QoL Compilation)","Replay The Spire","StSLib","The Bug Knight"],"gold_per_floor":[112,112,138,338,350,367,367,378,378,378,333,360,379,390,390,390,390],"floor_reached":16,"playtime":1092,"items_purged":[],"score":179,"play_id":"c2fc705d-b097-425a-8508-42405a6f02e1","local_time":"20201217003348","is_ascension_mode":true,"campfire_choices":[{"data":"ReplayTheSpireMod:Speed Training","floor":7,"key":"SMITH"},{"floor":10,"key":"REST"},{"floor":15,"key":"REST"}],"circlet_count":0,"master_deck":["AscendersBane","Strike_G","Strike_G","Strike_G","Strike_G","Defend_G","Defend_G","Defend_G","Defend_G","Defend_G+1","Survivor","Neutralize+1","Bouncing Flask","ReplayTheSpireMod:Speed Training","ReplayTheSpireMod:Speed Training+1","Deflect","Blur","Burst","Dodge and Roll","ReplayTheSpireMod:Shiv Toss","Reflex"],"relics":["Ring of the Snake","Regal Pillow","Gremlin Food","MealTicket"],"acts_visited":["Exordium"],"potions_floor_usage":[8,16,16],"damage_taken":[{"damage":0,"enemies":"2 Louse","floor":1,"turns":4},{"damage":8,"enemies":"Jaw Worm","floor":5,"turns":7},{"damage":3,"enemies":"Cultist","floor":6,"turns":4},{"damage":11,"enemies":"2 Fungi Beasts","floor":8,"turns":4},{"damage":0,"enemies":"Looter","floor":11,"turns":5},{"damage":4,"enemies":"Lagavulin","floor":12,"turns":7},{"damage":5,"enemies":"Exordium Wildlife","floor":13,"turns":4},{"damage":6,"enemies":"3 Louse","floor":14,"turns":6},{"damage":76,"enemies":"Slime Boss","floor":16,"turns":24}],"seed_played":"-1732342304816613008","potions_obtained":[{"floor":1,"key":"Dexterity Potion"},{"floor":5,"key":"SkillPotion"},{"floor":6,"key":"Regen Potion"},{"floor":13,"key":"Elixir"}],"is_trial":false,"path_per_floor":["M","?","T","?","M","M","R","M","T","R","M","E","M","M","R","B"],"character_chosen":"THE_SILENT","items_purchased":[],"campfire_rested":2,"item_purchase_floors":[],"current_hp_per_floor":[65,65,65,37,29,26,26,24,24,60,60,56,51,45,72,0,0],"gold":390,"neow_bonus":"TEN_PERCENT_HP_BONUS","is_daily":false,"chose_seed":false,"campfire_upgraded":1,"win_rate":0.0,"timestamp":1608161628,"path_taken":["M","?","?","?","M","M","R","?","T","R","M","E","M","M","R","BOSS"],"items_purchased_type":[],"build_version":"2020-12-13","purchased_purges":0,"victory":false,"max_hp_per_floor":[72,72,72,72,72,72,72,72,72,72,72,72,72,72,72,72,72],"card_choices":[{"not_picked":["Sucker Punch","Tactician"],"picked":"Bouncing Flask","floor":1},{"not_picked":["Flying Knee","Quick Slash"],"picked":"ReplayTheSpireMod:Speed Training","floor":4},{"not_picked":["Crippling Poison","Blade Dance"],"picked":"ReplayTheSpireMod:Speed Training","floor":5},{"not_picked":["Prepared","Distraction"],"picked":"Deflect","floor":6},{"not_picked":["Deflect","All Out Attack"],"picked":"Blur","floor":8},{"not_picked":["Acrobatics","Cloak And Dagger"],"picked":"Burst","floor":11},{"not_picked":["Setup","Dagger Spray"],"picked":"Dodge and Roll","floor":12},{"not_picked":["ReplayTheSpireMod:The Works","Blade Dance"],"picked":"ReplayTheSpireMod:Shiv Toss","floor":13},{"not_picked":["Accuracy","Bane"],"picked":"Reflex","floor":14}],"player_experience":1611330,"relics_obtained":[{"floor":3,"key":"Regal Pillow"},{"floor":9,"key":"Gremlin Food"},{"floor":12,"key":"MealTicket"}],"event_choices":[{"cards_removed":["Strike_G"],"damage_healed":0,"gold_gain":0,"player_choice":"Forget","damage_taken":0,"max_hp_gain":0,"max_hp_loss":0,"event_name":"Living Wall","floor":2,"gold_loss":0}],"is_beta":false,"boss_relics":[],"items_purged_floors":[],"is_endless":false,"potions_floor_spawned":[1,5,6,13],"killed_by":"Slime Boss","ascension_level":15}}