{"host":"2461dio7vetlq1z3","time":1608142420,"event":{"mods":["2.2 Compatiblity","AchievementEnabler","BaseMod","Better Third Choice","Hermit","Minty Spire (QoL Compilation)","Relic Stats","Spicy Shops","StSLib","The Animator","Waifu the Spire"],"gold_per_floor":[109,123,123,151,151,151,196,162,188,207,207,237,250,261,261,261,261],"floor_reached":16,"playtime":1447,"items_purged":[],"score":125,"play_id":"b6dec841-288c-41cb-9f27-48e0cc8632c6","local_time":"20201216191340","is_ascension_mode":true,"campfire_choices":[{"data":"animator:EmiyaShirou","floor":6,"key":"SMITH"},{"data":"animator:Archer","floor":11,"key":"SMITH"},{"data":"animator:YunYun","floor":15,"key":"SMITH"}],"circlet_count":0,"master_deck":["animator:Strike_Konosuba","animator:Defend_Konosuba","animator:Strike","animator:Strike","animator:Strike","animator:Defend","animator:Defend","animator:Defend","animator:Kazuma+1","animator:Aqua+1","animator:Patchouli","animator:EmiyaShirou+1","animator:Entoma+1","animator:Elsword","Pain","animator:Verdia","animator:Archer+1","animator:Cocytus","animator:YunYun+1","animator:Gilgamesh"],"relics":["animator:LivingPicture","animator:TheMissingPiece","WarpedTongs","Meat on the Bone","Smiling Mask","Peace Pipe"],"acts_visited":["Exordium"],"potions_floor_usage":[7,16],"damage_taken":[{"damage":6,"enemies":"Jaw Worm","floor":1,"turns":6},{"damage":4,"enemies":"2 Louse","floor":2,"turns":3},{"damage":2,"enemies":"Cultist","floor":4,"turns":6},{"damage":29,"enemies":"Lagavulin","floor":7,"turns":6},{"damage":14,"enemies":"Exordium Thugs","floor":8,"turns":5},{"damage":3,"enemies":"Looter","floor":10,"turns":4},{"damage":26,"enemies":"Gremlin Nob","floor":12,"turns":5},{"damage":0,"enemies":"2 Fungi Beasts","floor":13,"turns":5},{"damage":3,"enemies":"Large Slime","floor":14,"turns":3},{"damage":44,"enemies":"Slime Boss","floor":16,"turns":8}],"seed_played":"160270116040766333","potions_obtained":[{"floor":4,"key":"Block Potion"},{"floor":7,"key":"Weak Potion"},{"floor":8,"key":"SkillPotion"},{"floor":10,"key":"DuplicationPotion"},{"floor":14,"key":"LiquidBronze"}],"is_trial":false,"path_per_floor":["M","M","?","M","?","R","E","M","T","M","R","E","M","M","R","B"],"character_chosen":"THE_ANIMATOR","items_purchased":[],"campfire_rested":0,"item_purchase_floors":[],"current_hp_per_floor":[56,54,42,43,43,43,17,18,18,30,30,19,37,37,37,0,0],"gold":261,"neow_bonus":"RANDOM_COLORLESS_2","is_daily":false,"chose_seed":false,"campfire_upgraded":3,"win_rate":0.0,"timestamp":1608142420,"path_taken":["M","M","?","M","?","R","E","M","T","M","R","E","?","M","R","BOSS"],"items_purchased_type":[],"build_version":"2020-12-13","purchased_purges":0,"victory":false,"max_hp_per_floor":[60,60,60,60,60,60,60,60,60,60,60,60,63,63,63,63,63],"relic_stats":{"Peace Pipe":0,"counters":[10,51],"Smiling Mask":0,"obtain_stats":[{"Peace Pipe":12,"animator:TheMissingPiece":0,"animator:LivingPicture":0,"Smiling Mask":9,"WarpedTongs":5,"Meat on the Bone":7},{"Peace Pipe":7,"animator:TheMissingPiece":0,"animator:LivingPicture":0,"Smiling Mask":5,"WarpedTongs":3,"Meat on the Bone":4},{"Peace Pipe":35,"animator:TheMissingPiece":0,"animator:LivingPicture":0,"Smiling Mask":26,"WarpedTongs":15,"Meat on the Bone":21}],"WarpedTongs":[34],"Meat on the Bone":48},"card_choices":[{"not_picked":["animator:Emilia","animator:TakanashiRikka"],"picked":"animator:Patchouli","floor":0},{"not_picked":["animator:Sebas","animator:Chung"],"picked":"animator:EmiyaShirou","floor":1},{"not_picked":["animator:PandorasActor","animator:Spearman"],"picked":"animator:Entoma","floor":2},{"not_picked":["animator:Alexander","animator:HighElfArcher"],"picked":"animator:Elsword","floor":4},{"not_picked":["animator:Chris","animator:Darkness"],"picked":"animator:Verdia","floor":7},{"not_picked":["animator:Assassin","animator:Priestess"],"picked":"animator:Archer","floor":8},{"not_picked":["animator:LizardPriest","animator:PandorasActor"],"picked":"animator:Cocytus","floor":10},{"not_picked":["animator:RinTohsaka","animator:LizardPriest","animator:Hakurou"],"picked":"SKIP","floor":12},{"not_picked":["animator:Chris","animator:Kazuma"],"picked":"animator:YunYun","floor":13},{"not_picked":["animator:Spearman","animator:Ciel"],"picked":"animator:Gilgamesh","floor":14}],"player_experience":752475,"relics_obtained":[{"floor":7,"key":"Meat on the Bone"},{"floor":9,"key":"Smiling Mask"},{"floor":12,"key":"Peace Pipe"}],"event_choices":[{"damage_healed":54,"gold_gain":0,"player_choice":"Upgrade","damage_taken":12,"max_hp_gain":0,"max_hp_loss":60,"event_name":"betterThird:BetterShining","floor":3,"gold_loss":0,"cards_upgraded":["animator:Aqua","animator:Kazuma"]},{"damage_healed":0,"gold_gain":0,"player_choice":"Rummage","damage_taken":0,"relics_obtained":["WarpedTongs"],"max_hp_gain":0,"max_hp_loss":0,"event_name":"Accursed Blacksmith","floor":5,"gold_loss":0,"cards_obtained":["Pain"]}],"is_beta":false,"boss_relics":[],"items_purged_floors":[],"is_endless":false,"potions_floor_spawned":[4,7,8,10,14],"killed_by":"Slime Boss","ascension_level":2}}