{"host":"6bsan6hkua32tfq7","time":1608112504,"event":{"mods":["BaseMod","Better Third Choice","Colored Map","Highlight Path","Minty Spire (QoL Compilation)","StSLib"],"gold_per_floor":[116,46,46,62,62,73,73,86,113,127,127,48,66,66,66,138,138,157,173,173,22,22,22,50,50,100,148,148,160,185,195,195,195,195],"floor_reached":33,"playtime":1120,"items_purged":["Distraction"],"score":550,"play_id":"bc8a937a-a638-4f8f-b2e4-46ecaa8aeb4e","local_time":"20201216105504","is_ascension_mode":true,"campfire_choices":[{"data":"Die Die Die","floor":7,"key":"SMITH"},{"data":"Blur","floor":11,"key":"SMITH"},{"data":"Bouncing Flask","floor":15,"key":"SMITH"},{"floor":23,"key":"REST"},{"data":"RitualDagger","floor":28,"key":"SMITH"},{"floor":32,"key":"REST"}],"circlet_count":0,"master_deck":["AscendersBane","Survivor","Neutralize","Finisher","Dagger Throw","After Image","Die Die Die+1","Bouncing Flask+1","Blur+1","Underhanded Strike","Endless Agony","PiercingWail","Dagger Spray","Dagger Throw","Footwork","Malaise","Underhanded Strike+1","Terror","Deadly Poison","RitualDagger+1","Well Laid Plans","Burst"],"relics":["Pandora\u0027s Box","Tiny Chest","FaceOfCleric","Pen Nib","Blue Candle","SlaversCollar","MutagenicStrength","Bottled Lightning","Anchor","Akabeko","Eternal Feather"],"acts_visited":["Exordium","TheCity"],"potions_floor_usage":[33,33],"damage_taken":[{"damage":0,"enemies":"Cultist","floor":1,"turns":3},{"damage":0,"enemies":"2 Louse","floor":4,"turns":1},{"damage":0,"enemies":"Jaw Worm","floor":6,"turns":2},{"damage":7,"enemies":"3 Louse","floor":8,"turns":2},{"damage":0,"enemies":"Exordium Wildlife","floor":10,"turns":4},{"damage":0,"enemies":"Lots of Slimes","floor":13,"turns":1},{"damage":12,"enemies":"The Guardian","floor":16,"turns":9},{"damage":10,"enemies":"2 Thieves","floor":18,"turns":4},{"damage":3,"enemies":"3 Byrds","floor":19,"turns":3},{"damage":14,"enemies":"Slavers","floor":24,"turns":3},{"damage":0,"enemies":"3 Cultists","floor":29,"turns":2},{"damage":18,"enemies":"Gremlin Leader","floor":30,"turns":5},{"damage":15,"enemies":"Shelled Parasite and Fungi","floor":31,"turns":6},{"damage":73,"enemies":"Champ","floor":33,"turns":11}],"seed_played":"-3338961857284106319","potions_obtained":[{"floor":8,"key":"Dexterity Potion"},{"floor":10,"key":"Regen Potion"},{"floor":13,"key":"BlessingOfTheForge"}],"is_trial":false,"path_per_floor":["M","?","$","M","?","M","R","M","T","M","R","$","M","T","R","B",null,"M","M","?","$","?","R","E","?","T","T","R","M","E","M","R","B"],"character_chosen":"THE_SILENT","items_purchased":["Footwork","Terror"],"campfire_rested":2,"item_purchase_floors":[12,21],"current_hp_per_floor":[59,59,59,59,59,60,60,54,54,55,55,55,56,56,56,45,65,56,54,54,54,54,73,60,54,54,54,54,55,38,24,59,0,0],"gold":195,"neow_bonus":"BOSS_RELIC","is_daily":false,"chose_seed":false,"campfire_upgraded":4,"win_rate":0.0,"timestamp":1608112504,"path_taken":["M","?","?","M","?","M","R","M","T","?","R","$","M","?","R","BOSS","M","M","?","$","?","R","E","?","T","?","R","?","E","M","R","BOSS"],"items_purchased_type":["Card","Card"],"build_version":"2020-12-13","purchased_purges":1,"victory":false,"max_hp_per_floor":[66,66,66,66,66,67,67,68,68,69,69,69,70,70,70,71,71,72,73,73,73,73,73,74,74,74,74,74,75,76,77,77,77,77],"card_choices":[{"not_picked":["Sucker Punch","Finisher"],"picked":"PiercingWail","floor":1},{"not_picked":["Outmaneuver","Backflip"],"picked":"Dagger Spray","floor":4},{"not_picked":["Deflect","Crippling Poison"],"picked":"Dagger Throw","floor":6},{"not_picked":["Setup","Bane","Skewer"],"picked":"SKIP","floor":8},{"not_picked":["Dodge and Roll","Concentrate","Storm of Steel"],"picked":"SKIP","floor":10},{"not_picked":["Backstab","Bane","Blade Dance"],"picked":"SKIP","floor":13},{"not_picked":["Glass Knife","Tools of the Trade"],"picked":"Malaise","floor":16},{"not_picked":["Dodge and Roll","Sucker Punch"],"picked":"Underhanded Strike+1","floor":18},{"not_picked":["Outmaneuver","Choke+1","Deadly Poison"],"picked":"SKIP","floor":19},{"not_picked":["Dodge and Roll","PiercingWail"],"picked":"Deadly Poison","floor":24},{"not_picked":["Deadly Poison","Blur"],"picked":"Well Laid Plans","floor":29},{"not_picked":["Finisher","Bane"],"picked":"Burst","floor":30},{"not_picked":["Eviscerate","Slice","Cloak And Dagger"],"picked":"SKIP","floor":31}],"player_experience":5180214,"relics_obtained":[{"floor":9,"key":"Pen Nib"},{"floor":14,"key":"Blue Candle"},{"floor":24,"key":"Bottled Lightning"},{"floor":26,"key":"Anchor"},{"floor":27,"key":"Akabeko"},{"floor":30,"key":"Eternal Feather"}],"event_choices":[{"damage_healed":0,"gold_gain":0,"player_choice":"Paid Gold","damage_taken":0,"relics_obtained":["Tiny Chest"],"max_hp_gain":0,"max_hp_loss":0,"event_name":"WeMeetAgain","floor":2,"gold_loss":70},{"damage_healed":0,"gold_gain":0,"player_choice":"Trade","damage_taken":0,"relics_obtained":["FaceOfCleric"],"max_hp_gain":0,"max_hp_loss":0,"event_name":"FaceTrader","floor":5,"gold_loss":0},{"damage_healed":0,"gold_gain":0,"player_choice":"Inject Mutagens","damage_taken":0,"relics_obtained":["MutagenicStrength"],"max_hp_gain":0,"max_hp_loss":0,"event_name":"Drug Dealer","floor":20,"gold_loss":0},{"cards_removed":["Sucker Punch"],"damage_healed":0,"gold_gain":0,"player_choice":"Elegance","damage_taken":0,"max_hp_gain":0,"max_hp_loss":0,"event_name":"betterThird:BetterWriting","floor":22,"gold_loss":0},{"damage_healed":0,"gold_gain":0,"player_choice":"Dagger","damage_taken":6,"max_hp_gain":0,"max_hp_loss":0,"event_name":"betterThird:BetterNest","floor":25,"gold_loss":0,"cards_obtained":["RitualDagger"]}],"is_beta":false,"boss_relics":[{"not_picked":["WristBlade","SacredBark"],"picked":"SlaversCollar"}],"items_purged_floors":[21],"is_endless":false,"potions_floor_spawned":[8,10,13,30,31],"killed_by":"Champ","ascension_level":20}}