{"host":"55yei7x27djrlaep","time":1608114413,"event":{"mods":["Act Like it!","BaseMod","BetterRewards","Colored Map","Conspire","Ekko","Friendly Minions","GifTheSpireLib","Marisa????????","Minty Spire (QoL Compilation)","Replay The Spire","StSLib","The Mystic"],"gold_per_floor":[119,119,133,133,148,177,193,193,193],"floor_reached":8,"playtime":263,"items_purged":[],"score":70,"play_id":"ac0ba1d3-78c6-431e-ad92-c4cc4101a7f8","local_time":"20201216132653","is_ascension_mode":true,"campfire_choices":[],"circlet_count":0,"master_deck":["Strike_G","Strike_G","Strike_G","Strike_G","Defend_G","Defend_G","Defend_G","Defend_G","Survivor","Neutralize","ReplayTheSpireMod:The Works","Dagger Spray","Caltrops","Heel Hook","ReplayTheSpireMod:Tripwire"],"relics":["Ring of the Snake","NeowsBlessing","FossilizedHelix"],"acts_visited":["Exordium"],"potions_floor_usage":[6,8],"damage_taken":[{"damage":0,"enemies":"Small Slimes","floor":1,"turns":1},{"damage":0,"enemies":"Cultist","floor":3,"turns":1},{"damage":0,"enemies":"2 Louse","floor":5,"turns":1},{"damage":26,"enemies":"Gremlin Nob","floor":6,"turns":5},{"damage":20,"enemies":"Gremlin Gang","floor":7,"turns":4},{"damage":35,"enemies":"Lagavulin","floor":8,"turns":10}],"seed_played":"-3081997958670777973","potions_obtained":[{"floor":1,"key":"Block Potion"},{"floor":7,"key":"PowerPotion"}],"is_trial":false,"path_per_floor":["M","?","M","?","M","E","M","E"],"character_chosen":"THE_SILENT","items_purchased":[],"campfire_rested":0,"item_purchase_floors":[],"current_hp_per_floor":[70,70,70,70,70,44,24,0,0],"gold":193,"neow_bonus":"THREE_ENEMY_KILL","is_daily":false,"chose_seed":false,"campfire_upgraded":0,"win_rate":0.0,"timestamp":1608114413,"path_taken":["M","?","?","?","?","E","M","E"],"items_purchased_type":[],"build_version":"2020-12-13","purchased_purges":0,"victory":false,"max_hp_per_floor":[70,70,70,70,70,70,70,70,70],"card_choices":[{"not_picked":["Acrobatics","Dodge and Roll"],"picked":"ReplayTheSpireMod:The Works","floor":1},{"not_picked":["Tactician","Flying Knee"],"picked":"Dagger Spray","floor":3},{"not_picked":["Well Laid Plans","Bane"],"picked":"Caltrops","floor":5},{"not_picked":["Replay:Poison Smokescreen","Sucker Punch"],"picked":"Heel Hook","floor":6},{"not_picked":["Dagger Spray","Cloak And Dagger"],"picked":"ReplayTheSpireMod:Tripwire","floor":7}],"player_experience":351907,"relics_obtained":[{"floor":6,"key":"FossilizedHelix"}],"event_choices":[{"cards_removed":["Defend_G"],"damage_healed":0,"gold_gain":0,"player_choice":"Purged","damage_taken":0,"max_hp_gain":0,"max_hp_loss":0,"event_name":"Purifier","floor":2,"gold_loss":0},{"cards_removed":["Strike_G"],"damage_healed":0,"gold_gain":0,"player_choice":"Offered Basic","damage_taken":0,"max_hp_gain":0,"max_hp_loss":0,"event_name":"Bonfire Elementals","floor":4,"gold_loss":0}],"is_beta":false,"boss_relics":[],"items_purged_floors":[],"is_endless":false,"potions_floor_spawned":[1,7],"killed_by":"Lagavulin","ascension_level":4}}