{"host":"hvwa7s69zr612rn1","time":1608104220,"event":{"mods":["BaseMod","Colored Map","Colored Powertips","Marisa????????","Minty Spire (QoL Compilation)","StSLib"],"gold_per_floor":[111,122,122,122,197,226,226,255,303,303,335,335,352,372,372,474,474,488,31,31,31,31,63,108,108,176,189,189,220,235,266,266,362,412,426,444,444,524,444,444,444,457,457,507,61,79,301,320,320,320],"floor_reached":51,"playtime":3477,"items_purged":["Strike_MRS","Defend_MRS","Strike_MRS"],"score":810,"play_id":"aa7f45d9-83c6-4394-8fb3-2ee9b592dbe6","local_time":"20201216183700","is_ascension_mode":true,"campfire_choices":[{"data":"DarkMatter","floor":7.0,"key":"SMITH"},{"data":"EnergyRecoil","floor":10.0,"key":"SMITH"},{"data":"UpSweep","floor":12.0,"key":"SMITH"},{"data":"MasterSpark","floor":15.0,"key":"SMITH"},{"data":"Finesse","floor":25.0,"key":"SMITH"},{"data":"Defend_MRS","floor":28.0,"key":"SMITH"},{"data":"Acceleration","floor":32.0,"key":"SMITH"},{"data":"Defend_MRS","floor":41,"key":"SMITH"},{"floor":49,"key":"REST"}],"circlet_count":0,"master_deck":["Strike_MRS","Strike_MRS","Defend_MRS+1","Defend_MRS+1","Defend_MRS+1","MasterSpark+1","UpSweep+1","Finesse+1","DarkMatter+1","EnergyRecoil+1","CasketOfStar+1","UltimateShortwave+1","EnergyFlow+1","Acceleration+1","DeepEcoloBomb+1","RefractionSpark+1","Acceleration+1","MagicAbsorber","PropBag+1","EnergyFlow+1","EnergyFlow+1"],"relics":["MiniHakkero","Frozen Egg 2","HornCleat","Matryoshka","MealTicket","Tiny Chest","Happy Flower","Omamori","Philosopher\u0027s Stone","Ginger","Torii","Sundial","Toy Ornithopter","The Courier","Red Mask","Kunai","Tiny House","AmplifyWand","Dream Catcher","CatCart","ClockworkSouvenir","Mercury Hourglass"],"acts_visited":["Exordium","TheCity","TheBeyond"],"potions_floor_usage":[35,44,50,50],"damage_taken":[{"damage":0.0,"enemies":"Small Slimes","floor":1.0,"turns":4.0},{"damage":6.0,"enemies":"Jaw Worm","floor":2.0,"turns":4.0},{"damage":0.0,"enemies":"3 Sentries","floor":6.0,"turns":8.0},{"damage":8.0,"enemies":"Lagavulin","floor":8.0,"turns":9.0},{"damage":5.0,"enemies":"Gremlin Nob","floor":11.0,"turns":5.0},{"damage":0.0,"enemies":"2 Louse","floor":13.0,"turns":3.0},{"damage":1.0,"enemies":"Exordium Wildlife","floor":14.0,"turns":4.0},{"damage":8.0,"enemies":"Hexaghost","floor":16.0,"turns":8.0},{"damage":2.0,"enemies":"Shell Parasite","floor":18.0,"turns":4.0},{"damage":3.0,"enemies":"Book of Stabbing","floor":23.0,"turns":5.0},{"damage":3.0,"enemies":"3 Byrds","floor":27.0,"turns":5.0},{"damage":8.0,"enemies":"Masked Bandits","floor":29.0,"turns":4.0},{"damage":11.0,"enemies":"Sentry and Sphere","floor":30.0,"turns":5.0},{"damage":17.0,"enemies":"Slavers","floor":31.0,"turns":6.0},{"damage":0.0,"enemies":"Automaton","floor":33.0,"turns":10.0},{"damage":1,"enemies":"3 Darklings","floor":35,"turns":4},{"damage":1,"enemies":"Orb Walker","floor":36,"turns":4},{"damage":37,"enemies":"4 Shapes","floor":42,"turns":5},{"damage":24,"enemies":"Orin","floor":44,"turns":10},{"damage":0,"enemies":"Transient","floor":46,"turns":5},{"damage":2,"enemies":"Sphere and 2 Shapes","floor":48,"turns":4},{"damage":40,"enemies":"Donu and Deca","floor":50,"turns":8}],"seed_played":"-6042071357214043315","potions_obtained":[{"floor":2.0,"key":"Explosive Potion"},{"floor":11.0,"key":"Block Potion"},{"floor":13.0,"key":"SneckoOil"},{"floor":14.0,"key":"LiquidBronze"},{"floor":27.0,"key":"GamblersBrew"},{"floor":30.0,"key":"BlessingOfTheForge"},{"floor":31.0,"key":"SteroidPotion"},{"floor":33.0,"key":"DuplicationPotion"},{"floor":34,"key":"PowerPotion"},{"floor":44,"key":"EssenceOfSteel"},{"floor":46,"key":"ColorlessPotion"}],"is_trial":false,"path_per_floor":["M","M","?","T","?","E","R","E","T","R","E","R","M","M","R","B",null,"M","$","?","?","?","E","T","R","T","M","R","?","M","E","R","B",null,"M","M","?","T","$","?","R","M","T","?","$","M","?","M","R","B",null],"character_chosen":"MARISA","items_purchased":["Ginger","EnergyFlow+1","MagicAbsorber","ClockworkSouvenir","Mercury Hourglass"],"campfire_rested":1,"item_purchase_floors":[19,19,45,45,45],"current_hp_per_floor":[75,69,62,62,51,51,51,43,43,43,38,38,38,37,37,29,75,73,75,61,61,61,58,58,58,58,55,55,47,36,19,19,19,85,84,83,83,83,85,81,81,44,44,25,40,40,40,38,62,32],"gold":320,"neow_bonus":"RANDOM_COLORLESS","is_daily":false,"chose_seed":false,"campfire_upgraded":8,"win_rate":0.0,"timestamp":1608104220,"path_taken":["M","M","?","?","?","E","R","E","T","R","E","R","M","M","R","BOSS","M","$","?","?","?","E","?","R","T","M","R","?","?","E","R","BOSS","M","M","?","?","$","?","R","M","T","?","$","M","?","M","R","BOSS"],"items_purchased_type":["Relic","Card","Card","Relic","Relic"],"build_version":"2020-12-13","purchased_purges":3,"victory":true,"max_hp_per_floor":[75,75,75,75,75,75,75,75,75,75,75,75,75,75,75,75,75,75,75,80,80,80,80,80,80,80,80,80,80,80,80,80,80,85,85,85,85,85,85,81,81,81,81,81,81,81,81,81,81,81],"card_choices":[{"not_picked":["Impatience","Dark Shackles"],"picked":"Finesse","floor":0.0},{"not_picked":["GalacticHalo","UnstableBomb"],"picked":"DarkMatter","floor":1.0},{"not_picked":["WitchOfGreed","MilkyWay","GasGiant"],"picked":"SKIP","floor":2.0},{"not_picked":["FairyDestructionRay","NonDirectionalLaser"],"picked":"EnergyRecoil","floor":6.0},{"not_picked":["GravityBeat","DoubleSpark","MysteriousBeam"],"picked":"SKIP","floor":8.0},{"not_picked":["SuperPerseids","StarlightTyphoon","MachineGunSpark"],"picked":"SKIP","floor":11.0},{"not_picked":["MilkyWay","WitchLeyline"],"picked":"CasketOfStar+1","floor":13.0},{"not_picked":["AsteroidBelt","MilkyWay","LuminesStrike"],"picked":"SKIP","floor":14.0},{"not_picked":["MillisecondPulsars+1","BigCrunch"],"picked":"UltimateShortwave","floor":16.0},{"not_picked":["GrandCross+1","WitchLeyline","UnstableBomb"],"picked":"SKIP","floor":18.0},{"not_picked":["ShootingEcho","DragonMeteor","MilkyWay"],"picked":"SKIP","floor":23.0},{"not_picked":["WitchOfGreed+1","ShootingEcho","PulseMagic+1"],"picked":"SKIP","floor":27.0},{"not_picked":["DC","SporeBomb"],"picked":"Acceleration","floor":30.0},{"not_picked":["GravityBeat","Occultation"],"picked":"DeepEcoloBomb+1","floor":31.0},{"not_picked":["UltimateShortwave","BinaryStars"],"picked":"FinalSpark","floor":33.0},{"not_picked":["WitchLeyline+1","6A"],"picked":"RefractionSpark+1","floor":35},{"not_picked":["GravityBeat+1","GasGiant","WitchOfGreed+1"],"picked":"SKIP","floor":36},{"not_picked":["LuminesStrike+1","DC+1"],"picked":"Acceleration+1","floor":42},{"not_picked":["AlicesGift","EnergyRecoil"],"picked":"PropBag+1","floor":46},{"not_picked":["DarkMatter","NonDirectionalLaser+1"],"picked":"EnergyFlow+1","floor":48},{"not_picked":["UltimateShortwave","Acceleration"],"picked":"EnergyFlow+1","floor":49}],"player_experience":335302,"relics_obtained":[{"floor":4.0,"key":"HornCleat"},{"floor":6.0,"key":"Matryoshka"},{"floor":8.0,"key":"MealTicket"},{"floor":9.0,"key":"Tiny Chest"},{"floor":9.0,"key":"Happy Flower"},{"floor":11.0,"key":"Omamori"},{"floor":23.0,"key":"Torii"},{"floor":24.0,"key":"Sundial"},{"floor":24.0,"key":"Toy Ornithopter"},{"floor":26.0,"key":"The Courier"},{"floor":29.0,"key":"Red Mask"},{"floor":31.0,"key":"Kunai"},{"floor":38,"key":"AmplifyWand"},{"floor":43,"key":"Dream Catcher"},{"floor":44,"key":"CatCart"}],"event_choices":[{"damage_healed":0.0,"max_hp_gain":0.0,"max_hp_loss":0.0,"gold_gain":0.0,"event_name":"Scrap Ooze","player_choice":"Success","floor":3.0,"gold_loss":0.0,"damage_taken":7.0,"relics_obtained":["Frozen Egg 2"]},{"damage_healed":0.0,"max_hp_gain":0.0,"max_hp_loss":0.0,"gold_gain":75.0,"event_name":"World of Goop","player_choice":"Gather Gold","floor":5.0,"gold_loss":0.0,"damage_taken":11.0},{"damage_healed":0.0,"max_hp_gain":5.0,"max_hp_loss":0.0,"gold_gain":0.0,"event_name":"Forgotten Altar","player_choice":"Shed Blood","floor":20.0,"gold_loss":0.0,"damage_taken":19.0},{"damage_healed":0.0,"max_hp_gain":0.0,"max_hp_loss":0.0,"gold_gain":0.0,"event_name":"Vampires","player_choice":"Ignored","floor":21.0,"gold_loss":0.0,"damage_taken":0.0},{"damage_healed":0.0,"max_hp_gain":0.0,"max_hp_loss":0.0,"gold_gain":0.0,"event_name":"Upgrade Shrine","player_choice":"Upgraded","floor":22.0,"gold_loss":0.0,"damage_taken":0.0,"cards_upgraded":["UltimateShortwave"]},{"damage_healed":0.0,"max_hp_gain":0.0,"max_hp_loss":0.0,"gold_gain":0.0,"event_name":"Masked Bandits","player_choice":"Fought Bandits","floor":29.0,"gold_loss":0.0,"damage_taken":0.0},{"cards_removed":["FinalSpark"],"damage_healed":0,"gold_gain":0,"player_choice":"Removed Attack","damage_taken":0,"max_hp_gain":0,"max_hp_loss":0,"event_name":"Falling","floor":37,"gold_loss":0},{"damage_healed":0,"gold_gain":0,"player_choice":"Max HP","damage_taken":0,"max_hp_gain":0,"max_hp_loss":4,"event_name":"Winding Halls","floor":40,"gold_loss":0},{"damage_healed":0,"gold_gain":0,"player_choice":"Fight","damage_taken":0,"max_hp_gain":0,"max_hp_loss":0,"event_name":"OrinTheCat","floor":44,"gold_loss":0},{"damage_healed":0,"gold_gain":222,"player_choice":"Wore Mask","damage_taken":0,"max_hp_gain":0,"max_hp_loss":0,"event_name":"Tomb of Lord Red Mask","floor":47,"gold_loss":0}],"is_beta":false,"boss_relics":[{"not_picked":["SlaversCollar","Busted Crown"],"picked":"Philosopher\u0027s Stone"},{"not_picked":["RampagingMagicTools","Runic Pyramid"],"picked":"Tiny House"}],"items_purged_floors":[19,39,45],"is_endless":false,"potions_floor_spawned":[2,11,13,14,27,30,31,33,44,46,48],"ascension_level":1}}