{"host":"agga6lej02o7kt08","time":1608142995,"event":{"mods":["Aspiration","BaseMod","Better Third Choice","BetterRewards","Colored Map","Colored Powertips","Hubris","Minty Spire (QoL Compilation)","Replay The Spire","Spicy Shops","StSLib","¡¼?Úª?ø«¡½REMEMod"],"gold_per_floor":[110,110,121,121,46,77,91,119,142,168,243,273,287,302,302,402,402,416,416,70,83,102,129,129,4,4,38,48,79,79,99,99,194,194,205,218,68,68,68,97,97,97,121,121,121,153,168,199,199,199,199,199,24,50,50],"floor_reached":56,"playtime":2456,"items_purged":["Strike_R","Defend_R","Defend_R","Defend_R+1","Defend_R+1"],"score":1868,"play_id":"5544b32f-b7e0-4df2-aca9-8ac60c89bcb2","local_time":"20201217032315","is_ascension_mode":true,"campfire_choices":[{"data":"Limit Break","floor":15,"key":"SMITH"},{"data":"REME_ACTH","floor":24,"key":"SMITH"},{"data":"REME_Fury","floor":32,"key":"SMITH"},{"data":"Inflame","floor":42,"key":"SMITH"},{"data":"Pot Of Greed","floor":44,"key":"SMITH"},{"floor":49,"key":"RECALL"},{"data":"Pot Of Greed","floor":52,"key":"SMITH"}],"circlet_count":0,"master_deck":["Strike_R","Strike_R","Bash","Inflame+1","Limit Break+1","Pot Of Greed+1","Pot Of Greed+1","REME_ACTH+1","REME_Scribble","Shrug It Off","REME_Fury+1","Berserk","Shrug It Off"],"relics":["Burning Blood","REME_ComplimentaryCards","Shovel","hubris:Icosahedron","War Paint","aspiration:SeaSaltIceCream","hubris:HollowSoul","Replay:Wax Seal","Grinning Jar","Sozu","Pondfish Scales","aspiration:Lifesprig","ReplayTheSpireMod:TigerMarble","Question Card","FossilizedHelix","aspiration:Stabinomicon","Empty Cage","hubris:Towel","Paper Frog","hubris:FunFungus","Gambling Chip","REME_HourglassOfDeath"],"acts_visited":["Exordium","TheCity","TheBeyond","TheEnding"],"potions_floor_usage":[6,6,8,10,12,12,12,12,16],"damage_taken":[{"damage":6.0,"enemies":"Cultist","floor":1.0,"turns":3.0},{"damage":6.0,"enemies":"2 Louse","floor":3.0,"turns":2.0},{"damage":22,"enemies":"Lagavulin","floor":6,"turns":7},{"damage":0,"enemies":"Jaw Worm","floor":7,"turns":4},{"damage":16,"enemies":"Gremlin Nob","floor":8,"turns":5},{"damage":3,"enemies":"Replay:BlueRogue","floor":10,"turns":8},{"damage":0,"enemies":"Lagavulin","floor":12,"turns":5},{"damage":11,"enemies":"Blue Slaver","floor":13,"turns":4},{"damage":5,"enemies":"Looter","floor":14,"turns":4},{"damage":43,"enemies":"The Guardian","floor":16,"turns":9},{"damage":7,"enemies":"Shell Parasite","floor":18,"turns":2},{"damage":12,"enemies":"Chosen","floor":21,"turns":3},{"damage":7,"enemies":"3 Cultists","floor":22,"turns":4},{"damage":9,"enemies":"Replay:Snechameleon","floor":23,"turns":5},{"damage":17,"enemies":"REME_1_Revenger","floor":27,"turns":4},{"damage":12,"enemies":"Snecko","floor":28,"turns":4},{"damage":8,"enemies":"Book of Stabbing","floor":29,"turns":3},{"damage":0,"enemies":"Centurion and Healer","floor":31,"turns":3},{"damage":26,"enemies":"hubris:MusketHawk","floor":33,"turns":6},{"damage":16,"enemies":"3 Darklings","floor":35,"turns":3},{"damage":0,"enemies":"Orb Walker","floor":36,"turns":2},{"damage":0,"enemies":"Giant Head","floor":40,"turns":4},{"damage":17,"enemies":"Reptomancer","floor":46,"turns":4},{"damage":0,"enemies":"3 Darklings","floor":47,"turns":2},{"damage":0,"enemies":"R_Hoarder","floor":48,"turns":4},{"damage":29,"enemies":"Awakened One","floor":50,"turns":6},{"damage":0,"enemies":"Shield and Spear","floor":54,"turns":1},{"damage":125,"enemies":"The Heart","floor":55,"turns":6}],"seed_played":"7229300129144087833","potions_obtained":[{"floor":1.0,"key":"SteroidPotion"},{"floor":2.0,"key":"Milkshake"},{"floor":2.0,"key":"SpeedPotion"},{"floor":6,"key":"Block Potion"},{"floor":8,"key":"LiquidMemories"},{"floor":10,"key":"Reflective Coating"},{"floor":13,"key":"FairyPotion"}],"is_trial":false,"path_per_floor":["M","?","M","?","$","E","M","E","T","E","?","E","M","M","R","B",null,"M","?","$","M","M","E","R","$","T","E","M","E","$","M","R","B",null,"M","M","$","?","?","E","$","R","T","R","?","E","M","E","R","B",null,"R","$","E","B",null],"character_chosen":"IRONCLAD","items_purchased":["Pondfish Scales","aspiration:Lifesprig"],"campfire_rested":0,"item_purchase_floors":[20,20],"current_hp_per_floor":[69,69,69,69,69,53,59,49,49,52,41,47,42,43,43,43,80,79,79,79,75,76,75,75,75,75,66,62,62,62,70,70,52,96,88,96,96,96,96,102,102,102,102,102,102,96,104,111,111,90,113,113,113,115,40],"gold":50,"neow_bonus":"","is_daily":false,"chose_seed":false,"campfire_upgraded":6,"win_rate":0.0,"timestamp":1608142995,"path_taken":["M","?","?","?","?","E","M","E","T","E","?","E","M","M","R","BOSS","M","?","$","M","M","E","R","$","T","E","?","E","?","M","R","BOSS","M","M","$","?","?","E","$","R","T","R","?","E","M","E","R","BOSS","R","$","E","BOSS"],"items_purchased_type":["Relic","Relic"],"build_version":"2020-12-13","purchased_purges":5,"victory":true,"max_hp_per_floor":[80,80,80,80,80,80,80,80,80,80,80,80,80,80,80,80,80,80,80,80,82,84,86,86,86,86,88,90,92,92,94,94,96,96,98,100,100,100,100,102,102,102,102,102,102,107,109,111,111,113,113,113,113,115,117],"card_choices":[{"not_picked":["hubris:SharpeningStone","Cleave","Fire Breathing"],"picked":"SKIP","floor":1.0},{"not_picked":["Power Through","Cleave"],"picked":"Inflame","floor":3.0},{"not_picked":["hubris:ReadiedAction","Abandon","Cleave"],"picked":"SKIP","floor":6},{"not_picked":["Sword Boomerang","Life Link","Pummel"],"picked":"SKIP","floor":7},{"not_picked":["Exhume","True Grit","Hemogenesis"],"picked":"SKIP","floor":8},{"not_picked":["Exhume","True Grit","Hemogenesis"],"picked":"SKIP","floor":8},{"not_picked":["Armaments","Clash"],"picked":"Limit Break","floor":10},{"not_picked":["Power Through","Sword Boomerang","Clothesline"],"picked":"SKIP","floor":12},{"not_picked":["Heavy Blade","Body Slam"],"picked":"Spot Weakness","floor":13},{"not_picked":["Replay:Undeath\u0027s Touch","Flex","Hemokinesis"],"picked":"SKIP","floor":14},{"not_picked":["Juggernaut","Immolate"],"picked":"REME_ACTH","floor":16},{"not_picked":["Iron Wave","Anger"],"picked":"REME_Scribble","floor":18},{"not_picked":["Iron Wave","Body Slam","Thunderclap"],"picked":"SKIP","floor":21},{"not_picked":["Seeing Red","Iron Wave","Perfected Strike"],"picked":"SKIP","floor":22},{"not_picked":["Iron Wave","Sword Boomerang"],"picked":"Shrug It Off","floor":23},{"not_picked":["Twin Strike","Wild Strike","Clothesline","Spot Weakness"],"picked":"SKIP","floor":27},{"not_picked":["Entrench+1","Iron Wave+1","Sever Soul+1","Havoc"],"picked":"SKIP","floor":28},{"not_picked":["Shrug It Off","Flex","Power Through+1"],"picked":"REME_Fury","floor":29},{"not_picked":["hubris:ReadiedAction","Iron Wave","ReplayTheSpireMod:Strike From Hell","Armaments"],"picked":"SKIP","floor":31},{"not_picked":["Replay:Many Hands","Corruption","Impervious"],"picked":"Berserk","floor":33},{"not_picked":["Blood for Blood+1","ReplayTheSpireMod:LeadingStrike+1","Twin Strike+1"],"picked":"Shrug It Off","floor":35},{"not_picked":["Twin Strike","Replay:Undeath\u0027s Touch+1","True Grit+1","Heavy Blade+1"],"picked":"SKIP","floor":36},{"not_picked":["Barricade","Eclipse","Heavy Blade+1","Body Slam"],"picked":"SKIP","floor":40},{"not_picked":["ReplayTheSpireMod:Strike From Hell+1","Run Through+1","Hemokinesis","Headbutt+1"],"picked":"SKIP","floor":46},{"not_picked":["hubris:StunningStrike","Shrug It Off","hubris:ReadiedAction+1","Havoc+1"],"picked":"SKIP","floor":47},{"not_picked":["Combust+1","Havoc","ReplayTheSpireMod:Strike From Hell","Armaments"],"picked":"SKIP","floor":48},{"not_picked":["Rampage","Berserk","True Grit","Replay:Undeath\u0027s Touch+1"],"picked":"SKIP","floor":54}],"player_experience":703288,"relics_obtained":[{"floor":6,"key":"War Paint"},{"floor":8,"key":"aspiration:SeaSaltIceCream"},{"floor":9,"key":"Replay:Wax Seal"},{"floor":10,"key":"Grinning Jar"},{"floor":23,"key":"ReplayTheSpireMod:TigerMarble"},{"floor":26,"key":"Question Card"},{"floor":27,"key":"FossilizedHelix"},{"floor":29,"key":"aspiration:Stabinomicon"},{"floor":40,"key":"Paper Frog"},{"floor":46,"key":"hubris:FunFungus"},{"floor":48,"key":"Gambling Chip"},{"floor":54,"key":"REME_HourglassOfDeath"}],"event_choices":[{"damage_healed":0.0,"max_hp_gain":0.0,"max_hp_loss":0.0,"gold_gain":0.0,"event_name":"Lab","player_choice":"Got Potions","floor":2.0,"gold_loss":0.0,"damage_taken":0.0},{"damage_healed":0,"gold_gain":75,"player_choice":"Gold","damage_taken":11,"max_hp_gain":0,"max_hp_loss":0,"event_name":"betterThird:BetterGoop","floor":11,"gold_loss":0},{"cards_removed":["Strike_R"],"damage_healed":0,"gold_gain":0,"player_choice":"Offered Basic","damage_taken":0,"max_hp_gain":0,"max_hp_loss":0,"event_name":"Bonfire Elementals","floor":19,"gold_loss":0},{"damage_healed":0,"gold_gain":0,"player_choice":"Ignored","damage_taken":0,"max_hp_gain":0,"max_hp_loss":0,"event_name":"Tomb of Lord Red Mask","floor":38,"gold_loss":0},{"damage_healed":0,"gold_gain":0,"player_choice":"Bought 0 Potions","damage_taken":0,"max_hp_gain":0,"max_hp_loss":0,"event_name":"The Woman in Blue","floor":45,"gold_loss":0}],"is_beta":false,"boss_relics":[{"not_picked":["Pandora\u0027s Box","Velvet Choker"],"picked":"Sozu"},{"not_picked":["aspiration:RunicSpoon","Mark of Pain"],"picked":"Empty Cage"}],"items_purged_floors":[5,20,25,37,53],"is_endless":false,"potions_floor_spawned":[1,6,8,10,13,21,27,29,33,35,46,47],"ascension_level":1}}