{"host":"nxmai6bb3m0amvdf","time":1608150152,"event":{"mods":["Aspiration","BaseMod","Conspire","Energized Spire","Friendly Minions","GifTheSpireLib","Halation","Hubris","Infinite Spire","Ironclad Rager","Jedi Mod","Marked Mod","Mimic Mod","Minty Spire (QoL Compilation)","Replay The Spire","RumiaBox-????????","Spikes Relics","StSLib","Stuff the Spire","Trackpad","vexMod"],"gold_per_floor":[16,35,49,68,80,112,128,156,156,176,12,12,12,38,38,115,115,133,133,133,150,178,207,207,207,207,232,232,232,247,260,260,335,335,352,352,371,270,286,313,313,348,385,415,428,428,428],"floor_reached":46,"playtime":3702,"items_purged":["ReplayTheSpireMod:Restless Dread"],"score":1215,"play_id":"1d3947e7-3d1e-45c6-aecf-7b782e274a39","local_time":"20201216212232","is_ascension_mode":true,"campfire_choices":[{"floor":13,"key":"RECALL"},{"floor":15,"key":"REST"},{"floor":25,"key":"REST"},{"data":"hubris:StunningStrike","floor":32,"key":"SMITH"},{"data":"Feed","floor":41,"key":"SMITH"}],"circlet_count":0,"master_deck":["AscendersBane","Bash","Twin Strike","Twin Strike","Twin Strike","Twin Strike","Twin Strike","Iron Wave","Iron Wave","Iron Wave","Iron Wave","Clash","BarbarianYell","Spot Weakness","Rage","Replay:Many Hands","Iron Wave","Bandage Up","Twin Strike","Feed+1","BarbarianYell","J.A.X.","Skewer","Die Die Die","Sucker Punch","Whirlwind","Rampage+1","Massacre","hubris:StunningStrike+1","ReplayTheSpireMod:Chaos Vortex","infinitespire:Oblivion","infinitespire:FinalStrike","infinitespire:Execution","ReplayTheSpireMod:??????????????????????","Replay:Undeath\u0027s Touch","TalkToTheHand+1","jedi:LeechingStrike","Blade Dance+1","Twin Strike+1","Trip","Clash","Impatience","EmptyFist","Poisoned Stab","JustLucky+1","Deflect"],"relics":["Burning Blood","conspire:Dentures","Shuriken","Odd Mushroom","jedi:kaleidoscope","EasyGame_NEW","Ornamental Fan","StuffTheSpire:SapphireSignet","LastBattle","trackpad:Mousetrap","Black Star","PrismaticShard","SacredBark","Omamori","Potion Belt","Ice Cream","Iron Hammer","Turnip","hubris:TinFlute","hubris:FunFungus"],"acts_visited":["Exordium","TheCity","TheBeyond"],"potions_floor_usage":[6,6,14,18,22,22,27,39,40,40,46,46],"damage_taken":[{"damage":0,"enemies":"Cultist","floor":1,"turns":2},{"damage":7,"enemies":"Jaw Worm","floor":2,"turns":2},{"damage":4,"enemies":"2 Louse","floor":3,"turns":3},{"damage":23,"enemies":"Exordium Thugs","floor":4,"turns":4},{"damage":2,"enemies":"3 Louse","floor":5,"turns":2},{"damage":1,"enemies":"3 Sentries","floor":6,"turns":7},{"damage":7,"enemies":"Exordium Wildlife","floor":7,"turns":4},{"damage":24,"enemies":"Replay:BlueRogue","floor":8,"turns":5},{"damage":0,"enemies":"The Mushroom Lair","floor":10,"turns":3},{"damage":12,"enemies":"Lagavulin","floor":14,"turns":6},{"damage":40,"enemies":"The Guardian","floor":16,"turns":6},{"damage":6,"enemies":"2 Thieves","floor":18,"turns":2},{"damage":10,"enemies":"3 Byrds","floor":21,"turns":4},{"damage":26,"enemies":"conspire:MimicChest","floor":22,"turns":3},{"damage":12,"enemies":"Book of Stabbing","floor":23,"turns":3},{"damage":31,"enemies":"Nightmare","floor":27,"turns":6},{"damage":0,"enemies":"conspire:HollyBat","floor":30,"turns":5},{"damage":0,"enemies":"Snecko","floor":31,"turns":2},{"damage":2,"enemies":"hubris:MusketHawk","floor":33,"turns":4},{"damage":0,"enemies":"Orb Walker","floor":35,"turns":1},{"damage":17,"enemies":"3 Darklings","floor":37,"turns":4},{"damage":37,"enemies":"Spire Growth","floor":39,"turns":3},{"damage":16,"enemies":"Nightmare","floor":40,"turns":5},{"damage":10,"enemies":"Giant Head","floor":42,"turns":4},{"damage":3,"enemies":"Jaw Worm Horde","floor":43,"turns":3},{"damage":15,"enemies":"Nemesis","floor":44,"turns":3},{"damage":0,"enemies":"Jaw Worm Horde","floor":45,"turns":1},{"damage":6,"enemies":"infinitespire:Three Voidlings","floor":46,"turns":2},{"damage":101,"enemies":"Nightmare_Alpha","floor":46,"turns":7}],"seed_played":"3176293209378336166","potions_obtained":[{"floor":2,"key":"EssenceOfSteel"},{"floor":5,"key":"Regen Potion"},{"floor":8,"key":"BlessingOfTheForge"},{"floor":16,"key":"Fire Potion"},{"floor":18,"key":"FearPotion"},{"floor":21,"key":"Cursed Concoction"},{"floor":23,"key":"Dexterity Potion"},{"floor":31,"key":"BloodPotion"},{"floor":37,"key":"LiquidBronze"},{"floor":39,"key":"jedi:StrikingPotion"},{"floor":44,"key":"Languid Potion"},{"floor":45,"key":"Adrenaline Potion"}],"is_trial":false,"path_per_floor":["M","M","M","M","M","E","M","E","T","?","$","?","R","E","R","B",null,"M","?","?","M","?","E","?","R","T","NM","AVR","?","M","M","R","B",null,"M","?","M","$","M","NM","R","E","MIM","E","M","?"],"character_chosen":"IRONCLAD","items_purchased":["Bandage Up","Trip"],"campfire_rested":2,"item_purchase_floors":[11,38],"current_hp_per_floor":[56,55,57,40,44,64,63,45,45,51,51,51,51,49,68,38,61,65,65,65,65,48,46,46,66,66,48,48,36,42,52,52,64,71,73,73,62,62,60,63,63,63,66,57,69,0,0],"gold":428,"neow_bonus":"IRONCLAD_BERSERKER","is_daily":false,"chose_seed":false,"campfire_upgraded":2,"win_rate":0.0,"timestamp":1608150152,"path_taken":["M","M","M","M","?","E","M","E","T","?","$","?","R","E","R","BOSS","M","?","?","?","?","E","?","R","T","NM","AVR","?","?","M","R","BOSS","M","?","M","$","M","NM","R","E","MIM","E","?","?"],"items_purchased_type":["Card","Card"],"build_version":"2020-12-13","purchased_purges":1,"victory":false,"max_hp_per_floor":[68,68,68,68,68,68,68,68,68,68,68,68,68,68,68,68,68,68,68,68,68,68,68,68,68,68,71,71,71,71,71,71,73,73,73,73,73,73,73,73,73,73,73,73,73,73,73],"card_choices":[{"not_picked":["ReplayTheSpireMod:Strike From Hell","Thunderclap"],"picked":"Clash","floor":1},{"not_picked":["StuffTheSpire:BloodClot","Abandon"],"picked":"BarbarianYell","floor":2},{"not_picked":["Metallicize","jedi:fear"],"picked":"Spot Weakness","floor":3},{"not_picked":["Havoc","Life Link"],"picked":"StuffTheSpire:Incineration","floor":4},{"not_picked":["Heavy Blade","Replay:Undeath\u0027s Touch"],"picked":"Rage","floor":5},{"not_picked":["StuffTheSpire:RockThrow","Pommel Strike"],"picked":"Replay:Many Hands","floor":6},{"not_picked":["Anger","Body Slam"],"picked":"Iron Wave","floor":7},{"not_picked":["Second Wind","ReplayTheSpireMod:Limb From Limb"],"picked":"Sentinel","floor":8},{"not_picked":["jedi:collectorstrike","Fiend Fire"],"picked":"StuffTheSpire:Incineration","floor":10},{"not_picked":["Shrug It Off","Armaments"],"picked":"Twin Strike","floor":14},{"not_picked":["Hemogenesis","Juggernaut"],"picked":"Feed","floor":16},{"not_picked":["Pommel Strike","Armaments+1"],"picked":"BarbarianYell","floor":18},{"not_picked":["Searing Blow","hubris:ReadiedAction"],"picked":"Whirlwind","floor":21},{"not_picked":["StuffTheSpire:Slingshot","Searing Blow"],"picked":"Rampage+1","floor":22},{"not_picked":["Shrug It Off","Power Through"],"picked":"Massacre","floor":23},{"not_picked":["Anger","hubris:ReadiedAction+1"],"picked":"hubris:StunningStrike","floor":27},{"not_picked":["Shrug It Off","Run Through"],"picked":"Replay:Undeath\u0027s Touch","floor":29},{"not_picked":["Rip and Tear","Streamline"],"picked":"TalkToTheHand+1","floor":30},{"not_picked":["jedi:BurstDark","Reflex"],"picked":"jedi:fear","floor":31},{"not_picked":["ReplayTheSpireMod:Omega Cannon","StuffTheSpire:Recharge"],"picked":"jedi:LeechingStrike","floor":33},{"not_picked":["Forethought","ReplayTheSpireMod:Strike From Hell"],"picked":"Blade Dance+1","floor":35},{"not_picked":["Halt","Draining Mist+1"],"picked":"Twin Strike+1","floor":37},{"not_picked":["Tactician+1","Protect"],"picked":"Clash","floor":39},{"not_picked":["Cold Snap","jedi:suffering"],"picked":"Impatience","floor":40},{"not_picked":["Stack","jedi:fear"],"picked":"EmptyFist","floor":42},{"not_picked":["Protect","Catalyst"],"picked":"Poisoned Stab","floor":43},{"not_picked":["Vault","Pray"],"picked":"JustLucky+1","floor":44},{"not_picked":["StuffTheSpire:Slingshot","StuffTheSpire:Plugnplay"],"picked":"Deflect","floor":45}],"player_experience":1035378,"relics_obtained":[{"floor":6,"key":"conspire:Dentures"},{"floor":8,"key":"Shuriken"},{"floor":10,"key":"Odd Mushroom"},{"floor":14,"key":"jedi:kaleidoscope"},{"floor":22,"key":"Ornamental Fan"},{"floor":23,"key":"StuffTheSpire:SapphireSignet"},{"floor":26,"key":"LastBattle"},{"floor":27,"key":"trackpad:Mousetrap"},{"floor":29,"key":"PrismaticShard"},{"floor":40,"key":"Omamori"},{"floor":40,"key":"Potion Belt"},{"floor":42,"key":"Ice Cream"},{"floor":42,"key":"Iron Hammer"},{"floor":43,"key":"Turnip"},{"floor":44,"key":"hubris:TinFlute"},{"floor":44,"key":"hubris:FunFungus"}],"event_choices":[{"damage_healed":0,"gold_gain":0,"player_choice":"Fought Mushrooms","damage_taken":0,"max_hp_gain":0,"max_hp_loss":0,"event_name":"Mushrooms","floor":10,"gold_loss":0},{"damage_healed":0,"gold_gain":0,"cards_transformed":["Sentinel"],"player_choice":"Transformed","damage_taken":0,"max_hp_gain":0,"max_hp_loss":0,"event_name":"Transmorgrifier","floor":12,"gold_loss":0,"cards_obtained":["Rampage"]},{"damage_healed":0,"gold_gain":0,"player_choice":"Obtain J.A.X.","damage_taken":0,"max_hp_gain":0,"max_hp_loss":0,"event_name":"Drug Dealer","floor":19,"gold_loss":0,"cards_obtained":["J.A.X."]},{"cards_removed":["jedi:fear"],"damage_healed":5,"gold_gain":0,"player_choice":"Offered Common","damage_taken":0,"max_hp_gain":0,"max_hp_loss":0,"event_name":"Bonfire Elementals","floor":36,"gold_loss":0},{"cards_removed":["jedi:fear"],"damage_healed":5,"gold_gain":0,"player_choice":"Offered Special","damage_taken":0,"max_hp_gain":0,"max_hp_loss":0,"event_name":"Bonfire Elementals","floor":36,"gold_loss":0}],"is_beta":false,"boss_relics":[{"not_picked":["vexMod:FluxCapacitor","halation:MonkeysPaw"],"picked":"EasyGame_NEW"},{"not_picked":["SlaversCollar","conspire:SeveredTorchhead"],"picked":"SacredBark"}],"items_purged_floors":[11],"is_endless":true,"potions_floor_spawned":[2,5,8,16,18,21,23,31,37,39,44,45],"killed_by":"Nightmare_Alpha","ascension_level":17}}