{"host":"kh6fvhxn285ncg0o","time":1608080417,"event":{"mods":["Act Like it!","BaseMod","Colored Map","Friendly Minions","Keyboard Shortcuts","Minty Spire (QoL Compilation)","Quick Restart","Relic Stats","StSLib","SuperFastMode"],"gold_per_floor":[117,131,131,144,161,161,191,206,206,233,247,247,267,19,19,94,94,108,121,140,40,51,76,76,76,76,104,104,138,138,151,151,224,224,243,262,287,301,301,301,301],"floor_reached":40,"playtime":1092,"items_purged":["Strike_R","Strike_R"],"score":1070,"play_id":"0fc82545-ea68-4b12-8656-daf35571f27a","local_time":"20201216100017","is_ascension_mode":true,"campfire_choices":[{"data":"Fiend Fire","floor":6.0,"key":"SMITH"},{"data":"Body Slam","floor":12.0,"key":"SMITH"},{"data":"Finesse","floor":15.0,"key":"SMITH"},{"floor":24.0,"key":"REST"},{"floor":28.0,"key":"REST"},{"data":"Evolve","floor":32.0,"key":"SMITH"}],"circlet_count":0,"master_deck":["AscendersBane","Strike_R","Defend_R","Defend_R","Defend_R","Defend_R","Bash","Fiend Fire+1","Body Slam+1","Disarm","Ghostly Armor","Shrug It Off","Finesse+1","Juggernaut","Feel No Pain","Evolve+1","Shrug It Off","Pommel Strike+1","Reckless Charge+1","Rage","Secret Technique"],"relics":["Burning Blood","Darkstone Periapt","Mummified Hand","StrikeDummy","Mercury Hourglass","Sozu","Juzu Bracelet","Ornamental Fan","Molten Egg 2","Empty Cage","Du-Vu Doll"],"acts_visited":["Exordium","TheCity","TheBeyond"],"potions_floor_usage":[],"damage_taken":[{"damage":0.0,"enemies":"Cultist","floor":1.0,"turns":2.0},{"damage":1.0,"enemies":"Small Slimes","floor":2.0,"turns":3.0},{"damage":4.0,"enemies":"2 Louse","floor":4.0,"turns":4.0},{"damage":12.0,"enemies":"Blue Slaver","floor":5.0,"turns":5.0},{"damage":0.0,"enemies":"Gremlin Nob","floor":7.0,"turns":2.0},{"damage":10.0,"enemies":"2 Fungi Beasts","floor":8.0,"turns":6.0},{"damage":48.0,"enemies":"3 Sentries","floor":10.0,"turns":7.0},{"damage":10.0,"enemies":"Large Slime","floor":11.0,"turns":5.0},{"damage":0.0,"enemies":"Looter","floor":13.0,"turns":1.0},{"damage":0.0,"enemies":"The Guardian","floor":16.0,"turns":13.0},{"damage":10.0,"enemies":"2 Thieves","floor":18.0,"turns":4.0},{"damage":0.0,"enemies":"Spheric Guardian","floor":19.0,"turns":3.0},{"damage":26.0,"enemies":"Centurion and Healer","floor":20.0,"turns":8.0},{"damage":9.0,"enemies":"Snake Plant","floor":22.0,"turns":3.0},{"damage":28.0,"enemies":"Book of Stabbing","floor":23.0,"turns":5.0},{"damage":34.0,"enemies":"Slavers","floor":27.0,"turns":4.0},{"damage":12.0,"enemies":"Book of Stabbing","floor":29.0,"turns":6.0},{"damage":6.0,"enemies":"Chosen and Byrds","floor":31.0,"turns":4.0},{"damage":25.0,"enemies":"Automaton","floor":33.0,"turns":7.0},{"damage":0.0,"enemies":"Orb Walker","floor":35.0,"turns":3.0},{"damage":0.0,"enemies":"3 Shapes","floor":36.0,"turns":5.0},{"damage":21.0,"enemies":"Mind Bloom Boss Battle","floor":37.0,"turns":4.0},{"damage":21.0,"enemies":"Transient","floor":38.0,"turns":6.0},{"damage":66,"enemies":"Nemesis","floor":40,"turns":7}],"seed_played":"2539936818248471200","potions_obtained":[{"floor":1.0,"key":"ElixirPotion"},{"floor":4.0,"key":"DuplicationPotion"},{"floor":8.0,"key":"SmokeBomb"},{"floor":10.0,"key":"Strength Potion"},{"floor":13.0,"key":"Swift Potion"},{"floor":16.0,"key":"DuplicationPotion"}],"is_trial":false,"path_per_floor":["M","M","T","M","M","R","E","M","T","E","M","R","M","$","R","B",null,"M","M","M","$","M","E","R","$","T","E","R","E","?","M","R","B",null,"M","M","?","M","?","E"],"character_chosen":"IRONCLAD","items_purchased":["Finesse","Feed"],"campfire_rested":2,"item_purchase_floors":[14,14],"current_hp_per_floor":[68,68,68,68,62,62,68,64,64,22,18,18,24,24,24,30,59,58,67,50,50,47,25,48,48,48,20,43,37,87,87,87,68,82,87,87,72,57,47,0,0],"gold":301,"neow_bonus":"THREE_RARE_CARDS","is_daily":false,"chose_seed":false,"campfire_upgraded":4,"win_rate":0.0,"timestamp":1608080417,"path_taken":["M","M","?","M","M","R","E","M","T","E","M","R","M","$","R","BOSS","M","M","M","?","M","E","R","$","T","E","R","E","?","M","R","BOSS","M","M","?","M","?","E"],"items_purchased_type":["Card","Card"],"build_version":"2020-12-13","purchased_purges":2,"victory":false,"max_hp_per_floor":[68,68,68,68,68,68,68,68,68,68,68,68,68,68,68,68,68,71,74,77,77,77,77,77,77,77,77,77,77,87,87,87,87,87,87,87,87,87,87,87,87],"relic_stats":{"Darkstone Periapt":0,"Sozu":8,"counters":[24,117],"Mummified Hand":[44],"Ornamental Fan":[44],"Juzu Bracelet":0,"obtain_stats":[{"Darkstone Periapt":3,"Sozu":17,"Du-Vu Doll":37,"Mummified Hand":7,"Ornamental Fan":27,"Molten Egg 2":29,"Juzu Bracelet":23,"StrikeDummy":9,"Empty Cage":34,"Burning Blood":0,"Mercury Hourglass":10},{"Darkstone Periapt":2,"Sozu":10,"Du-Vu Doll":22,"Mummified Hand":5,"Ornamental Fan":16,"Molten Egg 2":17,"Juzu Bracelet":15,"StrikeDummy":6,"Empty Cage":19,"Burning Blood":0,"Mercury Hourglass":7},{"Darkstone Periapt":5,"Sozu":48,"Du-Vu Doll":104,"Mummified Hand":16,"Ornamental Fan":75,"Molten Egg 2":81,"Juzu Bracelet":71,"StrikeDummy":22,"Empty Cage":92,"Burning Blood":0,"Mercury Hourglass":29}],"Burning Blood":118,"Mercury Hourglass":[310]},"card_choices":[{"not_picked":["Brutality","Bludgeon"],"picked":"Fiend Fire","floor":0.0},{"not_picked":["Wild Strike","Armaments"],"picked":"Body Slam","floor":4.0},{"not_picked":["Heavy Blade","Wild Strike","Anger"],"picked":"SKIP","floor":5.0},{"not_picked":["Clothesline","Dual Wield"],"picked":"Disarm","floor":7.0},{"not_picked":["Headbutt","Cleave","Flex"],"picked":"SKIP","floor":8.0},{"not_picked":["Demon Form","Blood for Blood","Havoc"],"picked":"SKIP","floor":10.0},{"not_picked":["Havoc","Warcry"],"picked":"Ghostly Armor","floor":11.0},{"not_picked":["Twin Strike","Uppercut"],"picked":"Shrug It Off","floor":13.0},{"not_picked":["Demon Form","Exhume"],"picked":"Juggernaut","floor":16.0},{"not_picked":["Body Slam","Rage","Anger"],"picked":"SKIP","floor":18.0},{"not_picked":["Cleave","Seeing Red"],"picked":"Feel No Pain","floor":19.0},{"not_picked":["Whirlwind","Pommel Strike"],"picked":"Evolve","floor":20.0},{"not_picked":["Twin Strike","Anger","Iron Wave"],"picked":"SKIP","floor":22.0},{"not_picked":["Feel No Pain","Metallicize","Sentinel"],"picked":"SKIP","floor":23.0},{"not_picked":["Headbutt","Body Slam"],"picked":"Shrug It Off","floor":27.0},{"not_picked":["Corruption","Intimidate"],"picked":"Pommel Strike+1","floor":29.0},{"not_picked":["Disarm","Iron Wave+1"],"picked":"Reckless Charge+1","floor":31.0},{"not_picked":["Body Slam+1","Clothesline+1","Wild Strike+1"],"picked":"SKIP","floor":35.0},{"not_picked":["Wild Strike+1","Searing Blow+1","Shrug It Off"],"picked":"SKIP","floor":36.0},{"not_picked":["Intimidate+1","Infernal Blade+1"],"picked":"Rage","floor":38.0},{"not_picked":["Transmutation","Magnetism"],"picked":"Secret Technique","floor":39.0}],"player_experience":3186557,"relics_obtained":[{"floor":3.0,"key":"Darkstone Periapt"},{"floor":7.0,"key":"Mummified Hand"},{"floor":9.0,"key":"StrikeDummy"},{"floor":10.0,"key":"Mercury Hourglass"},{"floor":23.0,"key":"Juzu Bracelet"},{"floor":27.0,"key":"Ornamental Fan"},{"floor":29.0,"key":"Molten Egg 2"},{"floor":37.0,"key":"Du-Vu Doll"}],"event_choices":[{"cards_removed":["Feed"],"damage_healed":40.0,"max_hp_gain":10.0,"max_hp_loss":0.0,"gold_gain":0.0,"event_name":"Bonfire Elementals","player_choice":"Offered Rare","floor":30.0,"gold_loss":0.0,"damage_taken":0.0},{"damage_healed":0.0,"max_hp_gain":0.0,"max_hp_loss":0.0,"gold_gain":0.0,"event_name":"MindBloom","player_choice":"Fight","floor":37.0,"gold_loss":0.0,"damage_taken":0.0},{"damage_healed":0.0,"max_hp_gain":0.0,"max_hp_loss":0.0,"gold_gain":0.0,"event_name":"SensoryStone","player_choice":"Memory 3","floor":39.0,"gold_loss":0.0,"damage_taken":10.0}],"is_beta":false,"boss_relics":[{"not_picked":["Tiny House","Fusion Hammer"],"picked":"Sozu"},{"not_picked":["Runic Cube","Runic Dome"],"picked":"Empty Cage"}],"items_purged_floors":[14,21],"is_endless":false,"potions_floor_spawned":[1,4,8,10,13,16,18,22,27,29,33,35,36,38],"killed_by":"Nemesis","ascension_level":20}}