{"host":"2n2g1vowfllvjtvi","time":1608116725,"event":{"mods":["AchievementEnabler","BaseMod","Custom Start","GifTheSpireLib","Keyboard Shortcuts","Minty Spire (QoL Compilation)","Quick Restart","Rare Cards Sparkle","StSLib","SuperFastMode"],"gold_per_floor":[110,110,35,55,55,55,87,87,87,87,100,100,112,112,112,185,185,202,214,114,132,148,148,148,175,248,248,265,71,71,84,84,157,157,173,188,202,202,213,213,213],"floor_reached":40,"playtime":1232,"items_purged":["Strike_G","Strike_G+1","Defend_G"],"score":736,"play_id":"f9b4b962-e497-41ea-ad1f-8385f85a09a8","local_time":"20201216200525","is_ascension_mode":true,"campfire_choices":[{"data":"Neutralize","floor":6.0,"key":"SMITH"},{"data":"Prepared","floor":10.0,"key":"SMITH"},{"data":"Calculated Gamble","floor":12.0,"key":"SMITH"},{"data":"Bane","floor":15.0,"key":"SMITH"},{"data":"Footwork","floor":23.0,"key":"SMITH"},{"data":"Corpse Explosion","floor":27.0,"key":"SMITH"},{"data":"Adrenaline","floor":32.0,"key":"SMITH"}],"circlet_count":0,"master_deck":["AscendersBane","Defend_G","Survivor","Neutralize+1","Prepared+1","Deadly Poison+1","Calculated Gamble+1","Bane+1","Corpse Explosion+1","Leg Sweep+1","Bullet Time+1","Bouncing Flask+1","Footwork+1","Acrobatics+1","Well Laid Plans","Adrenaline+1","Night Terror","Reflex"],"relics":["Ring of the Snake","NeowsBlessing","Orichalcum","StoneCalendar","Singing Bowl","Astrolabe","Akabeko","Eternal Feather","Philosopher\u0027s Stone"],"acts_visited":["Exordium","TheCity","TheBeyond"],"potions_floor_usage":[],"damage_taken":[{"damage":0.0,"enemies":"Small Slimes","floor":1.0,"turns":1.0},{"damage":0.0,"enemies":"Cultist","floor":4.0,"turns":1.0},{"damage":0.0,"enemies":"Gremlin Nob","floor":7.0,"turns":1.0},{"damage":0.0,"enemies":"2 Louse","floor":11.0,"turns":2.0},{"damage":1.0,"enemies":"Blue Slaver","floor":13.0,"turns":3.0},{"damage":19.0,"enemies":"Slime Boss","floor":16.0,"turns":7.0},{"damage":2.0,"enemies":"2 Thieves","floor":18.0,"turns":2.0},{"damage":2.0,"enemies":"3 Byrds","floor":19.0,"turns":3.0},{"damage":2.0,"enemies":"Cultist and Chosen","floor":21.0,"turns":4.0},{"damage":0.0,"enemies":"Centurion and Healer","floor":22.0,"turns":4.0},{"damage":8.0,"enemies":"Slavers","floor":25.0,"turns":3.0},{"damage":12.0,"enemies":"Snake Plant","floor":28.0,"turns":3.0},{"damage":0.0,"enemies":"Sentry and Sphere","floor":31.0,"turns":3.0},{"damage":30.0,"enemies":"Automaton","floor":33.0,"turns":7.0},{"damage":0,"enemies":"3 Shapes","floor":35,"turns":2},{"damage":0,"enemies":"Orb Walker","floor":36,"turns":2},{"damage":6,"enemies":"Maw","floor":37,"turns":5},{"damage":0,"enemies":"Transient","floor":39,"turns":5},{"damage":6,"enemies":"Reptomancer","floor":40,"turns":6}],"seed_played":"-6629586602626396757","potions_obtained":[{"floor":7.0,"key":"CunningPotion"},{"floor":11.0,"key":"AttackPotion"},{"floor":18.0,"key":"Ancient Potion"},{"floor":21.0,"key":"DuplicationPotion"},{"floor":31.0,"key":"Swift Potion"},{"floor":37,"key":"EssenceOfSteel"}],"is_trial":false,"path_per_floor":["M","?","$","M","?","R","E","?","T","R","M","R","M","T","R","B",null,"M","M","$","M","M","R","?","E","T","R","M","$","?","M","R","B",null,"M","M","M","?","M","E"],"character_chosen":"THE_SILENT","items_purchased":["Well Laid Plans"],"campfire_rested":0,"item_purchase_floors":[29],"current_hp_per_floor":[59,59,59,59,46,46,46,39,39,39,39,39,38,38,38,19,54,52,52,52,50,52,52,52,46,46,55,45,45,45,45,54,24,62,62,64,60,60,62,56,56],"gold":213,"neow_bonus":"THREE_ENEMY_KILL","is_daily":false,"chose_seed":false,"campfire_upgraded":7,"win_rate":0.0,"timestamp":1608116725,"path_taken":["M","?","$","?","?","R","E","?","T","R","M","R","M","?","R","BOSS","M","M","$","M","M","R","?","E","T","R","M","$","?","?","R","BOSS","M","M","M","?","M","E"],"items_purchased_type":["Card"],"build_version":"2020-12-13","purchased_purges":3,"victory":false,"max_hp_per_floor":[66,66,66,66,66,66,66,66,66,66,66,66,66,66,66,66,66,66,68,68,68,70,70,70,72,72,72,74,74,74,74,74,74,74,74,76,78,78,80,80,80],"card_choices":[{"not_picked":["Acrobatics","Dagger Spray"],"picked":"Prepared","floor":1.0},{"not_picked":["Bane","Deadly Poison","Deflect"],"picked":"SKIP","floor":4.0},{"not_picked":["Bane","Deflect"],"picked":"Deadly Poison","floor":4.0},{"not_picked":["Blade Dance","Terror"],"picked":"Calculated Gamble","floor":7.0},{"not_picked":["Deflect","Terror","Quick Slash"],"picked":"SKIP","floor":11.0},{"not_picked":["Deadly Poison","Acrobatics"],"picked":"Bane","floor":13.0},{"not_picked":["Glass Knife","Adrenaline"],"picked":"Corpse Explosion","floor":16.0},{"not_picked":["Dagger Throw","Poisoned Stab"],"picked":"Footwork","floor":18.0},{"not_picked":["Prepared","Blade Dance","PiercingWail"],"picked":"Singing Bowl","floor":19.0},{"not_picked":["Poisoned Stab","Deadly Poison+1"],"picked":"Acrobatics+1","floor":21.0},{"not_picked":["All Out Attack","Escape Plan","Dagger Throw"],"picked":"Singing Bowl","floor":22.0},{"not_picked":["All Out Attack","Riddle With Holes","Blade Dance"],"picked":"Singing Bowl","floor":25.0},{"not_picked":["Concentrate","Noxious Fumes","Backstab+1"],"picked":"Singing Bowl","floor":28.0},{"not_picked":["Underhanded Strike","Prepared"],"picked":"Adrenaline","floor":31.0},{"not_picked":["Corpse Explosion","Envenom"],"picked":"Night Terror","floor":33.0},{"not_picked":["Deflect+1","Outmaneuver+1"],"picked":"Reflex","floor":35},{"not_picked":["Poisoned Stab","Backstab","Dodge and Roll"],"picked":"Singing Bowl","floor":36},{"not_picked":["Flying Knee","Slice+1","Quick Slash"],"picked":"Singing Bowl","floor":37},{"not_picked":["Blade Dance","Flying Knee","Deflect+1"],"picked":"Singing Bowl","floor":39}],"player_experience":424016,"relics_obtained":[{"floor":7.0,"key":"Orichalcum"},{"floor":9.0,"key":"StoneCalendar"},{"floor":14.0,"key":"Singing Bowl"},{"floor":25.0,"key":"Akabeko"},{"floor":26.0,"key":"Eternal Feather"}],"event_choices":[{"cards_removed":["Defend_G"],"damage_healed":0.0,"max_hp_gain":0.0,"max_hp_loss":0.0,"gold_gain":0.0,"event_name":"Purifier","player_choice":"Purged","floor":2.0,"gold_loss":0.0,"damage_taken":0.0},{"damage_healed":0.0,"max_hp_gain":0.0,"max_hp_loss":0.0,"gold_gain":0.0,"event_name":"Shining Light","player_choice":"Entered Light","floor":5.0,"gold_loss":0.0,"damage_taken":13.0,"cards_upgraded":["Deadly Poison","Strike_G"]},{"cards_removed":["Defend_G"],"damage_healed":0.0,"max_hp_gain":0.0,"max_hp_loss":0.0,"gold_gain":0.0,"event_name":"Golden Wing","player_choice":"Card Removal","floor":8.0,"gold_loss":0.0,"damage_taken":7.0},{"damage_healed":0.0,"max_hp_gain":0.0,"max_hp_loss":0.0,"gold_gain":0.0,"event_name":"Ghosts","player_choice":"Ignored","floor":24.0,"gold_loss":0.0,"damage_taken":0.0},{"cards_removed":["Defend_G"],"damage_healed":0.0,"max_hp_gain":0.0,"max_hp_loss":0.0,"gold_gain":0.0,"event_name":"Bonfire Elementals","player_choice":"Offered Basic","floor":30.0,"gold_loss":0.0,"damage_taken":0.0},{"damage_healed":0,"gold_gain":0,"player_choice":"Ignored","damage_taken":0,"max_hp_gain":0,"max_hp_loss":0,"event_name":"Tomb of Lord Red Mask","floor":38,"gold_loss":0}],"is_beta":false,"boss_relics":[{"not_picked":["Empty Cage","Busted Crown"],"picked":"Astrolabe"},{"not_picked":["Calling Bell","SacredBark"],"picked":"Philosopher\u0027s Stone"}],"items_purged_floors":[3,20,29],"is_endless":false,"potions_floor_spawned":[7,11,18,21,31,37,39],"killed_by":"Reptomancer","ascension_level":14}}