{"host":"drk0p5jtlzl1xmwe","time":1608111566,"event":{"mods":["2.2 Compatiblity","AchievementEnabler","Act Like it!","Bard","BaseMod","Better Note","Better Vampires","Ekko","Friendly Minions","Hermit","Hubris","Infinite Spire","Luminous","Marisa????????","Minty Spire (QoL Compilation)","Rare Cards Sparkle","Relic Stats","Replay The Spire","Shade Mod","StSLib","The Animator","The Bug Knight","The Cursed","The Disciple","The Gatherer","The Servant 0.9.4","The Spell Scribe"],"gold_per_floor":[118,118,135,151,165,165,125,125,125,160,171,197,209,64,64,162,162,182,197,66,76,24,24,24],"floor_reached":23,"playtime":913,"items_purged":[],"score":233,"play_id":"81dfc694-e0ce-4e25-a4a8-b79e92abdc5b","local_time":"20201216093926","is_ascension_mode":true,"campfire_choices":[{"data":"Whirlwind","floor":6,"key":"SMITH"},{"floor":8,"key":"REST"},{"data":"Iron Wave","floor":15,"key":"SMITH"}],"circlet_count":0,"master_deck":["Strike_R","Strike_R","Strike_R","Strike_R","Strike_R","Defend_R","Defend_R","Defend_R","Defend_R","Bash","Body Slam","Whirlwind+1","infinitespire:Menacing","ReplayTheSpireMod:Muscle Training","Iron Wave+1","Feed","Shrug It Off","Impervious","Rupture","Seeing Red","Fire Breathing+1","Spot Weakness","Flex"],"relics":["Burning Blood","hubris:PeanutButter","Darkstone Periapt","Pantograph","Blue Doll","hubris:TerracottaHorce"],"acts_visited":["Exordium","TheCity"],"potions_floor_usage":[5,10,10,12,13,16,18,21],"damage_taken":[{"damage":0,"enemies":"2 Louse","floor":1,"turns":3},{"damage":6,"enemies":"Cultist","floor":3,"turns":4},{"damage":13,"enemies":"Jaw Worm","floor":4,"turns":3},{"damage":34,"enemies":"Exordium Wildlife","floor":5,"turns":4},{"damage":20,"enemies":"Gremlin Nob","floor":10,"turns":5},{"damage":12,"enemies":"3 Louse","floor":11,"turns":3},{"damage":13,"enemies":"Lagavulin","floor":12,"turns":4},{"damage":1,"enemies":"2 Fungi Beasts","floor":13,"turns":2},{"damage":89,"enemies":"Fading Forest","floor":16,"turns":11},{"damage":21,"enemies":"Spheric Guardian","floor":18,"turns":5},{"damage":0,"enemies":"2 Thieves","floor":19,"turns":4},{"damage":38,"enemies":"Sentry and Sphere","floor":21,"turns":6},{"damage":38,"enemies":"Nightmare","floor":23,"turns":8}],"seed_played":"461125724210703034","potions_obtained":[{"floor":4,"key":"AttackPotion"},{"floor":7,"key":"SkillPotion"},{"floor":7,"key":"infinitespire:BlackPotion"},{"floor":7,"key":"FairyPotion"},{"floor":10,"key":"FearPotion"},{"floor":11,"key":"Energy Potion"},{"floor":12,"key":"Explosive Potion"},{"floor":16,"key":"PowerPotion"},{"floor":19,"key":"Fire Potion"}],"is_trial":false,"path_per_floor":["M","?","M","M","M","R","?","R","T","E","M","E","M","$","R","B",null,"M","M","$","M","$","NM"],"character_chosen":"IRONCLAD","items_purchased":["Blue Doll","Seeing Red","Fire Breathing+1","Flex"],"campfire_rested":1,"item_purchase_floors":[14,20,20,22],"current_hp_per_floor":[80,60,60,53,25,25,25,49,49,35,29,22,30,30,30,19,67,52,61,61,29,29,0,0],"gold":24,"neow_bonus":"THREE_CARDS","is_daily":false,"chose_seed":false,"campfire_upgraded":2,"win_rate":0.0,"timestamp":1608111566,"path_taken":["M","?","M","M","M","R","?","R","T","E","?","E","M","$","R","BOSS","M","M","$","M","$","NM"],"items_purchased_type":["Relic","Card","Card","Card"],"build_version":"2020-12-13","purchased_purges":0,"victory":false,"max_hp_per_floor":[80,80,80,80,80,80,80,80,80,80,80,80,83,83,83,83,83,83,86,86,86,86,86,86],"relic_stats":{"Darkstone Periapt":0,"counters":[13,62],"Pantograph":25,"obtain_stats":[{"Darkstone Periapt":10,"Pantograph":12,"hubris:PeanutButter":9,"Blue Doll":14,"Burning Blood":0,"hubris:TerracottaHorce":17},{"Darkstone Periapt":5,"Pantograph":7,"hubris:PeanutButter":4,"Blue Doll":8,"Burning Blood":0,"hubris:TerracottaHorce":9},{"Darkstone Periapt":19,"Pantograph":26,"hubris:PeanutButter":14,"Blue Doll":28,"Burning Blood":0,"hubris:TerracottaHorce":39}],"Burning Blood":66},"card_choices":[{"not_picked":["Shrug It Off","ReplayTheSpireMod:Strike From Hell"],"picked":"Body Slam","floor":0},{"not_picked":["Headbutt","Flex"],"picked":"Whirlwind","floor":1},{"not_picked":["infinitespire:UltimateForm","ReplayTheSpireMod:??????????????????????"],"picked":"infinitespire:Menacing","floor":2},{"not_picked":["Anger","Twin Strike"],"picked":"ReplayTheSpireMod:Muscle Training","floor":3},{"not_picked":["ReplayTheSpireMod:Strike From Hell","Twin Strike"],"picked":"Iron Wave","floor":4},{"not_picked":["Power Through","Sentinel","Twin Strike"],"picked":"SKIP","floor":5},{"not_picked":["Headbutt","Life Link","Armaments"],"picked":"SKIP","floor":10},{"not_picked":["Blood for Blood","Power Through","Second Wind"],"picked":"SKIP","floor":11},{"not_picked":["Shrug It Off","Pommel Strike"],"picked":"Feed","floor":12},{"not_picked":["ReplayTheSpireMod:Strike From Hell","Replay:Undeath\u0027s Touch"],"picked":"Shrug It Off","floor":13},{"not_picked":["Exhume","Brutality"],"picked":"Impervious","floor":16},{"not_picked":["Iron Wave","ReplayTheSpireMod:Strike From Hell","Wild Strike"],"picked":"SKIP","floor":18},{"not_picked":["True Grit","Twin Strike"],"picked":"Rupture","floor":19},{"not_picked":["Power Through","ReplayTheSpireMod:Muscle Training+1"],"picked":"Spot Weakness","floor":21}],"player_experience":645686,"relics_obtained":[{"floor":9,"key":"hubris:PeanutButter"},{"floor":10,"key":"Darkstone Periapt"},{"floor":12,"key":"Pantograph"}],"event_choices":[{"damage_healed":0,"gold_gain":0,"player_choice":"Bought 3 Potions","damage_taken":0,"max_hp_gain":0,"max_hp_loss":0,"event_name":"The Woman in Blue","floor":7,"gold_loss":0}],"is_beta":false,"boss_relics":[{"not_picked":["Mark of Pain","Kintsugi"],"picked":"hubris:TerracottaHorce"}],"items_purged_floors":[],"is_endless":false,"potions_floor_spawned":[4,10,11,12,16,19],"killed_by":"Nightmare","ascension_level":3}}