{"host":"ek3xvuouaw6vk9if","time":1608086673,"event":{"mods":["BaseMod","Downfall","Minty Spire (QoL Compilation)","Permanent Neow","Quick Restart","Replay The Spire","StSLib"],"gold_per_floor":[0,61,61,77,106,106,133,133,133,164,182,200,210,210,221,323,323,323,408,443,460,378,392,392,406,406,441,341,341,341,361,373,474,474,474,493,493,518,518,548,548,581,581,615,615,124,174,192,209,209],"floor_reached":51,"playtime":2509,"items_purged":["champ:Strike","champ:Strike","champ:Strike"],"score":979,"play_id":"b0f8fc99-e1c2-4025-a533-cc0f84feef3c","local_time":"20201215214433","is_ascension_mode":true,"campfire_choices":[{"data":"champ:VampiricStrike","floor":1,"key":"SMITH"},{"data":"champ:Duel","floor":3,"key":"SMITH"},{"data":"champ:Taunt","floor":6,"key":"SMITH"},{"data":"champ:Encircle","floor":9,"key":"SMITH"},{"data":"champ:BerserkerStyle","floor":18,"key":"SMITH"},{"data":"champ:LastStand","floor":26,"key":"SMITH"},{"data":"champ:SwordThrow","floor":35,"key":"SMITH"},{"data":"champ:RecklessLeap","floor":37,"key":"SMITH"},{"data":"champ:Execute","floor":39,"key":"SMITH"}],"circlet_count":0,"master_deck":["champ:Defend","champ:Defend+1","champ:Defend+1","champ:Defend","champ:Execute+1","champ:Taunt+1","champ:VampiricStrike+1","champ:Duel+1","champ:Encircle+1","champ:Encircle+1","champ:BerserkerStyle+1","champ:Aggression+1","champ:LastStand+1","champ:RecklessLeap+1","champ:AdrenalArmor+1","champ:ArenaPreparation+1","champ:SwordThrow+1","champ:AdrenalArmor+1","champ:BerserkerStyle"],"relics":["champ:ChampionCrown","Onion Ring","Toxic Egg 2","Pen Nib","expansioncontent:StudyCardRelic","BranchBurnRelic","StrikeDummy","Lantern","Anchor","Question Card","Replay:WaspNest","Nilry\u0027s Codex","Painkiller Herb","Letter Opener","Potion Belt","Replay:Accelerometer","White Beast Statue","MealTicket","War Paint","HandDrill","Replay:Towering Pillar of Hats"],"acts_visited":["Exordium","TheCity","TheBeyond"],"potions_floor_usage":[50,50],"damage_taken":[{"damage":0,"enemies":"Cultist","floor":4,"turns":3},{"damage":34,"enemies":"Lagavulin","floor":5,"turns":7},{"damage":38,"enemies":"3 Sentries","floor":10,"turns":3},{"damage":0,"enemies":"Small Slimes","floor":11,"turns":1},{"damage":11,"enemies":"2 Louse","floor":12,"turns":2},{"damage":2,"enemies":"Red Slaver","floor":13,"turns":2},{"damage":6,"enemies":"2 Fungi Beasts","floor":15,"turns":2},{"damage":86,"enemies":"downfall:Silent","floor":16,"turns":5},{"damage":55,"enemies":"Gremlin Leader","floor":20,"turns":3},{"damage":28,"enemies":"Chosen","floor":21,"turns":4},{"damage":62,"enemies":"downfall:FleeingMerchant","floor":22,"turns":4},{"damage":35,"enemies":"Centurion and Healer","floor":23,"turns":3},{"damage":60,"enemies":"Cultist and Chosen","floor":25,"turns":3},{"damage":53,"enemies":"Replay:Snechameleon","floor":27,"turns":3},{"damage":39,"enemies":"Snecko","floor":31,"turns":3},{"damage":23,"enemies":"Snake Plant","floor":32,"turns":1},{"damage":57,"enemies":"downfall:Defect","floor":33,"turns":3},{"damage":18,"enemies":"Orb Walker","floor":36,"turns":2},{"damage":51,"enemies":"Nemesis","floor":38,"turns":3},{"damage":70,"enemies":"R_Hoarder","floor":40,"turns":4},{"damage":69,"enemies":"Nemesis","floor":42,"turns":5},{"damage":65,"enemies":"R_Hoarder","floor":44,"turns":4},{"damage":72,"enemies":"Mind Bloom Boss Battle","floor":47,"turns":3},{"damage":51,"enemies":"3 Darklings","floor":48,"turns":2},{"damage":109,"enemies":"Transient","floor":49,"turns":5},{"damage":57,"enemies":"downfall:Watcher","floor":50,"turns":2}],"seed_played":"1722731242907663381","potions_obtained":[{"floor":2,"key":"Dexterity Potion"},{"floor":5,"key":"Elixir"},{"floor":13,"key":"BlessingOfTheForge"},{"floor":15,"key":"Energy Potion"},{"floor":27,"key":"Strength Potion"},{"floor":36,"key":"Venom Potion"},{"floor":40,"key":"champ:CounterPotion"},{"floor":44,"key":"Strength Potion"},{"floor":47,"key":"LifebloodPotion"}],"is_trial":false,"path_per_floor":["R","?","R","M","E","R","T","?","R","E","M","M","M","?","M","B",null,"R","?","E","M","$","M","T","M","R","E","$","?","?","M","M","B",null,"T","?","T","E","T","E","T","E","?","E","?","T","?","?","?","B",null],"character_chosen":"THE_CHAMP","items_purchased":["Lantern","Anchor","War Paint","HandDrill","champ:BerserkerStyle"],"campfire_rested":0,"item_purchase_floors":[22,22,46,46,46],"current_hp_per_floor":[90,54,54,75,81,81,81,81,81,71,90,90,90,95,93,72,95,95,77,73,95,95,95,95,95,95,95,95,79,79,79,79,95,95,95,95,95,95,95,95,95,57,57,92,92,95,95,95,95,85],"gold":209,"neow_bonus":"THREE_RARE_CARDS","is_daily":false,"chose_seed":false,"campfire_upgraded":9,"win_rate":0.0,"timestamp":1608086673,"path_taken":["R","?","R","M","E","R","T","?","R","E","?","M","M","?","M","BOSS","R","?","E","M","$","M","T","M","R","E","$","?","?","?","M","BOSS","T","?","T","E","T","E","T","E","?","E","?","?","?","?","?","BOSS"],"items_purchased_type":["Relic","Relic","Relic","Relic","Card"],"build_version":"2020-12-13","purchased_purges":3,"victory":true,"max_hp_per_floor":[90,90,90,90,90,90,90,90,90,90,90,90,90,95,95,95,95,95,95,95,95,95,95,95,95,95,95,95,95,95,95,95,95,95,95,95,95,95,95,95,95,95,95,95,95,95,95,95,95,95],"card_choices":[{"not_picked":["champ:CrownThrow","champ:SteelEdge"],"picked":"champ:VampiricStrike","floor":0},{"not_picked":["champ:FanOfKnives","champ:Backstep"],"picked":"champ:Duel","floor":2},{"not_picked":["champ:AdrenalArmor","champ:ShieldWall"],"picked":"champ:Encircle","floor":4},{"not_picked":["champ:CrookedStrike","champ:FlashCut"],"picked":"champ:Encircle","floor":5},{"not_picked":["champ:ShieldWall","champ:Riposte+1","champ:GladiatorsShout+1"],"picked":"SKIP","floor":10},{"not_picked":["champ:Riposte+1","champ:ShieldThrow"],"picked":"champ:BerserkerStyle","floor":11},{"not_picked":["champ:BerserkerStyle","champ:GladiatorStyle","champ:IronFortress"],"picked":"SKIP","floor":12},{"not_picked":["champ:DefensiveShout+1","champ:Haymaker","champ:PerfectedStrike"],"picked":"SKIP","floor":13},{"not_picked":["champ:PreciseThrust","champ:DefensiveShout+1"],"picked":"champ:Aggression+1","floor":15},{"not_picked":["champ:SteelEdge","champ:HoldFirm+1"],"picked":"champ:LastStand","floor":16},{"not_picked":["champ:DefensiveStyle","champ:StanceDance+1"],"picked":"champ:RecklessLeap","floor":20},{"not_picked":["champ:Circumvent+1","champ:BladeFlurry"],"picked":"champ:AdrenalArmor+1","floor":21},{"not_picked":["champ:Haymaker","champ:ShieldSlam"],"picked":"champ:ArenaPreparation+1","floor":22},{"not_picked":["champ:GladiatorsShout+1","champ:RapidStrikes","champ:StanceDance+1"],"picked":"SKIP","floor":23},{"not_picked":["champ:EnragedBash","champ:StanceDance+1","champ:FocusedGladiator+1","champ:DeathBlow"],"picked":"SKIP","floor":25},{"not_picked":["champ:TornadoPunch","champ:FocusedGladiator+1","champ:ViciousMockery+1","champ:BerserkerStyle"],"picked":"SKIP","floor":27},{"not_picked":["champ:DefensiveStyle","champ:TornadoPunch","champ:StanceDance+1","champ:ArenaPreparation+1"],"picked":"SKIP","floor":31},{"not_picked":["champ:BladeFlurry","champ:HeartStrike+1","champ:IronFortress","champ:Aggression+1"],"picked":"SKIP","floor":32},{"not_picked":["champ:MurderStrike","champ:ShieldThrow","champ:Improvising"],"picked":"champ:SwordThrow","floor":33},{"not_picked":["champ:DefensiveShout+1","champ:CrookedStrike+1","champ:ShieldWall+1","champ:ViciousMockery+1"],"picked":"SKIP","floor":36},{"not_picked":["champ:FalseCounter+1","champ:TornadoPunch","champ:PerfectedStrike+1","champ:GutPunch+1"],"picked":"SKIP","floor":38},{"not_picked":["champ:FocusedGladiator+1","champ:BladeFlurry+1","champ:HeavySlash"],"picked":"champ:AdrenalArmor+1","floor":40},{"not_picked":["champ:AdrenalArmor+1","champ:PerfectedStrike+1","champ:FanOfKnives+1","champ:Circumvent+1"],"picked":"SKIP","floor":42},{"not_picked":["champ:Shatter+1","champ:EnGarde+1","champ:IgnorePain+1","champ:BladeFlurry+1"],"picked":"SKIP","floor":44},{"not_picked":["champ:DefensiveShout+1","champ:Backstep+1","champ:BringItOn+1","champ:PerfectedStrike"],"picked":"SKIP","floor":48},{"not_picked":["champ:StanceDance+1","champ:BladeFlurry","champ:Haymaker","champ:GutPunch"],"picked":"SKIP","floor":49}],"player_experience":681105,"relics_obtained":[{"floor":2,"key":"Onion Ring"},{"floor":5,"key":"Toxic Egg 2"},{"floor":7,"key":"Pen Nib"},{"floor":10,"key":"Dead Branch"},{"floor":20,"key":"StrikeDummy"},{"floor":24,"key":"Question Card"},{"floor":27,"key":"Replay:WaspNest"},{"floor":29,"key":"Nilry\u0027s Codex"},{"floor":38,"key":"Letter Opener"},{"floor":40,"key":"Potion Belt"},{"floor":41,"key":"Replay:Accelerometer"},{"floor":42,"key":"White Beast Statue"},{"floor":44,"key":"MealTicket"},{"floor":47,"key":"Replay:Towering Pillar of Hats"}],"event_choices":[{"damage_healed":0,"gold_gain":0,"player_choice":"Forge","damage_taken":0,"max_hp_gain":0,"max_hp_loss":0,"event_name":"Accursed Blacksmith","floor":8,"gold_loss":0,"cards_upgraded":["champ:Encircle"]},{"damage_healed":0,"gold_gain":0,"player_choice":"Donut","damage_taken":0,"max_hp_gain":5,"max_hp_loss":0,"event_name":"Big Fish","floor":14,"gold_loss":0},{"cards_removed":["champ:Strike"],"damage_healed":0,"gold_gain":0,"player_choice":"Elegance","damage_taken":0,"max_hp_gain":0,"max_hp_loss":0,"event_name":"Back to Basics","floor":30,"gold_loss":0}],"is_beta":false,"boss_relics":[{"not_picked":["ChewingGum","Runic Dome"],"picked":"expansioncontent:StudyCardRelic"},{"not_picked":["Ring of Chaos","Replay:Grab Bag"],"picked":"Painkiller Herb"}],"items_purged_floors":[22,28,46],"is_endless":false,"potions_floor_spawned":[5,13,15,21,23,27,32,36,38,40,44,47,48,49],"ascension_level":1}}