{"host":"nox","time":1608113093,"event":{"mods":["BaseMod","Colored Powertips","Minty Spire (QoL Compilation)","Quick Restart","Replay The Spire","StSLib"],"gold_per_floor":[112,112,363,323,338,338,372,372,372,396,422,440,481,500,500,500,500],"floor_reached":16,"playtime":602,"items_purged":[],"score":132,"play_id":"e331b7d6-198b-400a-9d8c-699f49c453c3","local_time":"20201216170453","is_ascension_mode":true,"campfire_choices":[{"data":"Endless Agony","floor":6,"key":"SMITH"},{"floor":15,"key":"REST"}],"circlet_count":0,"master_deck":["Strike_G","Strike_G","Strike_G","Strike_G","Defend_G","Defend_G+1","Defend_G","Defend_G","Defend_G+1","Survivor","Neutralize","Endless Agony+1","Expertise","Flechettes"],"relics":["Ring of the Snake","Golden Idol","Gremlin Horn","Oddly Smooth Stone","Simple Rune"],"acts_visited":["Exordium"],"potions_floor_usage":[7,7,12,12,12,13,13,16],"damage_taken":[{"damage":0.0,"enemies":"Small Slimes","floor":1.0,"turns":4.0},{"damage":3,"enemies":"Jaw Worm","floor":5,"turns":4},{"damage":17,"enemies":"Lagavulin","floor":7,"turns":7},{"damage":0,"enemies":"2 Louse","floor":10,"turns":2},{"damage":14,"enemies":"Exordium Thugs","floor":12,"turns":5},{"damage":8,"enemies":"3 Sentries","floor":13,"turns":13},{"damage":0,"enemies":"Blue Slaver","floor":14,"turns":4},{"damage":30,"enemies":"Hexaghost","floor":16,"turns":12}],"seed_played":"-3222548460716664469","potions_obtained":[{"floor":4,"key":"FearPotion"},{"floor":4,"key":"LiquidMemories"},{"floor":4,"key":"EntropicBrew"},{"floor":10,"key":"FearPotion"},{"floor":12,"key":"Ancient Potion"},{"floor":13,"key":"Reflective Coating"}],"is_trial":false,"path_per_floor":["M","?","?","?","M","R","E","?","T","M","T","M","E","M","R","B"],"character_chosen":"THE_SILENT","items_purchased":[],"campfire_rested":1,"item_purchase_floors":[],"current_hp_per_floor":[77,71,54,54,51,51,34,34,34,34,34,20,12,12,33,3,3],"gold":500,"neow_bonus":"TEN_PERCENT_HP_BONUS","is_daily":false,"chose_seed":false,"campfire_upgraded":1,"win_rate":0.0,"timestamp":1608113093,"path_taken":["M","?","?","?","?","R","E","?","T","M","?","M","E","M","R","BOSS"],"items_purchased_type":[],"build_version":"2020-11-17","purchased_purges":0,"victory":false,"max_hp_per_floor":[77,71,71,71,71,71,71,71,71,71,71,71,71,71,71,71,71],"card_choices":[{"not_picked":["Backflip","Poisoned Stab"],"picked":"Endless Agony","floor":1.0},{"not_picked":["Skewer","Slice","Underhanded Strike"],"picked":"SKIP","floor":5},{"not_picked":["Distraction","Flying Knee","Accuracy"],"picked":"SKIP","floor":7},{"not_picked":["Crippling Poison","Distraction"],"picked":"Expertise","floor":10},{"not_picked":["Quick Slash","Deflect","Backflip"],"picked":"SKIP","floor":12},{"not_picked":["Prepared","ReplayTheSpireMod:Exploit Weakness","ReplayTheSpireMod:From All Sides"],"picked":"SKIP","floor":13},{"not_picked":["Backflip","Dagger Spray"],"picked":"Flechettes","floor":14}],"player_experience":129478,"relics_obtained":[{"floor":7,"key":"Gremlin Horn"},{"floor":11,"key":"Oddly Smooth Stone"},{"floor":13,"key":"Simple Rune"}],"event_choices":[{"damage_healed":0.0,"max_hp_gain":0.0,"max_hp_loss":6.0,"gold_gain":0.0,"event_name":"Golden Idol","player_choice":"Lose Max HP","floor":2.0,"gold_loss":0.0,"damage_taken":0.0,"relics_obtained":["Golden Idol"]},{"damage_healed":0,"gold_gain":0,"player_choice":"Bought 3 Potions","damage_taken":0,"max_hp_gain":0,"max_hp_loss":0,"event_name":"The Woman in Blue","floor":4,"gold_loss":0},{"cards_removed":["Strike_G"],"damage_healed":0,"gold_gain":0,"player_choice":"Forget","damage_taken":0,"max_hp_gain":0,"max_hp_loss":0,"event_name":"Living Wall","floor":8,"gold_loss":0}],"is_beta":true,"boss_relics":[],"items_purged_floors":[],"is_endless":false,"potions_floor_spawned":[10,12,13],"killed_by":"Hexaghost","ascension_level":4}}