{"host":"4pmzrw6j7p9u06vv","time":1608161137,"event":{"mods":["BaseMod","BetterRewards","Downfall","Hermit","MarisaÅiñ∂âJÅ@ñÇóùçπÅj","Minty Spire (QoL Compilation)","Replay The Spire","StSLib","The Jungle"],"gold_per_floor":[114,114,130,130,142,168,24,24,51,51,51,61,61,81,81,181,181,198,248,188,168,182,182,197,217,217,228,260,11,11,11],"floor_reached":30,"playtime":1346,"items_purged":["Strike_B","Decay"],"score":350,"play_id":"d0eb0128-af37-41e5-8852-dfd29091f222","local_time":"20201216202537","is_ascension_mode":false,"campfire_choices":[{"floor":8,"key":"REST"},{"floor":10,"key":"RECALL"},{"floor":13,"key":"REST"},{"data":"Multi-Cast","floor":15,"key":"SMITH"},{"floor":23,"key":"REST"}],"circlet_count":0,"master_deck":["Strike_B","Strike_B","Defend_B","Defend_B","Defend_B","Defend_B","Zap","Dualcast","FTL","Static Discharge+1","Multi-Cast+1","Reinforced Body","Buffer","Gash+1","Conserve Battery+1","Thunder Strike","Fission"],"relics":["Cracked Core","ClockworkSouvenir","Orichalcum","Replay:Baseball","Replay:Mystery Machine","Fusion Hammer","ReplayTheSpireMod:CursedCoin","Pantograph","Divine Protection"],"acts_visited":["Exordium","TheCity"],"potions_floor_usage":[16,16,27,28,30,30],"damage_taken":[{"damage":0,"enemies":"Cultist","floor":1,"turns":3},{"damage":5,"enemies":"Small Slimes","floor":3,"turns":3},{"damage":2,"enemies":"2 Louse","floor":5,"turns":2},{"damage":31,"enemies":"Gremlin Nob","floor":6,"turns":4},{"damage":11,"enemies":"Large Slime","floor":12,"turns":3},{"damage":0,"enemies":"Exordium Thugs","floor":14,"turns":4},{"damage":20,"enemies":"Fading Forest","floor":16,"turns":11},{"damage":26,"enemies":"2 Thieves","floor":18,"turns":4},{"damage":4,"enemies":"Chosen","floor":22,"turns":4},{"damage":4,"enemies":"Snecko","floor":24,"turns":6},{"damage":9,"enemies":"Centurion and Healer","floor":25,"turns":8},{"damage":11,"enemies":"Cultist and Chosen","floor":27,"turns":7},{"damage":12,"enemies":"Book of Stabbing","floor":28,"turns":3},{"damage":36,"enemies":"Gremlin Leader","floor":30,"turns":2}],"seed_played":"-9129403903434988489","potions_obtained":[{"floor":3,"key":"ColorlessPotion"},{"floor":18,"key":"BlessingOfTheForge"},{"floor":21,"key":"EssenceOfDarkness"},{"floor":27,"key":"LiquidMemories"},{"floor":28,"key":"BlessingOfTheForge"}],"is_trial":false,"path_per_floor":["M","$","M","?","M","E","$","R","T","R","?","M","R","M","R","B",null,"M","$","?","?","M","R","M","M","T","M","E","$","E"],"character_chosen":"DEFECT","items_purchased":["ClockworkSouvenir","FTL","ColorlessPotion","Guardian:BlockOnCardUsePotion","Replay:Baseball","ReplayTheSpireMod:CursedCoin","Divine Protection"],"campfire_rested":3,"item_purchase_floors":[0,0,0,0,7,19,29],"current_hp_per_floor":[54,54,49,49,47,16,16,38,38,38,38,27,49,49,49,39,75,49,49,49,49,45,67,63,54,54,43,31,31,0,0],"gold":11,"neow_bonus":"","is_daily":false,"chose_seed":false,"campfire_upgraded":1,"win_rate":0.0,"timestamp":1608161137,"path_taken":["M","?","M","?","M","E","$","R","T","R","?","M","R","M","R","BOSS","M","$","?","?","M","R","?","M","T","M","E","$","E"],"items_purchased_type":["Relic","Card","Potion","Potion","Relic","Relic","Relic"],"build_version":"2020-12-13","purchased_purges":2,"victory":false,"max_hp_per_floor":[75,75,75,75,75,75,75,75,75,75,75,75,75,75,75,75,75,75,75,75,75,75,75,75,75,75,75,75,75,75,75],"card_choices":[{"not_picked":["Storm","BasicCrystalCard","Rebound"],"picked":"SKIP","floor":1},{"not_picked":["Reprogram","BasicCrystalCard","Coolheaded"],"picked":"SKIP","floor":3},{"not_picked":["Redo","Leap","Sunder"],"picked":"SKIP","floor":5},{"not_picked":["Steam","ReplaySolidLightProjector"],"picked":"Multi-Cast","floor":6},{"not_picked":["Barrage","Cold Snap","Defragment"],"picked":"SKIP","floor":12},{"not_picked":["Cold Snap","Beam Cell"],"picked":"Reinforced Body","floor":14},{"not_picked":["Meteor Strike","Machine Learning"],"picked":"Buffer","floor":16},{"not_picked":["Static Discharge+1","Redo"],"picked":"Gash+1","floor":18},{"not_picked":["Cold Snap+1","ReplayGash+1","Coolheaded+1"],"picked":"SKIP","floor":22},{"not_picked":["Cold Snap","Turbo"],"picked":"Conserve Battery+1","floor":24},{"not_picked":["Conserve Battery","Coolheaded","Sweeping Beam"],"picked":"SKIP","floor":25},{"not_picked":["Panic Button","Doom and Gloom"],"picked":"Thunder Strike","floor":27},{"not_picked":["Steam","Beam Cell"],"picked":"Fission","floor":28}],"player_experience":38756,"relics_obtained":[{"floor":6,"key":"Orichalcum"},{"floor":9,"key":"Replay:Mystery Machine"},{"floor":28,"key":"Pantograph"}],"event_choices":[{"damage_healed":0,"gold_gain":0,"player_choice":"Bought 1 Potion","damage_taken":0,"max_hp_gain":0,"max_hp_loss":0,"event_name":"The Woman in Blue","floor":21,"gold_loss":0}],"is_beta":false,"boss_relics":[{"not_picked":["Ectoplasm","Astrolabe"],"picked":"Fusion Hammer"}],"items_purged_floors":[0,19],"is_endless":false,"potions_floor_spawned":[3,6,18,27,28],"killed_by":"Gremlin Leader","ascension_level":0}}