{"host":"l2dnabsh5e0fsksb","time":1608094264,"event":{"mods":["2.2 Compatiblity","BaseMod","Downfall","Minty Spire (QoL Compilation)","Quick Restart","StSLib"],"gold_per_floor":[99,99,157,157,32,64,133,8,8,40,50,67,77,62,79,79,79],"floor_reached":16,"playtime":392,"items_purged":[],"score":271,"play_id":"2273cb97-17d9-4e73-9851-116fd26e3d1b","local_time":"20201216152104","is_ascension_mode":true,"campfire_choices":[{"floor":1,"key":"RECALL"},{"data":"Slimebound:Split","floor":5,"key":"SMITH"},{"data":"Slimebound:CorrosiveSpit","floor":8,"key":"SMITH"}],"circlet_count":0,"master_deck":["AscendersBane","Slimebound:Strike_Slimebound","Slimebound:Strike_Slimebound","Slimebound:Strike_Slimebound","Slimebound:Defend_Slimebound","Slimebound:Defend_Slimebound","Slimebound:Defend_Slimebound","Slimebound:Defend_Slimebound","Slimebound:Split+1","Slimebound:CorrosiveSpit+1","Slimebound:SplitLeeching","Slimebound:RainOfGoop","Slimebound:PressTheAttack","Slimebound:LevelUp","Slimebound:Teamwork","Slimebound:LeechEnergy","Slimebound:SplitLeeching","Slimebound:Nibble"],"relics":["Slimebound:AbsorbEndCombat","downfall:HeartsMalice","Slimebound:GreedOozeRelic","White Beast Statue","downfall:HeartBlessingRed","Mango","downfall:HeartBlessingBlue","Kunai"],"acts_visited":["Exordium"],"potions_floor_usage":[10,10,12,14,16],"damage_taken":[{"damage":0,"enemies":"Gremlin Nob","floor":3,"turns":1},{"damage":0,"enemies":"2 Louse","floor":4,"turns":1},{"damage":0,"enemies":"Gremlin Nob","floor":6,"turns":1},{"damage":20,"enemies":"Lagavulin","floor":10,"turns":5},{"damage":24,"enemies":"Small Slimes","floor":11,"turns":2},{"damage":16,"enemies":"Cultist","floor":12,"turns":3},{"damage":16,"enemies":"Lots of Slimes","floor":13,"turns":2},{"damage":19,"enemies":"downfall:FleeingMerchant","floor":14,"turns":4},{"damage":4,"enemies":"Large Slime","floor":15,"turns":4},{"damage":72,"enemies":"downfall:Defect","floor":16,"turns":5}],"seed_played":"8280112646446731439","potions_obtained":[{"floor":4,"key":"Weak Potion"},{"floor":6,"key":"CultistPotion"},{"floor":10,"key":"LiquidBronze"},{"floor":11,"key":"DuplicationPotion"},{"floor":12,"key":"SmokeBomb"},{"floor":13,"key":"Dexterity Potion"},{"floor":14,"key":"Ancient Potion"}],"is_trial":false,"path_per_floor":["R","?","?","M","R","E","T","R","?","E","M","M","M","$","M","B"],"character_chosen":"SLIMEBOUND","items_purchased":[],"campfire_rested":0,"item_purchase_floors":[],"current_hp_per_floor":[49,49,49,49,49,63,63,73,73,69,59,61,53,52,56,0,0],"gold":79,"neow_bonus":"THREE_ENEMY_KILL","is_daily":false,"chose_seed":false,"campfire_upgraded":2,"win_rate":0.0,"timestamp":1608094264,"path_taken":["R","?","?","M","R","E","T","R","?","E","?","M","M","?","M","BOSS"],"items_purchased_type":[],"build_version":"2020-12-13","purchased_purges":0,"victory":false,"max_hp_per_floor":[54,54,54,54,54,68,68,78,78,78,78,78,78,78,78,78,78],"card_choices":[{"not_picked":["Slimebound:RollThrough","Slimebound:GoopTackle"],"picked":"Slimebound:SplitLeeching","floor":3},{"not_picked":["Slimebound:FinishingTackle","Slimebound:SplitBruiser"],"picked":"Slimebound:RainOfGoop","floor":4},{"not_picked":["Slimebound:Equalize","Slimebound:LeechingTouch"],"picked":"Slimebound:PressTheAttack","floor":6},{"not_picked":["Slimebound:GoopSpray","Slimebound:FirmFortitude"],"picked":"Slimebound:LevelUp","floor":10},{"not_picked":["Slimebound:Chomp","Slimebound:Equalize"],"picked":"Slimebound:Teamwork","floor":11},{"not_picked":["Slimebound:Dissolve","Slimebound:ViciousTackle"],"picked":"Slimebound:LeechEnergy","floor":12},{"not_picked":["Slimebound:ComboTackle","Slimebound:LivingWall"],"picked":"Slimebound:SplitLeeching","floor":13},{"not_picked":["Slimebound:Equalize","Slimebound:ComboTackle"],"picked":"Slimebound:Nibble","floor":14},{"not_picked":["Slimebound:DisruptingSlam","Slimebound:Chomp","Slimebound:ViciousTackle"],"picked":"SKIP","floor":15}],"player_experience":1688565,"relics_obtained":[{"floor":3,"key":"White Beast Statue"},{"floor":6,"key":"Mango"},{"floor":10,"key":"Kunai"}],"event_choices":[{"cards_removed":["Slimebound:Tackle"],"damage_healed":0,"gold_gain":0,"player_choice":"Purged","damage_taken":0,"max_hp_gain":0,"max_hp_loss":0,"event_name":"Purifier","floor":9,"gold_loss":0}],"is_beta":false,"boss_relics":[],"items_purged_floors":[],"is_endless":false,"potions_floor_spawned":[4,6,10,11,12,13,14,15],"killed_by":"downfall:Defect","ascension_level":17}}