{"host":"5gc11emcm5chfr5t","time":1608109196,"event":{"mods":["2.2 Compatiblity","AchievementEnabler","BaseMod","Bestiary","Better Note","Colored Map","Colored Powertips","Downfall","Googly Eyes","Minty Spire (QoL Compilation)","Rare Cards Sparkle","StSLib"],"gold_per_floor":[99,99,99,134,134,150,231,265,22,22,35,50,64,81,94,94,94],"floor_reached":16,"playtime":547,"items_purged":["Pain"],"score":185,"play_id":"bc1377b8-fbcb-46ff-9434-61aa7b659278","local_time":"20201216035956","is_ascension_mode":true,"campfire_choices":[{"floor":1,"key":"RECALL"},{"floor":10,"key":"REST"}],"circlet_count":0,"master_deck":["sneckomod:Strike","sneckomod:Strike","sneckomod:Strike","sneckomod:Defend","sneckomod:Defend","sneckomod:Defend","sneckomod:TailWhip","sneckomod:SnekBite","sneckomod:Unknown","sneckomod:Unknown","sneckomod:SnakeSap","sneckomod:Unknown0Cost","sneckomod:SoulCleanse","sneckomod:Rotation","sneckomod:UnknownStrike","sneckomod:DiceBoulder","sneckomod:UnknownExhaust","sneckomod:UnknownRarePower","sneckomod:CheapStock","sneckomod:TrashToTreasure","sneckomod:UnknownBlock"],"relics":["sneckomod:SneckoSoul","downfall:HeartsMalice","WarpedTongs","Omamori","PreservedInsect","Vajra"],"acts_visited":["Exordium"],"potions_floor_usage":[8,13,15,15],"damage_taken":[{"damage":0,"enemies":"Jaw Worm","floor":2,"turns":1},{"damage":0,"enemies":"3 Sentries","floor":4,"turns":1},{"damage":0,"enemies":"Cultist","floor":5,"turns":1},{"damage":11,"enemies":"Small Slimes","floor":6,"turns":3},{"damage":42,"enemies":"Lagavulin","floor":8,"turns":6},{"damage":0,"enemies":"downfall:FleeingMerchant","floor":9,"turns":4},{"damage":11,"enemies":"Exordium Thugs","floor":11,"turns":2},{"damage":0,"enemies":"2 Fungi Beasts","floor":12,"turns":2},{"damage":13,"enemies":"Blue Slaver","floor":13,"turns":3},{"damage":9,"enemies":"Exordium Thugs","floor":14,"turns":2},{"damage":7,"enemies":"3 Louse","floor":15,"turns":2},{"damage":36,"enemies":"downfall:Defect","floor":16,"turns":4}],"seed_played":"-6638869302746528823","potions_obtained":[{"floor":4,"key":"LiquidBronze"},{"floor":6,"key":"sneckomod:DiceRollPotion"},{"floor":11,"key":"SteroidPotion"},{"floor":12,"key":"ColorlessPotion"},{"floor":14,"key":"SneckoOil"}],"is_trial":false,"path_per_floor":["R","M","?","E","M","M","T","E","$","R","M","M","M","M","M","B"],"character_chosen":"THE_SNECKO","items_purchased":["Vajra"],"campfire_rested":1,"item_purchase_floors":[9],"current_hp_per_floor":[81,81,81,82,82,71,71,32,32,59,49,50,37,28,22,0,0],"gold":94,"neow_bonus":"THREE_ENEMY_KILL","is_daily":false,"chose_seed":false,"campfire_upgraded":0,"win_rate":0.0,"timestamp":1608109196,"path_taken":["R","M","?","E","M","M","T","E","?","R","?","?","M","M","M","BOSS"],"items_purchased_type":["Relic"],"build_version":"2020-12-13","purchased_purges":1,"victory":false,"max_hp_per_floor":[90,90,90,91,91,91,91,92,92,92,93,94,94,94,95,95,95],"card_choices":[{"not_picked":["sneckomod:Nope","sneckomod:UnknownClassSLIMEBOUND"],"picked":"sneckomod:SnakeSap","floor":2},{"not_picked":["sneckomod:UnknownCommonAttack","sneckomod:QuickBite"],"picked":"sneckomod:Unknown0Cost","floor":4},{"not_picked":["sneckomod:DiceCrush","sneckomod:Unknown1Cost"],"picked":"sneckomod:SoulCleanse","floor":5},{"not_picked":["sneckomod:Unknown1Cost","sneckomod:Unknown2Cost"],"picked":"sneckomod:Rotation","floor":6},{"not_picked":["sneckomod:SoulCleanse","sneckomod:SoulRoll"],"picked":"sneckomod:UnknownStrike","floor":8},{"not_picked":["sneckomod:SoulDraw","sneckomod:WideSting"],"picked":"sneckomod:DiceBoulder","floor":9},{"not_picked":["sneckomod:DiceBlock","sneckomod:UnknownCommonSkill"],"picked":"sneckomod:UnknownExhaust","floor":11},{"not_picked":["sneckomod:RainOfDice","sneckomod:DiceCrush"],"picked":"sneckomod:UnknownRarePower","floor":12},{"not_picked":["sneckomod:DiceCrush","sneckomod:SoulDraw"],"picked":"sneckomod:CheapStock","floor":13},{"not_picked":["sneckomod:IronFang","sneckomod:UnknownCommonAttack"],"picked":"sneckomod:TrashToTreasure","floor":14},{"not_picked":["sneckomod:UnknownStrike","sneckomod:WideSting"],"picked":"sneckomod:UnknownBlock","floor":15}],"player_experience":391373,"relics_obtained":[{"floor":4,"key":"Omamori"},{"floor":8,"key":"PreservedInsect"}],"event_choices":[{"damage_healed":0,"gold_gain":0,"player_choice":"Rummage","damage_taken":0,"relics_obtained":["WarpedTongs"],"max_hp_gain":0,"max_hp_loss":0,"event_name":"Accursed Blacksmith","floor":3,"gold_loss":0,"cards_obtained":["Pain"]}],"is_beta":false,"boss_relics":[],"items_purged_floors":[9],"is_endless":false,"potions_floor_spawned":[4,6,11,12,14],"killed_by":"downfall:Defect","ascension_level":7}}