{"host":"m9i7qe3hvz6jihjh","time":1608137073,"event":{"mods":["BaseMod","Colored Powertips","Infinite Spire","Minty Spire (QoL Compilation)","Quick Restart","StSLib","The Animator","Waifu the Spire"],"gold_per_floor":[113,113,123,123,1,1,30,40,40,53,67,95,9,28,28,142,142,167,189,104,104,129,167,167,167,193,193,19,35,35,12,12,28,28],"floor_reached":33,"playtime":1143,"items_purged":[],"score":298,"play_id":"b215bb3f-30bc-448b-9e3f-9e59c2c781fd","local_time":"20201216174433","is_ascension_mode":false,"campfire_choices":[{"data":"Eruption","floor":6.0,"key":"SMITH"},{"data":"JustLucky","floor":15,"key":"SMITH"},{"floor":24,"key":"REST"},{"data":"FlurryOfBlows","floor":27,"key":"SMITH"},{"floor":32,"key":"REST"}],"circlet_count":0,"master_deck":["Strike_P","Strike_P","Strike_P","Defend_P","Defend_P","Defend_P","Eruption+1","Vigilance+1","FlurryOfBlows+1","FollowUp","MentalFortress","EmptyFist","Halt+1","Vengeance","PathToVictory","Perseverance+1","Pray","JustLucky+1","LessonLearned","Crescendo","EmptyBody","FollowUp","EmptyBody","FollowUp","Crescendo"],"relics":["PureWater","NeowsBlessing","infinitespire:PuzzleCube","infinitespire:Midas Blood","Bag of Preparation","Mummified Hand","CaptainsWheel","Empty Cage","infinitespire:CheckeredPen","MutagenicStrength","Art of War","infinitespire:Bottled Soul","Oddly Smooth Stone","Strange Spoon"],"acts_visited":["Exordium","TheCity"],"potions_floor_usage":[14,16,16,16,23,29],"damage_taken":[{"damage":0.0,"enemies":"Small Slimes","floor":1.0,"turns":1.0},{"damage":0.0,"enemies":"Jaw Worm","floor":3.0,"turns":1.0},{"damage":0.0,"enemies":"Gremlin Nob","floor":7.0,"turns":1.0},{"damage":0.0,"enemies":"Cultist","floor":8.0,"turns":3.0},{"damage":0.0,"enemies":"Red Slaver","floor":10.0,"turns":1.0},{"damage":0.0,"enemies":"Large Slime","floor":11.0,"turns":2.0},{"damage":4.0,"enemies":"3 Sentries","floor":12.0,"turns":5.0},{"damage":0,"enemies":"Blue Slaver","floor":14,"turns":1},{"damage":42,"enemies":"The Guardian","floor":16,"turns":10},{"damage":12,"enemies":"3 Byrds","floor":18,"turns":7},{"damage":5,"enemies":"Shell Parasite","floor":19,"turns":4},{"damage":19,"enemies":"Slavers","floor":23,"turns":5},{"damage":0,"enemies":"Chosen and Byrds","floor":29,"turns":3},{"damage":81,"enemies":"Champ","floor":33,"turns":12}],"seed_played":"-4890107180709572204","potions_obtained":[{"floor":1.0,"key":"Regen Potion"},{"floor":3.0,"key":"Dexterity Potion"},{"floor":11.0,"key":"SteroidPotion"},{"floor":14,"key":"Ambrosia"},{"floor":19,"key":"Weak Potion"},{"floor":23,"key":"Weak Potion"}],"is_trial":false,"path_per_floor":["M","?","M","?","$","R","E","M","T","M","M","E","$","M","R","B",null,"M","M","?","?","T","E","R","?","T","R","$","M","?","$","R","B"],"character_chosen":"WATCHER","items_purchased":["MentalFortress","SkillPotion","Pray","Energy Potion","Strange Spoon","EmptyBody","Crescendo"],"campfire_rested":2,"item_purchase_floors":[5,5,13,13,28,28,31],"current_hp_per_floor":[72,54,54,54,54,54,54,54,54,54,54,50,50,50,50,8,72,60,55,55,55,55,36,57,57,57,57,57,57,57,57,72,0,0],"gold":28,"neow_bonus":"THREE_ENEMY_KILL","is_daily":false,"chose_seed":false,"campfire_upgraded":3,"win_rate":0.0,"timestamp":1608137073,"path_taken":["M","?","M","?","$","R","E","M","T","?","M","E","?","M","R","BOSS","M","M","?","?","?","E","R","?","T","R","?","?","?","$","R","BOSS"],"items_purchased_type":["Card","Potion","Card","Potion","Relic","Card","Card"],"build_version":"2020-12-13","purchased_purges":0,"victory":false,"max_hp_per_floor":[72,72,72,72,72,72,72,72,72,72,72,72,72,72,72,72,72,72,72,72,72,72,72,72,72,72,72,72,72,72,72,72,72,72],"card_choices":[{"not_picked":["Meditate","Consecrate"],"picked":"FlurryOfBlows","floor":1.0},{"not_picked":["EmptyFist","InnerPeace"],"picked":"FollowUp","floor":3.0},{"not_picked":["CutThroughFate","Prostrate"],"picked":"EmptyFist","floor":7.0},{"not_picked":["SashWhip","FlyingSleeves"],"picked":"Halt","floor":8.0},{"not_picked":["SandsOfTime","Wallop"],"picked":"Vengeance","floor":10.0},{"not_picked":["WreathOfFlame","Evaluate"],"picked":"PathToVictory","floor":11.0},{"not_picked":["BowlingBash","Evaluate"],"picked":"Perseverance","floor":12.0},{"not_picked":["CarveReality","WindmillStrike"],"picked":"JustLucky","floor":14},{"not_picked":["DeusExMachina","Brilliance"],"picked":"LessonLearned","floor":16},{"not_picked":["WindmillStrike","Nirvana+1"],"picked":"Crescendo","floor":18},{"not_picked":["Tantrum","Pray"],"picked":"EmptyBody","floor":19},{"not_picked":["FearNoEvil","EmptyMind"],"picked":"FollowUp","floor":23},{"not_picked":["Nirvana","Protect"],"picked":"FollowUp","floor":29}],"player_experience":862118,"relics_obtained":[{"floor":7.0,"key":"Bag of Preparation"},{"floor":9.0,"key":"Mummified Hand"},{"floor":12.0,"key":"CaptainsWheel"},{"floor":22,"key":"Art of War"},{"floor":23,"key":"infinitespire:Bottled Soul"},{"floor":26,"key":"Oddly Smooth Stone"}],"event_choices":[{"damage_healed":0.0,"max_hp_gain":0.0,"max_hp_loss":0.0,"gold_gain":0.0,"event_name":"Scrap Ooze","player_choice":"Success","floor":2.0,"gold_loss":0.0,"damage_taken":18.0,"relics_obtained":["infinitespire:PuzzleCube"]},{"damage_healed":0.0,"max_hp_gain":0.0,"max_hp_loss":0.0,"gold_gain":0.0,"event_name":"WeMeetAgain","player_choice":"Gave Potion","floor":4.0,"gold_loss":0.0,"damage_taken":0.0,"relics_obtained":["infinitespire:Midas Blood"]},{"damage_healed":0,"gold_gain":0,"player_choice":"Obtained Relic","damage_taken":0,"relics_obtained":["infinitespire:CheckeredPen"],"max_hp_gain":0,"max_hp_loss":0,"event_name":"Addict","floor":20,"gold_loss":85},{"damage_healed":0,"gold_gain":0,"player_choice":"Inject Mutagens","damage_taken":0,"relics_obtained":["MutagenicStrength"],"max_hp_gain":0,"max_hp_loss":0,"event_name":"Drug Dealer","floor":21,"gold_loss":0},{"damage_healed":0,"gold_gain":0,"player_choice":"Ignored","damage_taken":0,"max_hp_gain":0,"max_hp_loss":0,"event_name":"Vampires","floor":25,"gold_loss":0},{"damage_healed":0,"gold_gain":0,"player_choice":"Ignored","damage_taken":0,"max_hp_gain":0,"max_hp_loss":0,"event_name":"Ghosts","floor":30,"gold_loss":0}],"is_beta":false,"boss_relics":[{"not_picked":["Runic Pyramid","Snecko Eye"],"picked":"Empty Cage"}],"items_purged_floors":[],"is_endless":false,"potions_floor_spawned":[1,3,11,14,19,23],"killed_by":"Champ","ascension_level":0}}