{"host":"5tnmlfm2arf82kze","time":1608094747,"event":{"mods":["Act Like it!","BaseMod","CapriCore","Colored Powertips","Gensokyo","Lobotomy","LobotomyExtend","Minty Spire (QoL Compilation)","MostiFishMod","Replay The Spire","RumiaBox-露米娅的神秘盒子","Shop Mod","Spicy Shops","StSLib","The Alterego","Waifu the Spire","【功能Mod】聪明的最终Boss"],"gold_per_floor":[367,380,441,53,64,64,64,64,114,114,158,172,206,229,229,355,355,373,373,102,127,127,127,168,168,567,581,95,111,155,174,174,293,293,316,339,362,382,31,71,71,71,119,158,158,172,172,187,187,187,187,187,187,57,93,93],"floor_reached":57,"playtime":4757,"items_purged":["ReplayTheSpireMod:Splinters","Decay","Decay","Languid","Spreading Infection"],"score":1887,"play_id":"8698d314-3afe-4551-b41c-881a29a864d4","local_time":"20201216125907","is_ascension_mode":false,"campfire_choices":[{"data":"Apotheosis","floor":6.0,"key":"SMITH"},{"floor":15.0,"key":"RECALL"},{"floor":23.0,"key":"REST"},{"floor":32.0,"key":"DIG"},{"floor":41.0,"key":"DIG"},{"floor":42.0,"key":"DIG"},{"floor":45.0,"key":"DIG"},{"floor":49,"key":"DIG"},{"floor":53,"key":"DIG"}],"circlet_count":0,"master_deck":["Strike_P","Defend_P","Defend_P","Eruption","Vigilance","HpAim","SpAim","MostiFishMod:Neptune","MostiFishMod:TheEndOfMoonlight","MostiFishMod:SparklingWater","MostiFishMod:FantasySummer","MostiFishMod:NightSea","Replay:Hum","Gaze","Apotheosis+1","JustLucky","Tantrum","Prostrate","EmptyBody","MostiFishMod:Speedup","Replay:Bootleg Shield Generator","Judgement","Injury","MostiFishMod:Neurotoxin","SashWhip","alterego_mod:SakuraLabyrinth","Replay:Undeath\u0027s Touch","Machine Learning","ReplayTheSpireMod:Splinters","Gensokyo:AllTheWorldsEvil","Steam","ReplayTheSpireMod:Brewmster","alterego_mod:TrashNCrash","Scrawl","ReplayTheSpireMod:Faulty Equipment","Regret_ego","alterego_mod:Punishment","Beam Cell","Replay:AtTheReady","alterego_mod:Valkyrie","CurseOfTheBell","RapturousDream+1","alterego_mod:HighServant","alterego_mod:Lift","Auto Shields+1","alterego_mod:Complex+1","Parasite","ReplayTheSpireMod:IOU","Adrenaline","Decay","alterego_mod:Valentines","Doubt","Worship","MentalFortress"],"relics":["PureWater","DaveBox","MoonlightInvasionPlan","Question Card","PrismaticShard","ReplayTheSpireMod:CursedCoin","BargainBundle","Snack Pack","Golden Idol","MagicDraw3","Chameleon Ring","Iron Hammer","ImportantClient","Kintsugi","Ring of Searing","ReplayTheSpireMod:Ring of Collecting","ChiLing","Chi","Ling","Gensokyo:ConquerorOfFear","Pear","Gensokyo:SongOfSouls","Damaru","Ring of Greed","Old Coin","Tiny Chest","Shovel","Happy Flower","MealTicket","Bronze Scales","ZombieArmy","Calling Bell","Simple Rune","GodSword7","Turnip","Garlic","WingedGreaves","ReplayTheSpireMod:Lightbulb","Kunai","Darkstone Periapt","Ring of Peace","SSSystem","Ornamental Fan","Smiling Mask","MagicDraw2","InkBottle","MagicDraw4"],"acts_visited":["Exordium","Gensokyo:Gensokyoer","TheBeyond","TheEnding"],"potions_floor_usage":[50,56,56,56],"damage_taken":[{"damage":0.0,"enemies":"Jaw Worm","floor":1.0,"turns":3.0},{"damage":0.0,"enemies":"2 Louse","floor":2.0,"turns":2.0},{"damage":0.0,"enemies":"Small Slimes","floor":5.0,"turns":3.0},{"damage":0.0,"enemies":"Gremlin Nob","floor":11.0,"turns":4.0},{"damage":5.0,"enemies":"Exordium Wildlife","floor":12.0,"turns":5.0},{"damage":0.0,"enemies":"3 Sentries","floor":13.0,"turns":4.0},{"damage":0.0,"enemies":"Looter","floor":14.0,"turns":2.0},{"damage":22.0,"enemies":"Hexaghost","floor":16.0,"turns":4.0},{"damage":21.0,"enemies":"Gensokyo:Chomper","floor":18.0,"turns":6.0},{"damage":5.0,"enemies":"Gensokyo:2_Gloops","floor":21.0,"turns":3.0},{"damage":15.0,"enemies":"Gensokyo:Koishi","floor":24.0,"turns":3.0},{"damage":0.0,"enemies":"Gensokyo:Wraith","floor":27.0,"turns":1.0},{"damage":11.0,"enemies":"Gensokyo:Slime_Group","floor":29.0,"turns":3.0},{"damage":3.0,"enemies":"Gensokyo:Reisen","floor":30.0,"turns":4.0},{"damage":3.0,"enemies":"Gensokyo:Swordslinger","floor":31.0,"turns":3.0},{"damage":12.0,"enemies":"Gensokyo:Eternal_Rivals","floor":33.0,"turns":7.0},{"damage":1.0,"enemies":"3 Shapes","floor":35.0,"turns":1.0},{"damage":12.0,"enemies":"3 Darklings","floor":36.0,"turns":2.0},{"damage":25.0,"enemies":"Maw","floor":37.0,"turns":6.0},{"damage":18.0,"enemies":"Writhing Mass","floor":38.0,"turns":2.0},{"damage":39.0,"enemies":"R_Hoarder","floor":40.0,"turns":7.0},{"damage":18.0,"enemies":"Nemesis","floor":44.0,"turns":5.0},{"damage":3,"enemies":"4 Shapes","floor":46,"turns":2},{"damage":18,"enemies":"Transient","floor":48,"turns":5},{"damage":23,"enemies":"Awakened One","floor":50,"turns":7},{"damage":12,"enemies":"Shield and Spear","floor":55,"turns":4},{"damage":19,"enemies":"The Heart","floor":56,"turns":4}],"seed_played":"4765448222222543745","potions_obtained":[{"floor":5.0,"key":"DuplicationPotion"},{"floor":12.0,"key":"Reflective Coating"},{"floor":13.0,"key":"ColorlessPotion"},{"floor":16.0,"key":"LifebloodPotion"},{"floor":24.0,"key":"Explosive Potion"},{"floor":27.0,"key":"Strength Potion"},{"floor":30.0,"key":"SkillPotion"},{"floor":31.0,"key":"Fruit Juice"},{"floor":37.0,"key":"Death Potion"},{"floor":38.0,"key":"BottledMiracle"},{"floor":46,"key":"Elixir"}],"is_trial":false,"path_per_floor":["M","M","?","$","M","R","?","?","T","T","E","M","E","M","R","B",null,"M","?","$","M","?","R","E","?","T","M","$","M","E","M","R","B",null,"M","M","M","M","$","E","R","R","T","E","R","M","?","M","R","B",null,null,"R","$","E","B",null],"character_chosen":"WATCHER","items_purchased":["ReplayTheSpireMod:CursedCoin","BargainBundle","SkillPotion","Elixir","BlessingOfTheForge","Apotheosis","JustLucky","Tantrum","Prostrate","EmptyBody","MostiFishMod:Speedup","Replay:Bootleg Shield Generator","Snack Pack","ReplayTheSpireMod:Brewmster","ChiLing","Shovel","Happy Flower","MealTicket","Garlic","WingedGreaves","Worship"],"campfire_rested":1,"item_purchase_floors":[4,4,4,4,4,4,4,4,4,4,4,4,4,20,20,28,28,28,39,39,54],"current_hp_per_floor":[72,72,72,72,72,72,72,72,72,72,72,67,72,72,72,50,72,55,55,55,50,50,71,68,68,68,68,68,61,58,64,64,54,89,88,89,71,59,74,39,39,39,45,37,37,40,113,100,100,83,83,113,113,113,108,89],"gold":93,"neow_bonus":"TWO_FIFTY_GOLD","is_daily":false,"chose_seed":false,"campfire_upgraded":1,"win_rate":0.0,"timestamp":1608094747,"path_taken":["M","M","?","$","M","R","?","?","T","?","E","?","E","M","R","BOSS","M","?","$","M","?","R","E","?","T","M","?","?","E","M","R","BOSS","M","M","M","M","$","E","R","R","T","E","R","M","?","M","R","BOSS","R","$","E","BOSS"],"items_purchased_type":["Relic","Relic","Potion","Potion","Potion","Card","Card","Card","Card","Card","Card","Card","Relic","Card","Relic","Relic","Relic","Relic","Relic","Relic","Card"],"build_version":"2020-12-13","purchased_purges":5,"victory":true,"max_hp_per_floor":[72,72,72,72,72,72,72,72,72,72,72,72,72,72,72,72,72,72,72,72,72,72,72,82,82,82,82,82,82,82,89,89,89,89,89,89,89,89,89,89,89,89,95,101,101,107,113,113,113,113,113,113,113,113,113,113],"card_choices":[{"not_picked":["CutThroughFate","SignatureMove"],"picked":"Replay:Hum","floor":1.0},{"not_picked":["Rebound","Compile Driver","Lantern"],"picked":"Gaze","floor":2.0},{"not_picked":["Tactician","Halt","Heatsinks"],"picked":"Judgement","floor":5.0},{"not_picked":["Halt","Tantrum","alterego_mod:Jiggle"],"picked":"MostiFishMod:Neurotoxin","floor":11.0},{"not_picked":["Infinite Blades","Consume","Acrobatics"],"picked":"SashWhip","floor":12.0},{"not_picked":["Conclude","alterego_mod:ChallengeComplete","CherryBlossom"],"picked":"alterego_mod:SakuraLabyrinth","floor":13.0},{"not_picked":["PathToVictory","Noise","ReplayTheSpireMod:Limb From Limb"],"picked":"Replay:Undeath\u0027s Touch","floor":14.0},{"not_picked":["MostiFishMod:NeverNightCountry","MostiFishMod:SeaWaves","MostiFishMod:ElfcollectionBox"],"picked":"Machine Learning","floor":16.0},{"not_picked":["Dodge and Roll","Rupture","ReplayGash"],"picked":"Steam","floor":18.0},{"not_picked":["Harmony+1","EmptyBody","MostiFishMod:LegendTransform"],"picked":"alterego_mod:TrashNCrash","floor":21.0},{"not_picked":["alterego_mod:SakuraPetals","Ball Lightning","SwordSharpenedByTears"],"picked":"Scrawl","floor":24.0},{"not_picked":["Specialist+1","Replay:DivineShield+1","Penitence+1"],"picked":"Regret_ego","floor":27.0},{"not_picked":["Dark Embrace+1","Storm","Searing Blow"],"picked":"alterego_mod:Punishment","floor":29.0},{"not_picked":["WheelKick","ReplayGash","Leap+1"],"picked":"Beam Cell","floor":30.0},{"not_picked":["Carnage","Gash","Redo+1"],"picked":"Replay:AtTheReady","floor":31.0},{"not_picked":["MostiFishMod:FantasySummer","MostiFishMod:PerfectForm","ReplayTheSpireMod:Fabricate Wheel"],"picked":"alterego_mod:Valkyrie","floor":33.0},{"not_picked":["Toxin Wave+1","Iron Wave+1","Survey Options"],"picked":"RapturousDream+1","floor":35.0},{"not_picked":["Dagger Spray","alterego_mod:DiscoLights","Evaluate+1"],"picked":"alterego_mod:HighServant","floor":36.0},{"not_picked":["Lantern+1","Crippling Poison","EmptyBody"],"picked":"alterego_mod:Lift","floor":37.0},{"not_picked":["alterego_mod:BeGentle","Replay:BluntJabs","alterego_mod:Cycle+1"],"picked":"Auto Shields+1","floor":38.0},{"not_picked":["Concentrate","alterego_mod:Belle","Beak+1"],"picked":"alterego_mod:Complex+1","floor":40.0},{"not_picked":["ForeignInfluence","Meditate+1","ReplayTheSpireMod:Uncanny Aura+1"],"picked":"Adrenaline","floor":44.0},{"not_picked":["alterego_mod:Smother","CrushJoints","Perfected Strike+1"],"picked":"alterego_mod:Valentines","floor":46},{"not_picked":["Searing Blow","SignatureMove+1","alterego_mod:PerceptionDisorder","Consecrate"],"picked":"SKIP","floor":48},{"not_picked":["TodaysExpression","Replay:Bootleg Shield Generator+1","Slice+1"],"picked":"MentalFortress","floor":55}],"player_experience":113442,"relics_obtained":[{"floor":1.0,"key":"Question Card"},{"floor":1.0,"key":"PrismaticShard"},{"floor":10.0,"key":"MagicDraw3"},{"floor":11.0,"key":"Chameleon Ring"},{"floor":13.0,"key":"Iron Hammer"},{"floor":16.0,"key":"ImportantClient"},{"floor":19.0,"key":"Ring of Searing"},{"floor":19.0,"key":"ReplayTheSpireMod:Ring of Collecting"},{"floor":24.0,"key":"Gensokyo:ConquerorOfFear"},{"floor":24.0,"key":"Pear"},{"floor":26.0,"key":"Damaru"},{"floor":26.0,"key":"Ring of Greed"},{"floor":26.0,"key":"Old Coin"},{"floor":26.0,"key":"Tiny Chest"},{"floor":30.0,"key":"Bronze Scales"},{"floor":32.0,"key":"ZombieArmy"},{"floor":34.0,"key":"Simple Rune"},{"floor":34.0,"key":"GodSword7"},{"floor":34.0,"key":"Turnip"},{"floor":40.0,"key":"ReplayTheSpireMod:Lightbulb"},{"floor":41.0,"key":"Kunai"},{"floor":42.0,"key":"Darkstone Periapt"},{"floor":43.0,"key":"Ring of Peace"},{"floor":43.0,"key":"SSSystem"},{"floor":44.0,"key":"Ornamental Fan"},{"floor":45.0,"key":"Smiling Mask"},{"floor":49,"key":"MagicDraw2"},{"floor":53,"key":"InkBottle"},{"floor":55,"key":"MagicDraw4"}],"event_choices":[{"damage_healed":0.0,"max_hp_gain":0.0,"max_hp_loss":0.0,"gold_gain":61.0,"event_name":"Golden Wing","player_choice":"Gained Gold","floor":3.0,"gold_loss":0.0,"damage_taken":0.0},{"damage_healed":0.0,"max_hp_gain":0.0,"max_hp_loss":0.0,"gold_gain":0.0,"event_name":"Golden Idol","player_choice":"Take Wound","floor":8.0,"gold_loss":0.0,"damage_taken":0.0,"relics_obtained":["Golden Idol"],"cards_obtained":["Injury"]},{"damage_healed":67,"gold_gain":0,"player_choice":"Heal","damage_taken":0,"max_hp_gain":0,"max_hp_loss":0,"event_name":"MindBloom","floor":47,"gold_loss":0,"cards_obtained":["Doubt"]}],"is_beta":false,"boss_relics":[{"not_picked":["Empty Cage","ReplayTheSpireMod:DimensionalGlitch"],"picked":"Kintsugi"},{"not_picked":["Ring of Chaos","TakeMeEscape"],"picked":"Calling Bell"}],"items_purged_floors":[4,28,28,54,54],"is_endless":false,"potions_floor_spawned":[5,11,12,13,16,24,27,30,31,33,36,37,38,46,48],"ascension_level":0}}