{"host":"mi0eibewekhugwl1","time":1608135641,"event":{"mods":["AchievementEnabler","BaseMod","Colored Map","Colored Powertips","DeckTracker","Keyboard Shortcuts","Minty Spire (QoL Compilation)","Quick Restart","Rare Cards Sparkle","Relic Stats","StSLib","SuperFastMode","everything is the same but u backflip on backflip"],"gold_per_floor":[118,118,131,206,50,50,76,88,88,88,103,123,134,154,154,231,231,250,175,100,0,20,35,55,69,69,69,69,69,69,69,69,69,69],"floor_reached":33,"playtime":618,"items_purged":["Strike_B","Strike_B"],"score":548,"play_id":"ebdc04b6-12c3-48bb-b583-f3995e47d91b","local_time":"20201217012041","is_ascension_mode":true,"campfire_choices":[{"data":"Zap","floor":6,"key":"SMITH"},{"data":"Chaos","floor":10,"key":"SMITH"},{"data":"Sunder","floor":15,"key":"SMITH"},{"floor":27,"key":"REST"},{"data":"Dualcast","floor":29,"key":"SMITH"},{"data":"Loop","floor":32,"key":"SMITH"}],"circlet_count":0,"master_deck":["AscendersBane","Strike_B","Defend_B","Defend_B","Defend_B","Defend_B","Zap+1","Dualcast+1","Go for the Eyes","Chaos+1","Coolheaded","Finesse","Self Repair","Sunder+1","Cold Snap","Core Surge","Turbo","Electrodynamics","Conserve Battery","Loop+1"],"relics":["Cracked Core","NeowsBlessing","DataDisk","Gambling Chip","HornCleat","Sozu"],"acts_visited":["Exordium","TheCity"],"potions_floor_usage":[16],"damage_taken":[{"damage":0,"enemies":"Cultist","floor":1,"turns":1},{"damage":0,"enemies":"Small Slimes","floor":3,"turns":1},{"damage":0,"enemies":"Gremlin Nob","floor":7,"turns":1},{"damage":4,"enemies":"2 Louse","floor":8,"turns":2},{"damage":4,"enemies":"Looter","floor":11,"turns":3},{"damage":1,"enemies":"Blue Slaver","floor":12,"turns":3},{"damage":4,"enemies":"3 Louse","floor":13,"turns":4},{"damage":7,"enemies":"Gremlin Gang","floor":14,"turns":3},{"damage":37,"enemies":"The Guardian","floor":16,"turns":11},{"damage":18,"enemies":"Shell Parasite","floor":18,"turns":4},{"damage":0,"enemies":"Spheric Guardian","floor":22,"turns":3},{"damage":5,"enemies":"Snake Plant","floor":23,"turns":6},{"damage":10,"enemies":"Sentry and Sphere","floor":24,"turns":6},{"damage":19,"enemies":"Centurion and Healer","floor":25,"turns":8},{"damage":64,"enemies":"Champ","floor":33,"turns":15}],"seed_played":"7140957828156284590","potions_obtained":[{"floor":3,"key":"DuplicationPotion"},{"floor":7,"key":"GamblersBrew"},{"floor":16,"key":"Dexterity Potion"}],"is_trial":false,"path_per_floor":["M","?","M","?","$","R","E","M","T","R","M","M","M","M","R","B",null,"M","$","?","$","M","M","M","M","T","R","?","R","?","$","R","B"],"character_chosen":"DEFECT","items_purchased":["Coolheaded","Finesse"],"campfire_rested":1,"item_purchase_floors":[5,5],"current_hp_per_floor":[64,59,59,48,48,48,48,44,44,44,47,53,56,49,49,19,58,47,47,47,47,54,56,53,41,41,62,62,62,62,62,62,0,0],"gold":69,"neow_bonus":"THREE_ENEMY_KILL","is_daily":false,"chose_seed":false,"campfire_upgraded":5,"win_rate":0.0,"timestamp":1608135641,"path_taken":["M","?","M","?","$","R","E","M","T","R","M","M","M","M","R","BOSS","M","$","?","$","M","M","M","M","T","R","?","R","?","?","R","BOSS"],"items_purchased_type":["Card","Card"],"build_version":"2020-12-13","purchased_purges":2,"victory":false,"max_hp_per_floor":[71,71,71,71,71,71,71,71,71,71,71,71,71,71,71,71,71,71,71,71,71,71,71,71,71,71,71,71,71,71,71,71,71,71],"relic_stats":{"Sozu":3,"counters":[15,71],"Gambling Chip":[16],"obtain_stats":[{"Sozu":17,"DataDisk":2,"HornCleat":9,"NeowsBlessing":0,"Gambling Chip":7,"Cracked Core":0},{"Sozu":9,"DataDisk":1,"HornCleat":4,"NeowsBlessing":0,"Gambling Chip":3,"Cracked Core":0},{"Sozu":29,"DataDisk":1,"HornCleat":5,"NeowsBlessing":0,"Gambling Chip":3,"Cracked Core":0}]},"card_choices":[{"not_picked":["Leap","Conserve Battery"],"picked":"Go for the Eyes","floor":1},{"not_picked":["Barrage","Lockon"],"picked":"Chaos","floor":3},{"not_picked":["Hello World","Steam Power","Barrage"],"picked":"SKIP","floor":7},{"not_picked":["Hello World","Cold Snap"],"picked":"Self Repair","floor":8},{"not_picked":["Rebound","Gash"],"picked":"Sunder","floor":11},{"not_picked":["Leap","Redo"],"picked":"Cold Snap","floor":12},{"not_picked":["Skim","Storm"],"picked":"Core Surge","floor":13},{"not_picked":["Go for the Eyes","Aggregate"],"picked":"Turbo","floor":14},{"not_picked":["Reboot","Seek"],"picked":"Electrodynamics","floor":16},{"not_picked":["Genetic Algorithm","Leap+1","Turbo+1"],"picked":"SKIP","floor":18},{"not_picked":["Static Discharge","Hello World"],"picked":"Conserve Battery","floor":22},{"not_picked":["Go for the Eyes","Melter","Beam Cell"],"picked":"SKIP","floor":23},{"not_picked":["Skim","Coolheaded"],"picked":"Loop","floor":24},{"not_picked":["Force Field","Barrage","Sunder"],"picked":"SKIP","floor":25}],"player_experience":1681843,"relics_obtained":[{"floor":7,"key":"Gambling Chip"},{"floor":9,"key":"HornCleat"}],"event_choices":[{"damage_healed":0,"gold_gain":0,"player_choice":"Success","damage_taken":5,"relics_obtained":["DataDisk"],"max_hp_gain":0,"max_hp_loss":0,"event_name":"Scrap Ooze","floor":2,"gold_loss":0},{"damage_healed":0,"gold_gain":75,"player_choice":"Gather Gold","damage_taken":11,"max_hp_gain":0,"max_hp_loss":0,"event_name":"World of Goop","floor":4,"gold_loss":0},{"cards_removed":["Strike_B"],"damage_healed":0,"gold_gain":0,"player_choice":"Gave Gold","damage_taken":0,"max_hp_gain":0,"max_hp_loss":0,"event_name":"Beggar","floor":20,"gold_loss":75},{"damage_healed":0,"gold_gain":0,"player_choice":"Ignored","damage_taken":0,"max_hp_gain":0,"max_hp_loss":0,"event_name":"Ghosts","floor":30,"gold_loss":0}],"is_beta":false,"boss_relics":[{"not_picked":["Ectoplasm","Calling Bell"],"picked":"Sozu"}],"items_purged_floors":[19,21],"is_endless":false,"potions_floor_spawned":[3,7,11,14,16,23,24,25],"killed_by":"Champ","ascension_level":20}}