{"host":"jm9833yuloeli2yd","time":1608077958,"event":{"mods":["AchievementEnabler","BaseMod","Better Altar","Better Match","Better Note","Better Sensory Stone","Better Skull","Better Vampires","Colored Map","Colored Powertips","DeckTracker","Minty Spire (QoL Compilation)","Permanent Neow","Quick Restart","Replay The Spire","StSLib","SuperFastMode"],"gold_per_floor":[369,519,519,189,204,204,239,239,239,268,282,34,65,65,65,141,141,111,26,26,26,40,40,40,40],"floor_reached":24,"playtime":758,"items_purged":["Doubt"],"score":420,"play_id":"363d623b-674f-45b1-b625-219d2c9a3946","local_time":"20201215191918","is_ascension_mode":true,"campfire_choices":[{"data":"Apotheosis","floor":6,"key":"SMITH"},{"data":"Zap","floor":8,"key":"SMITH"},{"floor":15,"key":"REST"},{"data":"Defragment","floor":23,"key":"SMITH"}],"circlet_count":0,"master_deck":["AscendersBane","Strike_B","Strike_B","Strike_B","Defend_B","Defend_B","Defend_B","Defend_B","Zap+1","Dualcast","Defend_P","Defend_P","Cold Snap","Stack+1","Apotheosis+1","Capacitor","Ball Lightning","Capacitor","Hologram","Defragment+1","Machine Learning","Meteor Strike","Hologram","Purity","Replay:Sssssssssshield","Cold Snap"],"relics":["Cracked Core","Smiling Mask","Blood Vial","Snack Pack","Geode","Bag of Preparation","Replay:Bronze Core","Replay:Baseball"],"acts_visited":["Exordium","TheCity"],"potions_floor_usage":[7,13],"damage_taken":[{"damage":5,"enemies":"Small Slimes","floor":1,"turns":4},{"damage":0,"enemies":"2 Louse","floor":5,"turns":3},{"damage":16,"enemies":"3 Sentries","floor":7,"turns":11},{"damage":5,"enemies":"Lagavulin","floor":10,"turns":7},{"damage":7,"enemies":"Jaw Worm","floor":11,"turns":4},{"damage":32,"enemies":"Gremlin Nob","floor":13,"turns":4},{"damage":14,"enemies":"Fading Forest","floor":16,"turns":13},{"damage":14,"enemies":"2 Thieves","floor":18,"turns":5},{"damage":15,"enemies":"Shell Parasite","floor":22,"turns":6},{"damage":41,"enemies":"Slavers","floor":24,"turns":4}],"seed_played":"2386653710699954794","potions_obtained":[{"floor":1,"key":"Block Potion"}],"is_trial":false,"path_per_floor":["M","?","?","$","M","R","E","R","T","E","M","$","E","?","R","B",null,"M","?","$","?","M","R","E"],"character_chosen":"DEFECT","items_purchased":["Apotheosis","FocusPotion","Defragment","Geode"],"campfire_rested":1,"item_purchase_floors":[4,4,12,12],"current_hp_per_floor":[59,59,59,59,59,59,43,43,43,40,35,35,7,7,28,24,59,47,47,47,47,38,38,0,0],"gold":40,"neow_bonus":"TWO_FIFTY_GOLD","is_daily":false,"chose_seed":false,"campfire_upgraded":3,"win_rate":0.0,"timestamp":1608077958,"path_taken":["M","?","?","$","M","R","E","R","T","E","M","$","E","?","R","BOSS","M","?","$","?","M","R","E"],"items_purchased_type":["Card","Potion","Card","Relic"],"build_version":"2020-12-13","purchased_purges":1,"victory":false,"max_hp_per_floor":[71,71,71,71,71,71,71,71,71,71,71,71,71,71,71,71,71,71,71,71,71,71,71,71,71],"card_choices":[{"not_picked":["Lockon","Force Field"],"picked":"Cold Snap","floor":1},{"not_picked":["Rebound","BasicCrystalCard"],"picked":"Capacitor","floor":5},{"not_picked":["Beam Cell","Turbo"],"picked":"Ball Lightning","floor":7},{"not_picked":["Aggregate","Steam Power"],"picked":"Capacitor","floor":10},{"not_picked":["Ball Lightning","BasicCrystalCard"],"picked":"Hologram","floor":11},{"not_picked":["Reprogram","Streamline"],"picked":"Machine Learning","floor":13},{"not_picked":["Hyperbeam","Creative AI"],"picked":"Meteor Strike","floor":16},{"not_picked":["Rebound","ReplaySolidLightProjector"],"picked":"Hologram","floor":18},{"not_picked":["Impatience","Deep Breath"],"picked":"Purity","floor":21},{"not_picked":["ReplayTheSpireMod:Trickstab","The Bomb"],"picked":"Replay:Sssssssssshield","floor":21},{"not_picked":["ReplaySolidLightProjector","Coolheaded"],"picked":"Cold Snap","floor":22}],"player_experience":1088051,"relics_obtained":[{"floor":7,"key":"Smiling Mask"},{"floor":9,"key":"Blood Vial"},{"floor":10,"key":"Snack Pack"},{"floor":13,"key":"Bag of Preparation"}],"event_choices":[{"damage_healed":0,"gold_gain":150,"player_choice":"AGREE","damage_taken":0,"max_hp_gain":0,"max_hp_loss":0,"event_name":"Liars Game","floor":2,"gold_loss":0,"cards_obtained":["Doubt"]},{"damage_healed":0,"gold_gain":0,"player_choice":"Ignored","damage_taken":0,"max_hp_gain":0,"max_hp_loss":0,"event_name":"Golden Wing","floor":14,"gold_loss":0},{"damage_healed":0,"gold_gain":0,"player_choice":"Obtained Relic","damage_taken":0,"relics_obtained":["Replay:Baseball"],"max_hp_gain":0,"max_hp_loss":0,"event_name":"Addict","floor":19,"gold_loss":85},{"damage_healed":0,"gold_gain":2,"player_choice":"1","damage_taken":0,"max_hp_gain":0,"max_hp_loss":0,"event_name":"betterStone:BetterStone","floor":21,"gold_loss":0}],"is_beta":false,"boss_relics":[{"not_picked":["Fusion Hammer","ReplayTheSpireMod:DimensionalGlitch"],"picked":"Replay:Bronze Core"}],"items_purged_floors":[4],"is_endless":false,"potions_floor_spawned":[1,5],"killed_by":"Slavers","ascension_level":20}}