{"host":"iml8x8es9od4zowg","time":1608125164,"event":{"mods":["BaseMod","Minty Spire (QoL Compilation)","StSLib","The Jungle","¡¼?Úª?ø«¡½REMEMod"],"gold_per_floor":[114,114,129,129,94,94,109,109,179,205,205,52,64,75,75,176,176,190,190,190,206,226,226,256,267,348,373,53,53,53,85,85,180,180,192,207,207,1,1,30,45,45,96,145,145,0,25,39,39,39,39,39,39,68,68,68],"floor_reached":55,"playtime":4077,"items_purged":["Strike_G","Defend_G","Strike_G"],"score":1026,"play_id":"43f7a0fb-8dfc-4f76-8531-af95f310d152","local_time":"20201216222604","is_ascension_mode":true,"campfire_choices":[{"data":"Flash of Steel","floor":6,"key":"SMITH"},{"data":"Footwork","floor":8,"key":"SMITH"},{"data":"Blur","floor":11,"key":"SMITH"},{"floor":15,"key":"REST"},{"data":"Accuracy","floor":23,"key":"SMITH"},{"data":"Tools of the Trade","floor":29,"key":"SMITH"},{"data":"Panache","floor":32,"key":"SMITH"},{"floor":45,"key":"REST"},{"floor":49,"key":"RECALL"},{"data":"Accuracy","floor":52,"key":"SMITH"}],"circlet_count":0,"master_deck":["Strike_G","Strike_G","Strike_G","Defend_G","Defend_G","Defend_G","Defend_G","Survivor","Neutralize+1","Flash of Steel+1","Melter","Blur+1","Footwork+1","Prepared+1","Accuracy+1","Acrobatics+1","Escape Plan+1","Tools of the Trade+1","Cloak And Dagger+1","Blade Dance+1","Slice+1","Prepared+1","Cloak And Dagger+1","Panache+1","Outmaneuver+1","Burst+1","Blade Dance+1","Flash of Steel","Apotheosis+1","REME_PuzzleBox+1","Footwork","Accuracy+1","Calculated Gamble+1","Accuracy+1","Madness+1","Madness+1","Flying Knee","Acrobatics+1","Caltrops+1","Accuracy+1","Night Terror+1"],"relics":["Ring of the Snake","REME_ComplimentaryCards","Dream Catcher","Ornamental Fan","Toxic Egg 2","theJungle:BirthdayCakeSlice","Eternal Feather","Letter Opener","Oddly Smooth Stone","PreservedInsect","Black Star","Bag of Marbles","Happy Flower","REME_IWantAll","Red Mask","Toy Ornithopter","Pear","Pocketwatch","Centennial Puzzle"],"acts_visited":["Exordium","Exordium","TheBeyond","TheEnding"],"potions_floor_usage":[10,16,21,22,24,24,44,48,50,55],"damage_taken":[{"damage":2,"enemies":"Jaw Worm","floor":1,"turns":4},{"damage":0,"enemies":"2 Louse","floor":3,"turns":2},{"damage":0,"enemies":"Cultist","floor":7,"turns":3},{"damage":10,"enemies":"Lagavulin","floor":10,"turns":10},{"damage":0,"enemies":"2 Fungi Beasts","floor":13,"turns":4},{"damage":8,"enemies":"Large Slime","floor":14,"turns":6},{"damage":2,"enemies":"The Guardian","floor":16,"turns":10},{"damage":6,"enemies":"theJungle:5_Spyders","floor":18,"turns":9},{"damage":0,"enemies":"theJungle:MUSHROOMGANG","floor":21,"turns":5},{"damage":1,"enemies":"theJungle:SlimyTreeVines","floor":22,"turns":8},{"damage":0,"enemies":"theJungle:MamaSnecko","floor":24,"turns":1},{"damage":10,"enemies":"theJungle:2_Snecko_Cultists","floor":25,"turns":4},{"damage":7,"enemies":"theJungle:2_Phrogs","floor":27,"turns":8},{"damage":0,"enemies":"theJungle:Cassacara","floor":31,"turns":3},{"damage":0,"enemies":"theJungle:FunGuy","floor":33,"turns":8},{"damage":19,"enemies":"3 Darklings","floor":35,"turns":4},{"damage":0,"enemies":"3 Shapes","floor":36,"turns":6},{"damage":0,"enemies":"Giant Head","floor":40,"turns":4},{"damage":0,"enemies":"Spire Growth","floor":41,"turns":3},{"damage":11,"enemies":"2 Orb Walkers","floor":44,"turns":3},{"damage":0,"enemies":"Nemesis","floor":47,"turns":3},{"damage":13,"enemies":"Maw","floor":48,"turns":5},{"damage":89,"enemies":"Donu and Deca","floor":50,"turns":7},{"damage":6,"enemies":"Shield and Spear","floor":54,"turns":4},{"damage":87,"enemies":"The Heart","floor":55,"turns":5}],"seed_played":"4187232949156126400","potions_obtained":[{"floor":3,"key":"EssenceOfSteel"},{"floor":7,"key":"Weak Potion"},{"floor":13,"key":"CultistPotion"},{"floor":20,"key":"Block Potion"},{"floor":20,"key":"LiquidMemories"},{"floor":21,"key":"AttackPotion"},{"floor":22,"key":"ColorlessPotion"},{"floor":31,"key":"Dexterity Potion"},{"floor":33,"key":"CultistPotion"},{"floor":36,"key":"Block Potion"},{"floor":47,"key":"AttackPotion"}],"is_trial":false,"path_per_floor":["M","?","M","?","?","R","M","R","T","E","R","$","M","M","R","B",null,"M","?","?","M","M","R","E","M","T","E","$","R","?","E","R","B",null,"M","M","?","$","?","E","M","?","T","?","R","?","E","M","R","B",null,"R","$","E","B"],"character_chosen":"THE_SILENT","items_purchased":["Accuracy","Cloak And Dagger+1","Panache","Footwork"],"campfire_rested":2,"item_purchase_floors":[12,28,28,38],"current_hp_per_floor":[68,68,68,50,67,67,67,67,67,57,57,57,57,49,70,68,70,64,69,69,69,74,74,74,64,64,57,57,72,72,72,75,75,75,56,56,46,46,46,46,46,37,37,26,69,69,79,75,88,4,88,88,88,82,0,0],"gold":68,"neow_bonus":"RANDOM_COLORLESS","is_daily":false,"chose_seed":false,"campfire_upgraded":7,"win_rate":0.0,"timestamp":1608125164,"path_taken":["M","?","M","?","?","R","M","R","T","E","R","$","M","M","R","BOSS","M","?","?","M","?","R","E","M","T","E","$","R","?","E","R","BOSS","M","M","?","$","?","E","?","?","T","?","R","?","E","M","R","BOSS","R","$","E","BOSS"],"items_purchased_type":["Card","Card","Card","Card"],"build_version":"2020-12-13","purchased_purges":3,"victory":false,"max_hp_per_floor":[70,70,70,70,70,70,70,70,70,70,70,70,70,70,70,70,70,70,75,75,75,75,75,75,75,75,75,75,75,75,75,75,75,75,75,75,75,75,75,75,75,75,75,75,75,75,85,88,88,88,88,88,88,88,88,88],"card_choices":[{"not_picked":["REME_ShortnessOfBreath","Jack Of All Trades"],"picked":"Flash of Steel","floor":0},{"not_picked":["Sucker Punch","Expertise","Quick Slash"],"picked":"SKIP","floor":1},{"not_picked":["Quick Slash","PiercingWail"],"picked":"Blur","floor":3},{"not_picked":["Quick Slash","Bane"],"picked":"Footwork","floor":7},{"not_picked":["Dagger Throw","Deflect+1"],"picked":"Prepared+1","floor":10},{"not_picked":["Caltrops","Riddle With Holes"],"picked":"Acrobatics+1","floor":13},{"not_picked":["Catalyst+1","Predator","Bane"],"picked":"SKIP","floor":14},{"not_picked":["Envenom","PiercingWail+1"],"picked":"Escape Plan+1","floor":15},{"not_picked":["Wraith Form v2","A Thousand Cuts"],"picked":"Tools of the Trade","floor":16},{"not_picked":["Escape Plan+1","Crippling Poison+1"],"picked":"Cloak And Dagger+1","floor":18},{"not_picked":["Bane+1","Calculated Gamble+1"],"picked":"Blade Dance+1","floor":21},{"not_picked":["Backflip+1","Catalyst+1"],"picked":"Slice+1","floor":22},{"not_picked":["Doppelganger+1","Catalyst+1"],"picked":"Prepared+1","floor":24},{"not_picked":["REME_ShadowStrike+1","Crippling Poison+1","PiercingWail+1"],"picked":"SKIP","floor":25},{"not_picked":["Reflex+1","Poisoned Stab","Flying Knee"],"picked":"SKIP","floor":27},{"not_picked":["Sucker Punch","Heel Hook"],"picked":"Outmaneuver+1","floor":31},{"not_picked":["Bullet Time+1","Malaise+1"],"picked":"Burst+1","floor":33},{"not_picked":["Eviscerate+1","All Out Attack","Catalyst+1"],"picked":"SKIP","floor":35},{"not_picked":["Choke+1","Flying Knee+1"],"picked":"Blade Dance+1","floor":36},{"not_picked":["REME_FirmDetermination","Swift Strike"],"picked":"Flash of Steel","floor":37},{"not_picked":["Enlightenment+1","The Bomb+1"],"picked":"Apotheosis+1","floor":37},{"not_picked":["REME_TheoryOfElimination+1","Dark Shackles+1"],"picked":"REME_PuzzleBox+1","floor":37},{"not_picked":["Backstab+1","Well Laid Plans"],"picked":"Calculated Gamble+1","floor":40},{"not_picked":["Noxious Fumes","Acrobatics+1"],"picked":"Accuracy","floor":41},{"not_picked":["Flying Knee","Acrobatics+1","Caltrops+1"],"picked":"SKIP","floor":47},{"not_picked":["REME_SpectralBlade","Riddle With Holes","Unload"],"picked":"Singing Bowl","floor":48},{"not_picked":["Underhanded Strike+1","Dodge and Roll+1"],"picked":"Accuracy+1","floor":48},{"not_picked":["Flechettes","Sucker Punch"],"picked":"Night Terror+1","floor":54}],"player_experience":437307,"relics_obtained":[{"floor":9,"key":"Ornamental Fan"},{"floor":10,"key":"Toxic Egg 2"},{"floor":24,"key":"Eternal Feather"},{"floor":26,"key":"Letter Opener"},{"floor":27,"key":"Oddly Smooth Stone"},{"floor":31,"key":"PreservedInsect"},{"floor":40,"key":"Bag of Marbles"},{"floor":40,"key":"Happy Flower"},{"floor":44,"key":"REME_IWantAll"},{"floor":47,"key":"Toy Ornithopter"},{"floor":47,"key":"Pear"},{"floor":54,"key":"Pocketwatch"},{"floor":54,"key":"Centennial Puzzle"}],"event_choices":[{"damage_healed":0,"gold_gain":0,"player_choice":"Grow","damage_taken":0,"max_hp_gain":0,"max_hp_loss":0,"event_name":"Living Wall","floor":2,"gold_loss":0,"cards_upgraded":["Neutralize"]},{"damage_healed":0,"gold_gain":0,"player_choice":"Success","damage_taken":18,"relics_obtained":["Dream Catcher"],"max_hp_gain":0,"max_hp_loss":0,"event_name":"Scrap Ooze","floor":4,"gold_loss":0},{"damage_healed":17,"gold_gain":0,"player_choice":"Healed","damage_taken":0,"max_hp_gain":0,"max_hp_loss":0,"event_name":"The Cleric","floor":5,"gold_loss":35},{"damage_healed":0,"gold_gain":0,"player_choice":"Got Potions","damage_taken":0,"max_hp_gain":0,"max_hp_loss":0,"event_name":"Lab","floor":20,"gold_loss":0},{"damage_healed":0,"gold_gain":0,"player_choice":"Memory 3","damage_taken":10,"max_hp_gain":0,"max_hp_loss":0,"event_name":"SensoryStone","floor":37,"gold_loss":0},{"damage_healed":0,"gold_gain":0,"player_choice":"Copied","damage_taken":0,"max_hp_gain":0,"max_hp_loss":0,"event_name":"Duplicator","floor":39,"gold_loss":0,"cards_obtained":["Accuracy"]},{"damage_healed":0,"gold_gain":0,"player_choice":"Embrace Madness","damage_taken":9,"max_hp_gain":0,"max_hp_loss":0,"event_name":"Winding Halls","floor":42,"gold_loss":0,"cards_obtained":["Madness","Madness"]},{"damage_healed":0,"gold_gain":0,"player_choice":"Fight","damage_taken":0,"max_hp_gain":0,"max_hp_loss":0,"event_name":"Mysterious Sphere","floor":44,"gold_loss":0},{"damage_healed":0,"gold_gain":0,"player_choice":"Paid","damage_taken":0,"relics_obtained":["Red Mask"],"max_hp_gain":0,"max_hp_loss":0,"event_name":"Tomb of Lord Red Mask","floor":46,"gold_loss":145}],"is_beta":false,"boss_relics":[{"not_picked":["Runic Dome","Philosopher\u0027s Stone","Snecko Eye"]},{"not_picked":["Coffee Dripper","Busted Crown"],"picked":"Black Star"}],"items_purged_floors":[12,28,38],"is_endless":false,"potions_floor_spawned":[3,7,13,21,22,31,33,36,47],"killed_by":"The Heart","ascension_level":1}}