{"host":"g60qzgg9idfs5btx","time":1608093936,"event":{"mods":["AchievementEnabler","BaseMod","Better Match","BetterRewards","Colored Map","Colored Powertips","DeckTracker","Hubris","Infinite Spire","Marisa????????","Minty Spire (QoL Compilation)","Quick Restart","Relic Stats","Shop Mod","StSLib","The Cursed","The Servant 0.9.4"],"gold_per_floor":[110,128,128,141,153,153,176,193,219,219,250,250,250,31,31,127,127,146,146,146,166,178,178,212,212,212,245,256,274,2,13,13,113,113,128,128,140,155,0,35,47,47,47,0,0,32,32,48,48,48,48],"floor_reached":50,"playtime":1883,"items_purged":[],"score":723,"play_id":"bbe4214a-3829-4744-a9ab-5517316053b8","local_time":"20201215224536","is_ascension_mode":true,"campfire_choices":[{"floor":6,"key":"REST"},{"floor":13,"key":"REST"},{"floor":15,"key":"REST"},{"floor":23,"key":"REST"},{"floor":32,"key":"REST"},{"floor":45,"key":"RECALL"},{"floor":49,"key":"REST"}],"circlet_count":0,"master_deck":["Strike_G","Strike_G","Strike_G","Strike_G","Defend_G","Defend_G","Defend_G","Defend_G","Defend_G","Survivor+1","Neutralize","Finisher","Blade Dance","Blade Dance","Bane","Backstab","Choke","Backstab+1","Caltrops","Acrobatics","Poisoned Stab","Poisoned Stab+1","Slice","infinitespire:Neurotoxin","Blade Dance","Cloak And Dagger+1","Poisoned Stab+1","Blade Dance","Endless Agony","Dagger Throw+1","PiercingWail","Terror","Storm of Steel","Infinite Blades","Sucker Punch","Quick Slash","Masterful Stab+1","Concentrate","Blade Dance","Flying Knee+1","Blade Dance"],"relics":["Ring of the Snake","Orrery","Akabeko","Odd Mushroom","StrikeDummy","Membership Card","PreservedInsect","hubris:Backtick","Dead Branch","Bottled Flame","Ninja Scroll","Ancient Tea Set","hubris:Potato","Sling","Black Star","Red Mask","Boot","Lizard Tail","hubris:Towel","Vajra","Turnip","Meat on the Bone","infinitespire:CheckeredPen"],"acts_visited":["Exordium","TheCity","TheBeyond"],"potions_floor_usage":[11,16,24,28,31,33,33,40,40,41,46,50],"damage_taken":[{"damage":0,"enemies":"2 Louse","floor":1,"turns":1},{"damage":0,"enemies":"Cultist","floor":2,"turns":1},{"damage":0,"enemies":"Small Slimes","floor":4,"turns":2},{"damage":0,"enemies":"Blue Slaver","floor":5,"turns":1},{"damage":15,"enemies":"The Mushroom Lair","floor":7,"turns":2},{"damage":0,"enemies":"Large Slime","floor":8,"turns":3},{"damage":18,"enemies":"Lagavulin","floor":11,"turns":3},{"damage":26,"enemies":"Hexaghost","floor":16,"turns":7},{"damage":4,"enemies":"3 Byrds","floor":18,"turns":3},{"damage":12,"enemies":"Shell Parasite","floor":21,"turns":2},{"damage":16,"enemies":"Chosen and Byrds","floor":22,"turns":4},{"damage":27,"enemies":"Gremlin Leader","floor":24,"turns":4},{"damage":0,"enemies":"Slavers","floor":27,"turns":2},{"damage":0,"enemies":"Cultist and Chosen","floor":28,"turns":1},{"damage":18,"enemies":"Shelled Parasite and Fungi","floor":29,"turns":3},{"damage":11,"enemies":"Centurion and Healer","floor":31,"turns":3},{"damage":14,"enemies":"hubris:MusketHawk","floor":33,"turns":6},{"damage":0,"enemies":"3 Shapes","floor":35,"turns":3},{"damage":20,"enemies":"3 Darklings","floor":37,"turns":5},{"damage":43,"enemies":"Maw","floor":38,"turns":7},{"damage":0,"enemies":"Reptomancer","floor":40,"turns":2},{"damage":28,"enemies":"Spire Growth","floor":41,"turns":3},{"damage":0,"enemies":"Nemesis","floor":46,"turns":1},{"damage":1,"enemies":"Transient","floor":48,"turns":5},{"damage":76,"enemies":"Donu and Deca","floor":50,"turns":4}],"seed_played":"-5150400088675524050","potions_obtained":[{"floor":1,"key":"SneckoOil"},{"floor":8,"key":"DuplicationPotion"},{"floor":11,"key":"Poison Potion"},{"floor":22,"key":"Weak Potion"},{"floor":24,"key":"infinitespire:BlackPotion"},{"floor":31,"key":"PowerPotion"},{"floor":37,"key":"Block Potion"},{"floor":38,"key":"Swift Potion"},{"floor":40,"key":"EssenceOfSteel"},{"floor":41,"key":"SpeedPotion"}],"is_trial":false,"path_per_floor":["M","M","?","M","M","R","?","M","T","?","E","?","R","$","R","B",null,"M","?","?","M","M","R","E","?","T","E","M","M","$","M","R","B",null,"M","?","M","M","?","E","M","?","T","$","R","E","T","M","R","B"],"character_chosen":"THE_SILENT","items_purchased":["Orrery","Akabeko","Membership Card","PreservedInsect","hubris:Potato","Sling","PowerPotion","SteroidPotion","Blade Dance","SkillPotion"],"campfire_rested":6,"item_purchase_floors":[0,0,14,14,30,30,30,30,44,44],"current_hp_per_floor":[38,38,38,38,38,59,44,44,44,44,26,12,33,33,54,28,70,66,66,66,54,38,59,32,37,37,37,37,19,19,8,29,15,70,70,70,50,7,7,7,35,35,35,35,35,35,35,46,67,0,0],"gold":48,"neow_bonus":"","is_daily":false,"chose_seed":false,"campfire_upgraded":0,"win_rate":0.0,"timestamp":1608093936,"path_taken":["M","M","?","M","?","R","?","M","T","?","E","?","R","?","R","BOSS","M","?","?","M","M","R","E","?","T","E","M","?","$","M","R","BOSS","M","?","?","M","?","E","M","?","T","?","R","E","?","?","R","BOSS"],"items_purchased_type":["Relic","Relic","Relic","Relic","Relic","Relic","Potion","Potion","Card","Potion"],"build_version":"2020-12-13","purchased_purges":0,"victory":false,"max_hp_per_floor":[70,70,70,70,70,70,70,70,70,70,70,70,70,70,70,70,70,70,70,70,70,70,70,70,70,70,70,70,70,70,70,70,70,70,70,70,70,70,70,70,70,70,70,70,70,70,70,70,70,70,70],"relic_stats":{"Lizard Tail":35,"counters":[33,106],"Dead Branch":[290],"PreservedInsect":190,"Turnip":[0],"Black Star":2,"Boot":[15],"obtain_stats":[{"Gremlin Horn":0,"Vajra":0,"Snake Skull":0,"Bottled Tornado":9,"Boot":0,"Ancient Tea Set":27,"Sling":30,"Lizard Tail":40,"hubris:Backtick":17,"Ninja Scroll":26,"Prayer Wheel":0,"Red Mask":39,"Ring of the Snake":0,"hubris:64BitClover":0,"Dead Branch":17,"PreservedInsect":14,"infinitespire:CheckeredPen":47,"Paper Crane":10,"Odd Mushroom":7,"hubris:Towel":42,"Akabeko":0,"Bottled Flame":24,"Orrery":0,"Turnip":46,"Black Star":34,"Membership Card":14,"StrikeDummy":0,"Unceasing Top":7,"hubris:Potato":30,"Meat on the Bone":46},{"Gremlin Horn":0,"Vajra":0,"Snake Skull":0,"Bottled Tornado":6,"Boot":0,"Ancient Tea Set":21,"Sling":23,"Lizard Tail":29,"hubris:Backtick":16,"Ninja Scroll":20,"Prayer Wheel":0,"Red Mask":28,"Ring of the Snake":0,"hubris:64BitClover":0,"Dead Branch":16,"PreservedInsect":15,"infinitespire:CheckeredPen":31,"Paper Crane":6,"Odd Mushroom":13,"hubris:Towel":30,"Akabeko":8,"Bottled Flame":20,"Orrery":0,"Turnip":31,"Black Star":25,"Membership Card":15,"StrikeDummy":0,"Unceasing Top":6,"hubris:Potato":23,"Meat on the Bone":31},{"Gremlin Horn":0,"Vajra":0,"Snake Skull":0,"Bottled Tornado":22,"Boot":0,"Ancient Tea Set":63,"Sling":67,"Lizard Tail":93,"hubris:Backtick":48,"Ninja Scroll":61,"Prayer Wheel":0,"Red Mask":91,"Ring of the Snake":0,"hubris:64BitClover":0,"Dead Branch":48,"PreservedInsect":41,"infinitespire:CheckeredPen":97,"Paper Crane":22,"Odd Mushroom":35,"hubris:Towel":96,"Akabeko":28,"Bottled Flame":61,"Orrery":0,"Turnip":97,"Black Star":76,"Membership Card":41,"StrikeDummy":0,"Unceasing Top":22,"hubris:Potato":67,"Meat on the Bone":97}],"Ring of the Snake":[66],"Meat on the Bone":12},"card_choices":[{"not_picked":["Dodge and Roll","Burst"],"picked":"Finisher","floor":0},{"not_picked":["Outmaneuver","Deadly Poison"],"picked":"Blade Dance","floor":0},{"not_picked":["Dodge and Roll","Well Laid Plans"],"picked":"Blade Dance","floor":0},{"not_picked":["Predator","Crippling Poison"],"picked":"Bane","floor":0},{"not_picked":["Deflect","Poisoned Stab"],"picked":"Backstab","floor":0},{"not_picked":["Slice","Bouncing Flask"],"picked":"Backstab","floor":1},{"not_picked":["Dagger Throw","Acrobatics"],"picked":"Caltrops","floor":2},{"not_picked":["Prepared","Night Terror"],"picked":"Acrobatics","floor":4},{"not_picked":["Finisher","Backflip"],"picked":"Poisoned Stab","floor":5},{"not_picked":["Sucker Punch","Noxious Fumes"],"picked":"Poisoned Stab","floor":7},{"not_picked":["Dagger Throw","Bouncing Flask"],"picked":"Slice","floor":8},{"not_picked":["Sucker Punch","Calculated Gamble"],"picked":"Dagger Spray","floor":11},{"not_picked":["Corpse Explosion","Night Terror"],"picked":"infinitespire:Neurotoxin","floor":16},{"not_picked":["Bane","Footwork+1"],"picked":"Blade Dance","floor":18},{"not_picked":["Crippling Poison","Deadly Poison"],"picked":"Cloak And Dagger+1","floor":21},{"not_picked":["Prepared","Acrobatics"],"picked":"Poisoned Stab+1","floor":22},{"not_picked":["Crippling Poison+1","Dagger Spray+1"],"picked":"Blade Dance","floor":24},{"not_picked":["Tactician","Leg Sweep+1"],"picked":"Endless Agony","floor":27},{"not_picked":["Well Laid Plans","Flying Knee"],"picked":"Dagger Throw+1","floor":28},{"not_picked":["Infinite Blades","Flechettes+1"],"picked":"PiercingWail","floor":29},{"not_picked":["Reflex","Blur+1"],"picked":"Terror","floor":31},{"not_picked":["Envenom","Night Terror"],"picked":"Storm of Steel","floor":33},{"not_picked":["Catalyst","Acrobatics+1"],"picked":"Infinite Blades","floor":35},{"not_picked":["Noxious Fumes+1","Poisoned Stab"],"picked":"Sucker Punch","floor":37},{"not_picked":["Tactician","All Out Attack"],"picked":"Quick Slash","floor":38},{"not_picked":["Corpse Explosion","Footwork"],"picked":"Masterful Stab+1","floor":40},{"not_picked":["Dagger Throw+1","Footwork+1"],"picked":"Concentrate","floor":41},{"not_picked":["PiercingWail+1","Predator"],"picked":"Flying Knee+1","floor":46},{"not_picked":["Expertise+1","Reflex+1"],"picked":"Blade Dance","floor":48}],"player_experience":245706,"relics_obtained":[{"floor":7,"key":"Odd Mushroom"},{"floor":11,"key":"StrikeDummy"},{"floor":24,"key":"Bottled Flame"},{"floor":26,"key":"Ninja Scroll"},{"floor":27,"key":"Ancient Tea Set"},{"floor":40,"key":"Boot"},{"floor":40,"key":"Lizard Tail"},{"floor":43,"key":"Vajra"},{"floor":46,"key":"Turnip"},{"floor":46,"key":"Meat on the Bone"},{"floor":47,"key":"infinitespire:CheckeredPen"}],"event_choices":[{"damage_healed":0,"gold_gain":0,"player_choice":"Bought 0 Potions","damage_taken":0,"max_hp_gain":0,"max_hp_loss":0,"event_name":"The Woman in Blue","floor":3,"gold_loss":0},{"damage_healed":0,"gold_gain":0,"player_choice":"Fought Mushrooms","damage_taken":0,"max_hp_gain":0,"max_hp_loss":0,"event_name":"Mushrooms","floor":7,"gold_loss":0},{"damage_healed":0,"gold_gain":0,"player_choice":"Grow","damage_taken":0,"max_hp_gain":0,"max_hp_loss":0,"event_name":"Living Wall","floor":10,"gold_loss":0,"cards_upgraded":["Backstab"]},{"damage_healed":0,"gold_gain":0,"player_choice":"Entered Light","damage_taken":14,"max_hp_gain":0,"max_hp_loss":0,"event_name":"Shining Light","floor":12,"gold_loss":0,"cards_upgraded":["Survivor","Poisoned Stab"]},{"damage_healed":0,"gold_gain":0,"player_choice":"Ignored","damage_taken":0,"max_hp_gain":0,"max_hp_loss":0,"event_name":"Beggar","floor":19,"gold_loss":0},{"damage_healed":0,"gold_gain":0,"player_choice":"Ignored","damage_taken":0,"max_hp_gain":0,"max_hp_loss":0,"event_name":"Vampires","floor":20,"gold_loss":0},{"cards_removed":["Dagger Spray"],"damage_healed":5,"gold_gain":0,"player_choice":"Offered Common","damage_taken":0,"max_hp_gain":0,"max_hp_loss":0,"event_name":"Bonfire Elementals","floor":25,"gold_loss":0},{"cards_removed":["Dagger Spray"],"damage_healed":5,"gold_gain":0,"player_choice":"Offered Special","damage_taken":0,"max_hp_gain":0,"max_hp_loss":0,"event_name":"Bonfire Elementals","floor":25,"gold_loss":0},{"damage_healed":0,"gold_gain":0,"player_choice":"Full Heal","damage_taken":0,"max_hp_gain":0,"max_hp_loss":0,"event_name":"Wheel of Change","floor":36,"gold_loss":0},{"damage_healed":0,"gold_gain":0,"player_choice":"Paid","damage_taken":0,"relics_obtained":["Red Mask"],"max_hp_gain":0,"max_hp_loss":0,"event_name":"Tomb of Lord Red Mask","floor":39,"gold_loss":155}],"is_beta":false,"boss_relics":[{"not_picked":["hubris:Stopwatch","Runic Pyramid"],"picked":"hubris:Backtick"},{"not_picked":["Sozu","Calling Bell"],"picked":"Black Star"}],"items_purged_floors":[],"is_endless":false,"potions_floor_spawned":[1,8,11,22,24,31,37,38,40,41],"killed_by":"Donu and Deca","ascension_level":1}}