{"host":"sabve5zmqufxyc5o","time":1608118986,"event":{"mods":["2.2 Compatiblity","AchievementEnabler","Act Like it!","Ascension Reborn","Aspiration","BaseMod","Block Reminder","Colored Map","Colored Powertips","DeckTracker","KOR Keyword Fix","Keyboard Shortcuts","Minty Spire (QoL Compilation)","MostiFishMod","Quick Restart","Rare Cards Sparkle","Relic Stats","Replay The Spire","StSLib","SuperFastMode"],"gold_per_floor":[119,119,134,134,149,149,162,87,87,106,106,31,50,50,50,126,126,145,158,343,343,160,160,171,171,171],"floor_reached":25,"playtime":467,"items_purged":["Strike_B","Defend_B"],"score":586,"play_id":"e94bef85-f83f-4ed9-8fa0-df02be127985","local_time":"20201216204306","is_ascension_mode":true,"campfire_choices":[{"data":"Zap","floor":6.0,"key":"SMITH"},{"floor":15.0,"key":"REST"},{"floor":23.0,"key":"REST"}],"circlet_count":0,"master_deck":["AscendersBane","Defend_B","Defend_B","Defend_B","Zap+1","Dualcast+1","Defragment+1","Ball Lightning","Compile Driver","Darkness","Glacier","Undo","Self Repair","Go for the Eyes","Time Bomb","MostiFishMod:Exploitation","ReplayGash","Panic Button","Panic Button","MostiFishMod:IceShield"],"relics":["Cracked Core","DaveBox","Replay:Bottled Flurry","ImportantClient"],"acts_visited":["Exordium","TheCity"],"potions_floor_usage":[],"damage_taken":[{"damage":7.0,"enemies":"Jaw Worm","floor":1.0,"turns":3.0},{"damage":11.0,"enemies":"2 Louse","floor":3.0,"turns":4.0},{"damage":7.0,"enemies":"Small Slimes","floor":5.0,"turns":3.0},{"damage":4.0,"enemies":"2 Fungi Beasts","floor":7.0,"turns":3.0},{"damage":10.0,"enemies":"3 Louse","floor":10.0,"turns":3.0},{"damage":6.0,"enemies":"Blue Slaver","floor":13.0,"turns":3.0},{"damage":28.0,"enemies":"Slime Boss","floor":16.0,"turns":10.0},{"damage":1.0,"enemies":"3 Byrds","floor":18.0,"turns":4.0},{"damage":22.0,"enemies":"Shell Parasite","floor":19.0,"turns":6.0},{"damage":17.0,"enemies":"Snake Plant","floor":24.0,"turns":7.0},{"damage":3,"enemies":"3 Cultists","floor":25,"turns":3}],"seed_played":"6314157270560960936","potions_obtained":[{"floor":3.0,"key":"SteroidPotion"},{"floor":13.0,"key":"Strength Potion"},{"floor":18.0,"key":"SteroidPotion"},{"floor":24.0,"key":"Milkshake"}],"is_trial":false,"path_per_floor":["M","?","M","?","M","R","M","?","T","M","?","$","M","?","R","B",null,"M","M","?","?","$","R","M","M"],"character_chosen":"DEFECT","items_purchased":["ReplayGash","Panic Button"],"campfire_rested":2,"item_purchase_floors":[22,22],"current_hp_per_floor":[57,57,46,46,39,39,35,35,35,25,18,18,12,12,33,5,55,54,39,11,11,11,32,22,19,19],"gold":171,"neow_bonus":"UPGRADE_CARD","is_daily":false,"chose_seed":false,"campfire_upgraded":1,"win_rate":0.0,"timestamp":1608118986,"path_taken":["M","?","M","?","M","R","M","?","T","M","?","$","M","?","R","BOSS","M","M","?","?","$","R","M","?"],"items_purchased_type":["Card","Card"],"build_version":"2020-12-13","purchased_purges":2,"victory":false,"max_hp_per_floor":[71,71,71,71,71,71,71,71,71,71,71,71,71,71,71,71,71,71,71,71,71,71,71,71,71,71],"relic_stats":{"counters":[11,49],"obtain_stats":[{"DaveBox":0,"Replay:Bottled Flurry":9,"Cracked Core":0,"ImportantClient":16},{"DaveBox":0,"Replay:Bottled Flurry":4,"Cracked Core":0,"ImportantClient":7},{"DaveBox":0,"Replay:Bottled Flurry":13,"Cracked Core":0,"ImportantClient":29}]},"card_choices":[{"not_picked":["Leap","Stack"],"picked":"Defragment","floor":1.0},{"not_picked":["ReplayTheSpireMod:Repulse","Hologram"],"picked":"Ball Lightning","floor":3.0},{"not_picked":["Static Discharge","Force Field"],"picked":"Compile Driver","floor":5.0},{"not_picked":["Steam","Static Discharge"],"picked":"Darkness","floor":7.0},{"not_picked":["Panic Button","Chill"],"picked":"Glacier","floor":10.0},{"not_picked":["Rebound","Static Discharge"],"picked":"Undo","floor":13.0},{"not_picked":["White Noise","Hologram"],"picked":"Self Repair","floor":18.0},{"not_picked":["Sweeping Beam","Beam Cell"],"picked":"Go for the Eyes","floor":19.0},{"not_picked":["Recycle+1","ReplayTheSpireMod:Reroute Power"],"picked":"Time Bomb","floor":20.0},{"not_picked":["Panic Button","Streamline"],"picked":"MostiFishMod:IceShield","floor":24.0}],"player_experience":781536,"relics_obtained":[{"floor":9.0,"key":"Replay:Bottled Flurry"},{"floor":16.0,"key":"ImportantClient"}],"event_choices":[{"damage_healed":0.0,"max_hp_gain":0.0,"max_hp_loss":0.0,"gold_gain":0.0,"event_name":"Shining Light","player_choice":"Ignored","floor":2.0,"gold_loss":0.0,"damage_taken":0.0},{"cards_removed":["Strike_B"],"damage_healed":0.0,"max_hp_gain":0.0,"max_hp_loss":0.0,"gold_gain":0.0,"event_name":"The Cleric","player_choice":"Card Removal","floor":8.0,"gold_loss":75.0,"damage_taken":0.0},{"cards_removed":["Strike_B"],"damage_healed":0.0,"max_hp_gain":0.0,"max_hp_loss":0.0,"gold_gain":0.0,"event_name":"Golden Wing","player_choice":"Card Removal","floor":11.0,"gold_loss":0.0,"damage_taken":7.0},{"damage_healed":0.0,"max_hp_gain":0.0,"max_hp_loss":0.0,"gold_gain":0.0,"event_name":"Scrap Ooze","player_choice":"Fled","floor":14.0,"gold_loss":0.0,"damage_taken":0.0},{"damage_healed":0.0,"max_hp_gain":0.0,"max_hp_loss":0.0,"gold_gain":0.0,"cards_transformed":["Strike_B"],"event_name":"Transmorgrifier","player_choice":"Transformed","floor":21.0,"gold_loss":0.0,"damage_taken":0.0,"cards_obtained":["MostiFishMod:Exploitation"]}],"is_beta":false,"boss_relics":[{"not_picked":["aspiration:SecretTechniqueScroll","BirthdayGift-Icosahedron","Replay:Ancient Bell"]}],"items_purged_floors":[12,22],"is_endless":false,"potions_floor_spawned":[3,13,18,24],"killed_by":"3 Cultists","ascension_level":20}}