{"host":"43ljbksi7ebmxfn8","time":1608087899,"event":{"mods":["Act Like it!","BaseMod","Gensokyo","Minty Spire (QoL Compilation)","MostiFishMod","Pale of the Ancients","Quick Restart","Shop Mod","Spicy Shops","StSLib","TestMod","篝火指南"],"gold_per_floor":[117,517,537,553,565,591,351,381,381,394,422,432,442,462,289,364,364,383,383,393,406,426,459,470,504,527,527,560,609,6,24,24,98,98,113,113,133,133,143,143,175,3,29,29,46,76,57,76,76,76,94,112,112,91,91,91,91],"floor_reached":56,"playtime":3212,"items_purged":["Strike_B","Defend_B","Strike_B","Strike_B+1","Defend_B+1","Zap+1"],"score":1482,"play_id":"f6113ae8-37d7-4e48-81b2-9bee0f9bfb66","local_time":"20201216110459","is_ascension_mode":true,"campfire_choices":[{"floor":32.0,"key":"RECALL"},{"data":"Creative AI","floor":40.0,"key":"SMITH"},{"data":"MostiFishMod:IntelligentEquipment","floor":49.0,"key":"SMITH"},{"data":"MostiFishMod:Mottled+11","floor":55.0,"key":"SMITH"}],"circlet_count":0,"master_deck":["AscendersBane","Defend_B+1","MostiFishMod:StarOceanB+1","MostiFishMod:ActiveDefenseSystem+1","testmod-Bloodthirsty+1","LessonLearned+1","Seek+1","MostiFishMod:Mottled+12","Gensokyo:SevenSchoolMysteries+1","TalkToTheHand+1","Burning Pact+1","MostiFishMod:InterfaceCompatibility+1","testmod-Bloodthirsty+1","Creative AI+1","Dark Embrace+1","MostiFishMod:IntelligentEquipment+1","Multi-Cast+1","MostiFishMod:RacingGame+1","Bloodletting+1"],"relics":["Cracked Core","DaveBox","DianPoetry","Question Card","PrismaticShard","MerchantsRug","Ancient Tea Set","testmod-HeartOfDaVinci","ImportantClient","testmod-Nine","Sundial","Nunchaku","Smiling Mask","The Courier","Mark of Pain","Strange Spoon","testmod-IndustrialRevolution","Bag of Preparation","paleoftheancients:Timepiece","paleoftheancients:KeyRelic","Gremlin Horn","paleoftheancients:SoulOfTheWatcher","Membership Card","testmod-AssaultLearning"],"acts_visited":["Exordium","Gensokyo:Gensokyo","TheBeyond","TheBeyond"],"potions_floor_usage":[],"damage_taken":[{"damage":0.0,"enemies":"Gensokyo:Python","floor":1.0,"turns":3.0},{"damage":17.0,"enemies":"Gensokyo:Gryphon","floor":3.0,"turns":3.0},{"damage":11.0,"enemies":"Gensokyo:3_Fairies","floor":4.0,"turns":5.0},{"damage":13.0,"enemies":"Gensokyo:Python_and_Kodama","floor":5.0,"turns":4.0},{"damage":15.0,"enemies":"Gensokyo:Mamizou","floor":6.0,"turns":7.0},{"damage":6.0,"enemies":"Gensokyo:Cirno","floor":8.0,"turns":8.0},{"damage":0.0,"enemies":"Gensokyo:LivingMonolith","floor":10.0,"turns":3.0},{"damage":20.0,"enemies":"Gensokyo:Aya","floor":11.0,"turns":4.0},{"damage":16.0,"enemies":"Gensokyo:3_Kodama","floor":12.0,"turns":4.0},{"damage":5.0,"enemies":"Gensokyo:Python_and_Kodama","floor":13.0,"turns":4.0},{"damage":5.0,"enemies":"Gensokyo:Kitsune","floor":14.0,"turns":4.0},{"damage":17.0,"enemies":"Gensokyo:Kokoro","floor":16.0,"turns":8.0},{"damage":4.0,"enemies":"Gensokyo:CosmicMonolith","floor":18.0,"turns":4.0},{"damage":46.0,"enemies":"Gensokyo:AngelMirror","floor":20.0,"turns":4.0},{"damage":45.0,"enemies":"Gensokyo:Slime_Group","floor":21.0,"turns":5.0},{"damage":0.0,"enemies":"Gensokyo:Wraith","floor":22.0,"turns":5.0},{"damage":44.0,"enemies":"Gensokyo:Koishi","floor":23.0,"turns":5.0},{"damage":24.0,"enemies":"Gensokyo:Chomper_and_Gloop","floor":24.0,"turns":3.0},{"damage":33.0,"enemies":"Gensokyo:Reisen","floor":25.0,"turns":6.0},{"damage":27.0,"enemies":"Gensokyo:Tenshi","floor":28.0,"turns":4.0},{"damage":50.0,"enemies":"Gensokyo:Slime_Group","floor":31.0,"turns":4.0},{"damage":26.0,"enemies":"Gensokyo:Eternal_Rivals","floor":33.0,"turns":6.0},{"damage":55.0,"enemies":"3 Darklings","floor":35.0,"turns":7.0},{"damage":45.0,"enemies":"3 Shapes","floor":37.0,"turns":3.0},{"damage":0.0,"enemies":"Maw","floor":39.0,"turns":6.0},{"damage":23.0,"enemies":"Giant Head","floor":41.0,"turns":5.0},{"damage":30.0,"enemies":"4 Shapes","floor":45.0,"turns":5.0},{"damage":0.0,"enemies":"Nemesis","floor":46.0,"turns":3.0},{"damage":39.0,"enemies":"Sphere and 2 Shapes","floor":48.0,"turns":3.0},{"damage":53.0,"enemies":"Awakened One","floor":50.0,"turns":5.0},{"damage":0.0,"enemies":"Awakened One","floor":51.0,"turns":5.0},{"damage":61.0,"enemies":"","floor":52.0,"turns":3.0},{"damage":0,"enemies":"","floor":56,"turns":1}],"seed_played":"-4786137791683864605","potions_obtained":[{"floor":1.0,"key":"Dexterity Potion"},{"floor":4.0,"key":"Explosive Potion"},{"floor":5.0,"key":"DuplicationPotion"},{"floor":10.0,"key":"Dexterity Potion"},{"floor":13.0,"key":"PotionOfCapacity"},{"floor":18.0,"key":"Explosive Potion"},{"floor":23.0,"key":"Swift Potion"},{"floor":28.0,"key":"SteroidPotion"},{"floor":33.0,"key":"Strength Potion"},{"floor":51.0,"key":"Ancient Potion"}],"is_trial":false,"path_per_floor":["M","?","M","M","M","E","$","E","T","M","E","M","M","M","R","B",null,"M","?","M","M","M","E","M","E","T","?","E","T","R","M","R","B",null,"M","?","M","?","M","R","E","R","T","?","M","E","$","M","R","B","M","M","?","$","R","M"],"character_chosen":"DEFECT","items_purchased":["MerchantsRug","Lee\u0027s Waffle","Smiling Mask","The Courier","DollysMirror","Strange Spoon","Bag of Preparation","Burning Blood","Membership Card","testmod-AssaultLearning"],"campfire_rested":0,"item_purchase_floors":[7,7,30,30,30,42,47,47,54,54],"current_hp_per_floor":[64,64,47,36,39,28,71,71,71,71,51,36,40,45,45,71,71,67,64,26,31,62,63,63,31,31,31,35,35,35,64,64,74,74,72,72,71,71,74,74,74,74,74,74,67,74,74,55,55,74,74,74,74,74,74,74,74],"gold":91,"neow_bonus":"TRANSFORM_TWO_CARDS","is_daily":false,"chose_seed":false,"campfire_upgraded":3,"win_rate":0.0,"timestamp":1608087899,"path_taken":["M","?","?","M","M","E","$","E","T","M","E","M","?","M","R","BOSS","M","?","M","M","M","E","M","E","T","?","E","?","R","?","R","BOSS","M","?","?","?","?","R","E","R","T","?","?","E","$","M","R","BOSS","M","M","?","$","R","M"],"items_purchased_type":["Relic","Relic","Relic","Relic","Relic","Relic","Relic","Relic","Relic","Relic"],"build_version":"2020-12-13","purchased_purges":6,"victory":false,"max_hp_per_floor":[64,64,64,64,64,64,71,71,71,71,71,71,71,71,71,71,71,71,64,64,64,64,64,64,64,64,64,64,64,64,74,74,74,74,74,74,74,74,74,74,74,74,74,74,74,74,74,74,74,74,74,74,74,74,74,74,74],"card_choices":[{"not_picked":["Turbo","Blizzard","Hello World"],"picked":"SKIP","floor":1.0},{"not_picked":["ClearTheMind","Cloak And Dagger","Deflect"],"picked":"testmod-Bloodthirsty","floor":3.0},{"not_picked":["Dagger Spray","Flex","Dark Shackles","Gash"],"picked":"SKIP","floor":4.0},{"not_picked":["Sword Boomerang","Dodge and Roll","Finesse","Swift Strike"],"picked":"SKIP","floor":5.0},{"not_picked":["Fasting2","WreathOfFlame","Escape Plan","Prostrate"],"picked":"SKIP","floor":6.0},{"not_picked":["Predator","FlyingSleeves","WindmillStrike"],"picked":"LessonLearned","floor":8.0},{"not_picked":["Body Slam","Leap","Armaments","Reprogram"],"picked":"SKIP","floor":10.0},{"not_picked":["Thunderclap","Barrage","JustLucky","MostiFishMod:InvigoratingSolution"],"picked":"SKIP","floor":11.0},{"not_picked":["Rebound","Weave","testmod-ComboMaster"],"picked":"Seek","floor":12.0},{"not_picked":["Study","Barrage","Ball Lightning","Streamline"],"picked":"SKIP","floor":13.0},{"not_picked":["Searing Blow","Cold Snap","Wild Strike","Bloodletting"],"picked":"SKIP","floor":14.0},{"not_picked":["MostiFishMod:TheEndOfMoonlight","MostiFishMod:SupremeArchaeology","After Image"],"picked":"MostiFishMod:Mottled","floor":16.0},{"not_picked":["Masterful Stab","Thunderclap","Doom and Gloom","Poisoned Stab"],"picked":"SKIP","floor":18.0},{"not_picked":["Gensokyo:MissMary","Gensokyo:TurboGranny","Gensokyo:SpontaneousHumanCombustion"],"picked":"Gensokyo:SevenSchoolMysteries","floor":19.0},{"not_picked":["testmod-Provocation","Rebound","Pommel Strike","Footwork"],"picked":"SKIP","floor":20.0},{"not_picked":["Prostrate","Hologram","Blur+1","Crescendo"],"picked":"SKIP","floor":21.0},{"not_picked":["JustLucky","Conserve Battery","Glacier"],"picked":"TalkToTheHand","floor":22.0},{"not_picked":["testmod-LifeRuler","Dagger Throw","Dropkick","testmod-DeathImprint"],"picked":"SKIP","floor":23.0},{"not_picked":["Tactician+1","InnerPeace","Headbutt"],"picked":"Burning Pact","floor":24.0},{"not_picked":["Compile Driver+1","Cloak And Dagger+1","MentalFortress"],"picked":"MostiFishMod:InterfaceCompatibility","floor":25.0},{"not_picked":["Sword Boomerang","testmod-WeaknessCounterattack","InnerPeace","Perfected Strike+1"],"picked":"SKIP","floor":28.0},{"not_picked":["Sword Boomerang","Pommel Strike","SashWhip","Self Repair"],"picked":"SKIP","floor":31.0},{"not_picked":["MostiFishMod:SpreadingSpore","Devotion","Panache"],"picked":"Creative AI","floor":33.0},{"not_picked":["Concentrate","Halt","Outmaneuver+1","Headbutt"],"picked":"SKIP","floor":35.0},{"not_picked":["Flex","SashWhip","Steam+1","Chill"],"picked":"SKIP","floor":37.0},{"not_picked":["Power Through","CutThroughFate","Dagger Spray+1","Pommel Strike"],"picked":"SKIP","floor":39.0},{"not_picked":["Clothesline+1","testmod-WeaknessCounterattack+1","Prostrate"],"picked":"MostiFishMod:IntelligentEquipment","floor":41.0},{"not_picked":["Undo+1","Deflect","Steam","Shockwave"],"picked":"SKIP","floor":45.0},{"not_picked":["Doom and Gloom","Enlightenment+1","Armaments"],"picked":"Bloodletting+1","floor":46.0},{"not_picked":["BowlingBash","Twin Strike+1","Sentinel","Stack+1"],"picked":"SKIP","floor":48.0},{"not_picked":["testmod-HeadAttack","testmod-LifeRuler","Pummel","Caltrops"],"picked":"SKIP","floor":51.0},{"not_picked":["Turbo","Sanctity+1","Twin Strike","Uppercut+1"],"picked":"SKIP","floor":52.0}],"player_experience":351493,"relics_obtained":[{"floor":1.0,"key":"Question Card"},{"floor":1.0,"key":"PrismaticShard"},{"floor":6.0,"key":"Bronze Scales"},{"floor":8.0,"key":"Ancient Tea Set"},{"floor":11.0,"key":"testmod-HeartOfDaVinci"},{"floor":16.0,"key":"ImportantClient"},{"floor":23.0,"key":"testmod-OneHitWonder"},{"floor":25.0,"key":"Sundial"},{"floor":26.0,"key":"Nunchaku"},{"floor":28.0,"key":"Regal Pillow"},{"floor":29.0,"key":"testmod-Antiphasic"},{"floor":41.0,"key":"Happy Flower"},{"floor":43.0,"key":"testmod-IndustrialRevolution"},{"floor":46.0,"key":"Paper Frog"},{"floor":51.0,"key":"paleoftheancients:SoulOfTheWatcher"}],"event_choices":[{"damage_healed":0.0,"max_hp_gain":0.0,"max_hp_loss":0.0,"gold_gain":400.0,"event_name":"恩洛斯的盘子","player_choice":"Sell","floor":2.0,"relics_lost":["testmod-TestBox"],"gold_loss":0.0,"damage_taken":0.0},{"cards_removed":["Gensokyo:AllTheWorldsEvil"],"damage_healed":0.0,"max_hp_gain":0.0,"max_hp_loss":0.0,"gold_gain":0.0,"event_name":"Purifier","player_choice":"Purged","floor":36.0,"gold_loss":0.0,"damage_taken":0.0},{"damage_healed":0.0,"max_hp_gain":0.0,"max_hp_loss":0.0,"gold_gain":0.0,"event_name":"Upgrade Shrine","player_choice":"Upgraded","floor":38.0,"gold_loss":0.0,"damage_taken":0.0,"cards_upgraded":["MostiFishMod:InterfaceCompatibility"]},{"damage_healed":0.0,"max_hp_gain":0.0,"max_hp_loss":0.0,"gold_gain":0.0,"cards_transformed":["Dualcast"],"event_name":"Transmorgrifier","player_choice":"Transformed","floor":44.0,"gold_loss":0.0,"damage_taken":0.0,"cards_obtained":["Multi-Cast"]},{"damage_healed":0.0,"max_hp_gain":0.0,"max_hp_loss":0.0,"gold_gain":0.0,"event_name":"Upgrade Shrine","player_choice":"Upgraded","floor":53.0,"gold_loss":0.0,"damage_taken":0.0,"cards_upgraded":["MostiFishMod:Mottled"]}],"is_beta":false,"boss_relics":[{"not_picked":["testmod-HarvestTotem","testmod-Recursion"],"picked":"testmod-Nine"},{"not_picked":["Tiny House","testmod-BatchProcessingSystem"],"picked":"Mark of Pain"}],"items_purged_floors":[7,15,15,30,42,54],"is_endless":false,"potions_floor_spawned":[1,4,5,10,12,13,18,23,24,25,28,31,33,35,37,45,51],"killed_by":"","ascension_level":14}}