{"host":"7w1f7px7r26mario","time":1608089466,"event":{"mods":["Act Like it!","BaseMod","Conspire","Gensokyo","Lobotomy","LobotomyExtend","Minty Spire (QoL Compilation)","Quick Restart","Relic Stats","Replay The Spire","StSLib","TestMod","[IsaacMod]以撒尖塔","vexMod"],"gold_per_floor":[119,119,135,60,110,141,141,168,168,168,168,202,202,213,213,314,314,332,332,124,134,147,172,183,214,214,214,231,265,265,283,283,382,382,402,452,513,913,913,946,946,962,962,989,1000,1014,1039,247,247,247],"floor_reached":51,"playtime":5933,"items_purged":["Strike_R","Strike_R","ReplayTheSpireMod:Splinters"],"score":1477,"play_id":"a9a3d4e0-1cf2-46bd-934c-e0109589a8fb","local_time":"20201216113106","is_ascension_mode":true,"campfire_choices":[{"data":"Feed","floor":7.0,"key":"SMITH"},{"data":"Pot Of Greed","floor":15.0,"key":"SMITH"},{"data":"Pot Of Greed","floor":30.0,"key":"SMITH"},{"data":"Armaments","floor":32.0,"key":"SMITH"},{"data":"Rupture","floor":41.0,"key":"SMITH"},{"floor":49,"key":"DIG"}],"circlet_count":0,"master_deck":["Strike_R","Strike_R","Strike_R","Defend_R","Defend_R","Defend_R","Bash","ReplayTheSpireMod:Muscle Training","Gensokyo:CrescentMoonSlash","Feed+1","Sentinel","Rupture+1","Exhume","Pot Of Greed+1","Pot Of Greed","Offering","Sword Boomerang+1","Gensokyo:FourOfAKind","Gensokyo:FourOfAKind","Gensokyo:FourOfAKind","Gensokyo:FourOfAKind+1","testmod-HeadAttack+1","Spot Weakness","ReplayTheSpireMod:Strike From Hell+1","Pot Of Greed+1","Armaments+1","Eclipse","Reaper","Warcry+1","Limit Break","Doubt"],"relics":["Burning Blood","HushsDoor","TheBible","testmod-ChristmasGift","NeowsBlessing","LetterFromLob","YumHeart","vexMod:BarristanHead","Red Skull","Oddly Smooth Stone","testmod-Motorcycle","MealTicket","Grinning Jar","Gensokyo:NagashiBinaDoll","RedMistMask","vexMod:TanglingVine","BargainBundle","PreservedInsect","War Paint","testmod-Justice","D4","testmod-Nyarlathotep","Cursed Key","Mango","ReplayFunnel","HowToJump","Replay:Wax Seal","Eternal Feather","HornCleat","ReplayTheSpireMod:Shallot","TheBattery","testmod-Maize"],"acts_visited":["Gensokyo:Gensokyo","Gensokyo:Gensokyoer","TheBeyond"],"potions_floor_usage":[50,50,50,50,50,50,50,50,50],"damage_taken":[{"damage":0.0,"enemies":"Gensokyo:Gryphon","floor":1.0,"turns":1.0},{"damage":0.0,"enemies":"Gensokyo:Python","floor":3.0,"turns":1.0},{"damage":0.0,"enemies":"Hiden Room Battle","floor":5.0,"turns":1.0},{"damage":0.0,"enemies":"Gensokyo:Cirno","floor":6.0,"turns":4.0},{"damage":12.0,"enemies":"Gensokyo:Mamizou","floor":8.0,"turns":7.0},{"damage":5.0,"enemies":"Gensokyo:Cirno","floor":12.0,"turns":7.0},{"damage":2.0,"enemies":"Gensokyo:2_Kodama","floor":14.0,"turns":3.0},{"damage":1.0,"enemies":"Gensokyo:Reimu","floor":16.0,"turns":4.0},{"damage":2.0,"enemies":"Gensokyo:2_Gloops","floor":18.0,"turns":2.0},{"damage":34.0,"enemies":"Gensokyo:AngelMirror","floor":21.0,"turns":3.0},{"damage":27.0,"enemies":"Gensokyo:Wraith","floor":22.0,"turns":4.0},{"damage":13.0,"enemies":"Gensokyo:Koishi","floor":23.0,"turns":3.0},{"damage":9.0,"enemies":"Gensokyo:3_Gloops","floor":24.0,"turns":2.0},{"damage":11.0,"enemies":"Gensokyo:Reisen","floor":25.0,"turns":2.0},{"damage":13.0,"enemies":"Gensokyo:Swordslinger","floor":28.0,"turns":2.0},{"damage":10.0,"enemies":"Gensokyo:Tenshi","floor":29.0,"turns":2.0},{"damage":11.0,"enemies":"Gensokyo:Monolith_and_Dog","floor":31.0,"turns":3.0},{"damage":92.0,"enemies":"Gensokyo:Kaguya","floor":33.0,"turns":9.0},{"damage":14.0,"enemies":"Orb Walker","floor":35.0,"turns":2.0},{"damage":23.0,"enemies":"Mind Bloom Boss Battle","floor":36.0,"turns":5.0},{"damage":12.0,"enemies":"R_Hoarder","floor":40.0,"turns":4.0},{"damage":24.0,"enemies":"3 Shapes","floor":42.0,"turns":3.0},{"damage":36.0,"enemies":"Giant Head","floor":44.0,"turns":4.0},{"damage":3.0,"enemies":"Maw","floor":45.0,"turns":5.0},{"damage":28.0,"enemies":"Spire Growth","floor":46.0,"turns":2.0},{"damage":11,"enemies":"R_Hoarder","floor":47,"turns":4},{"damage":53,"enemies":"Time Eater","floor":50,"turns":5}],"seed_played":"-3235658394099344134","potions_obtained":[{"floor":1.0,"key":"Elixir"},{"floor":12.0,"key":"SpeedPotion"},{"floor":25.0,"key":"Swift Potion"},{"floor":28.0,"key":"PowerPotion"},{"floor":31.0,"key":"SpeedPotion"},{"floor":33.0,"key":"SpeedPotion"},{"floor":35.0,"key":"LiquidBronze"},{"floor":37.0,"key":"Strength Potion"},{"floor":45.0,"key":"Fire Potion"},{"floor":47,"key":"FearPotion"}],"is_trial":false,"path_per_floor":["M","?","M","$","?","E","R","E","T","?","?","E","?","M","R","B",null,"M","?","$","M","M","E","M","E","T","T","M","E","R","M","R","B",null,"M","?","?","?","?","E","R","M","T","E","M","M","E","$","R","B",null],"character_chosen":"IRONCLAD","items_purchased":["BargainBundle","testmod-HeadAttack","HornCleat","ReplayTheSpireMod:Shallot","TheBattery"],"campfire_rested":0,"item_purchase_floors":[20,20,48,48,48],"current_hp_per_floor":[78,70,76,76,80,80,80,80,80,80,65,80,80,84,84,84,84,84,59,59,59,47,49,56,55,55,55,51,49,49,63,63,51,60,63,81,81,81,81,79,79,81,81,81,81,74,85,85,85,83],"gold":247,"neow_bonus":"THREE_ENEMY_KILL","is_daily":false,"chose_seed":false,"campfire_upgraded":5,"win_rate":0.0,"timestamp":1608089466,"path_taken":["M","?","?","?","?","E","R","E","T","?","?","E","?","?","R","BOSS","M","?","$","M","M","E","M","E","T","?","?","E","R","M","R","BOSS","M","?","?","?","?","E","R","M","T","E","?","M","E","$","R","BOSS"],"items_purchased_type":["Relic","Card","Relic","Relic","Relic"],"build_version":"2020-12-13","purchased_purges":3,"victory":true,"max_hp_per_floor":[80,80,80,80,80,80,80,80,80,80,80,80,80,84,84,84,84,84,59,59,59,59,59,63,63,63,63,63,63,63,63,63,63,63,63,81,81,81,81,81,81,81,81,81,81,85,85,85,85,85],"relic_stats":{"counters":[27,94],"MealTicket":0,"Eternal Feather":0,"PreservedInsect":356,"War Paint":["testmod-HeadAttack","Gensokyo:FourOfAKind"],"Cursed Key":1,"obtain_stats":[{"ReplayFunnel":37,"Mango":36,"Gensokyo:NagashiBinaDoll":13,"vexMod:TanglingVine":17,"testmod-Nyarlathotep":29,"TheBattery":48,"Cursed Key":34,"Burning Blood":0,"Frozen Eye":23,"HornCleat":48,"testmod-Motorcycle":9,"MealTicket":11,"Replay:Wax Seal":44,"testmod-ChristmasGift":0,"Red Skull":6,"KeepersGift":0,"testmod-Maize":49,"BargainBundle":20,"testmod-TestBox":0,"NeowsBlessing":0,"HowToJump":40,"Oddly Smooth Stone":8,"Eternal Feather":47,"PreservedInsect":23,"War Paint":25,"testmod-Justice":26,"D4":27,"YumHeart":5,"vexMod:BarristanHead":5,"TheBible":0,"ReplayTheSpireMod:Shallot":48,"RedMistMask":16,"LetterFromLob":1,"Grinning Jar":12,"HushsDoor":0},{"ReplayFunnel":20,"Mango":20,"Gensokyo:NagashiBinaDoll":6,"vexMod:TanglingVine":8,"testmod-Nyarlathotep":16,"TheBattery":26,"Cursed Key":18,"Burning Blood":0,"Frozen Eye":11,"HornCleat":26,"testmod-Motorcycle":5,"MealTicket":5,"Replay:Wax Seal":23,"testmod-ChristmasGift":0,"Red Skull":4,"KeepersGift":0,"testmod-Maize":26,"BargainBundle":9,"testmod-TestBox":0,"NeowsBlessing":0,"HowToJump":21,"Oddly Smooth Stone":5,"Eternal Feather":26,"PreservedInsect":12,"War Paint":14,"testmod-Justice":14,"D4":14,"YumHeart":3,"vexMod:BarristanHead":3,"TheBible":0,"ReplayTheSpireMod:Shallot":26,"RedMistMask":8,"LetterFromLob":1,"Grinning Jar":6,"HushsDoor":0},{"ReplayFunnel":67,"Mango":67,"Gensokyo:NagashiBinaDoll":21,"vexMod:TanglingVine":28,"testmod-Nyarlathotep":48,"TheBattery":89,"Cursed Key":60,"Burning Blood":0,"Frozen Eye":37,"HornCleat":89,"testmod-Motorcycle":14,"MealTicket":14,"Replay:Wax Seal":78,"testmod-ChristmasGift":0,"Red Skull":7,"KeepersGift":0,"testmod-Maize":89,"BargainBundle":30,"testmod-TestBox":0,"NeowsBlessing":0,"HowToJump":71,"Oddly Smooth Stone":14,"Eternal Feather":89,"PreservedInsect":40,"War Paint":44,"testmod-Justice":44,"D4":44,"YumHeart":3,"vexMod:BarristanHead":3,"TheBible":0,"ReplayTheSpireMod:Shallot":89,"RedMistMask":28,"LetterFromLob":1,"Grinning Jar":21,"HushsDoor":0}],"Burning Blood":98},"card_choices":[{"not_picked":[],"picked":"Bomb","floor":0.0},{"not_picked":["True Grit","Iron Wave"],"picked":"ReplayTheSpireMod:Muscle Training","floor":1.0},{"not_picked":["Clash","Warcry","Heavy Blade"],"picked":"SKIP","floor":3.0},{"not_picked":["Cleave","Evolve"],"picked":"Feed","floor":5.0},{"not_picked":["Havoc","Iron Wave"],"picked":"Sentinel","floor":6.0},{"not_picked":["Anger","Run Through","Body Slam"],"picked":"SKIP","floor":8.0},{"not_picked":["Armaments","Rampage"],"picked":"Rupture","floor":10.0},{"not_picked":["Second Wind","Pommel Strike"],"picked":"Exhume","floor":10.0},{"not_picked":["Defy Death","Flex","Shrug It Off"],"picked":"SKIP","floor":12.0},{"not_picked":["Headbutt","Perfected Strike","Pommel Strike"],"picked":"SKIP","floor":14.0},{"not_picked":["Double Tap","Corruption"],"picked":"Offering","floor":16.0},{"not_picked":["Cleave","Flame Barrier"],"picked":"Sword Boomerang+1","floor":18.0},{"not_picked":["Evolve","Replay:Undeath\u0027s Touch"],"picked":"Spot Weakness","floor":21.0},{"not_picked":["Brutality","Warcry","Pummel"],"picked":"SKIP","floor":22.0},{"not_picked":["Carnage+1","Entrench+1"],"picked":"ReplayTheSpireMod:Strike From Hell+1","floor":23.0},{"not_picked":["Sword Boomerang+1","ReplayTheSpireMod:Strike From Hell","Clash"],"picked":"SKIP","floor":24.0},{"not_picked":["True Grit","Pommel Strike","ReplayReversal"],"picked":"SKIP","floor":25.0},{"not_picked":["Wild Strike","Warcry+1"],"picked":"Armaments","floor":28.0},{"not_picked":["Whirlwind","Body Slam","Sentinel"],"picked":"SKIP","floor":29.0},{"not_picked":["Twin Strike+1","Clothesline"],"picked":"Eclipse","floor":31.0},{"not_picked":["Berserk","Offering"],"picked":"Reaper","floor":33.0},{"not_picked":["Flex","Headbutt+1","Entrench+1"],"picked":"SKIP","floor":35.0},{"not_picked":["Pommel Strike","Perfected Strike+1"],"picked":"Warcry+1","floor":37.0},{"not_picked":["Flex","Armaments+1","Cleave"],"picked":"SKIP","floor":40.0},{"not_picked":["Dropkick","Sever Soul","Replay:Undeath\u0027s Touch+1"],"picked":"SKIP","floor":42.0},{"not_picked":["Iron Wave","Cleave+1","Blood for Blood"],"picked":"SKIP","floor":44.0},{"not_picked":["Headbutt+1","Burning Pact","Perfected Strike+1"],"picked":"SKIP","floor":45.0},{"not_picked":["Body Slam+1","Run Through","Clothesline+1"],"picked":"SKIP","floor":46.0},{"not_picked":["Pommel Strike+1","Reckless Charge+1","Uppercut+1"],"picked":"SKIP","floor":47}],"player_experience":187095,"relics_obtained":[{"floor":1.0,"key":"LetterFromLob"},{"floor":5.0,"key":"YumHeart"},{"floor":5.0,"key":"vexMod:BarristanHead"},{"floor":6.0,"key":"Red Skull"},{"floor":8.0,"key":"Oddly Smooth Stone"},{"floor":9.0,"key":"testmod-Motorcycle"},{"floor":12.0,"key":"Grinning Jar"},{"floor":16.0,"key":"RedMistMask"},{"floor":23.0,"key":"PreservedInsect"},{"floor":25.0,"key":"War Paint"},{"floor":26.0,"key":"testmod-Justice"},{"floor":27.0,"key":"D4"},{"floor":29.0,"key":"testmod-Nyarlathotep"},{"floor":36.0,"key":"Mango"},{"floor":37.0,"key":"ReplayFunnel"},{"floor":40.0,"key":"HowToJump"},{"floor":44.0,"key":"Replay:Wax Seal"},{"floor":47,"key":"Eternal Feather"},{"floor":49,"key":"testmod-Maize"}],"event_choices":[{"damage_healed":0.0,"max_hp_gain":0.0,"max_hp_loss":0.0,"gold_gain":0.0,"event_name":"HidenRoomEvent","player_choice":"Fight","floor":5.0,"gold_loss":0.0,"damage_taken":0.0},{"damage_healed":0.0,"max_hp_gain":0.0,"max_hp_loss":0.0,"gold_gain":0.0,"event_name":"MindBloom","player_choice":"Fight","floor":36.0,"gold_loss":0.0,"damage_taken":0.0},{"damage_healed":0.0,"max_hp_gain":0.0,"max_hp_loss":0.0,"gold_gain":400.0,"event_name":"恩洛斯的盘子","player_choice":"Sell","floor":38.0,"relics_lost":["testmod-TestBox"],"gold_loss":0.0,"damage_taken":0.0},{"damage_healed":0.0,"max_hp_gain":0.0,"max_hp_loss":0.0,"gold_gain":0.0,"cards_transformed":["Defend_R"],"event_name":"Transmorgrifier","player_choice":"Transformed","floor":39.0,"gold_loss":0.0,"damage_taken":0.0,"cards_obtained":["Limit Break"]}],"is_beta":false,"boss_relics":[{"not_picked":["testmod-NegativeEmotionEnhancer","Black Blood"],"picked":"vexMod:TanglingVine"},{"not_picked":[]},{"not_picked":["conspire:RunicOctahedron","conspire:SeveredTorchhead"],"picked":"Cursed Key"},{"not_picked":[]}],"items_purged_floors":[4,20,48],"is_endless":false,"potions_floor_spawned":[1,12,14,18,23,25,28,31,33,35,40,45,47],"ascension_level":6}}