{"host":"pf47v7h0307523iy","time":1608141396,"event":{"mods":["BaseMod","Minty Spire (QoL Compilation)"],"gold_per_floor":[117,134,59,59,75,75,105,105,105,125,142,142,28,62,62,139,139,156,156,156,171,171,171,171],"floor_reached":23,"playtime":1138,"items_purged":["Strike_G"],"score":398,"play_id":"0b8fc9e3-bba5-4c8c-9136-47cffd4cc12c","local_time":"20201216195636","is_ascension_mode":true,"campfire_choices":[{"data":"Noxious Fumes","floor":6,"key":"SMITH"},{"data":"Masterful Stab","floor":8,"key":"SMITH"},{"floor":12,"key":"REST"},{"data":"Crippling Poison","floor":15,"key":"SMITH"}],"circlet_count":0,"master_deck":["AscendersBane","Strike_G","Strike_G","Strike_G","Defend_G","Defend_G","Defend_G","Defend_G","Defend_G","Survivor","Neutralize","Masterful Stab+1","Blade Dance","Noxious Fumes+1","Burst","Leg Sweep","PiercingWail","Crippling Poison+1","Escape Plan","Envenom","RitualDagger","Cloak And Dagger"],"relics":["Ring of the Snake","Bottled Flame","Centennial Puzzle","Eternal Feather","Black Star","Akabeko"],"acts_visited":["Exordium","TheCity"],"potions_floor_usage":[7,14,14,23,23],"damage_taken":[{"damage":1,"enemies":"2 Louse","floor":1,"turns":3},{"damage":1,"enemies":"Small Slimes","floor":2,"turns":3},{"damage":2,"enemies":"Jaw Worm","floor":5,"turns":5},{"damage":34,"enemies":"Gremlin Nob","floor":7,"turns":4},{"damage":0,"enemies":"Blue Slaver","floor":10,"turns":4},{"damage":5,"enemies":"Large Slime","floor":11,"turns":5},{"damage":3,"enemies":"3 Sentries","floor":14,"turns":8},{"damage":11,"enemies":"Hexaghost","floor":16,"turns":11},{"damage":16,"enemies":"Chosen","floor":18,"turns":6},{"damage":15,"enemies":"2 Thieves","floor":21,"turns":4},{"damage":34,"enemies":"Gremlin Leader","floor":23,"turns":5}],"seed_played":"697354968910000850","potions_obtained":[{"floor":5,"key":"BlessingOfTheForge"},{"floor":7,"key":"BlessingOfTheForge"},{"floor":11,"key":"BlessingOfTheForge"},{"floor":16,"key":"Strength Potion"},{"floor":21,"key":"PowerPotion"}],"is_trial":false,"path_per_floor":["M","M","?","?","M","R","E","R","T","M","M","R","$","E","R","B",null,"M","?","T","M","?","E"],"character_chosen":"THE_SILENT","items_purchased":["Crippling Poison"],"campfire_rested":1,"item_purchase_floors":[13],"current_hp_per_floor":[64,63,63,68,66,66,32,32,32,32,27,50,50,47,56,45,69,53,47,47,32,32,0,0],"gold":171,"neow_bonus":"TEN_PERCENT_HP_BONUS","is_daily":false,"chose_seed":false,"campfire_upgraded":3,"win_rate":0.0,"timestamp":1608141396,"path_taken":["M","M","?","?","M","R","E","R","T","M","M","R","$","E","R","BOSS","M","?","?","M","?","E"],"items_purchased_type":["Card"],"build_version":"2020-12-13","purchased_purges":1,"victory":false,"max_hp_per_floor":[72,72,72,77,77,77,77,77,77,77,77,77,77,77,77,77,77,77,77,77,77,77,77,77],"card_choices":[{"not_picked":["Sucker Punch","Distraction"],"picked":"Masterful Stab","floor":1},{"not_picked":["Flying Knee","Dagger Spray"],"picked":"Blade Dance","floor":2},{"not_picked":["Calculated Gamble","Distraction"],"picked":"Noxious Fumes","floor":5},{"not_picked":["Poisoned Stab","Terror"],"picked":"Burst","floor":7},{"not_picked":["Infinite Blades","Prepared"],"picked":"Leg Sweep","floor":10},{"not_picked":["Outmaneuver","Dodge and Roll"],"picked":"PiercingWail","floor":11},{"not_picked":["Flying Knee","Poisoned Stab"],"picked":"Escape Plan","floor":14},{"not_picked":["Malaise","Tools of the Trade"],"picked":"Envenom","floor":16},{"not_picked":["Tactician","Deadly Poison","Poisoned Stab"],"picked":"SKIP","floor":18},{"not_picked":["Calculated Gamble","All Out Attack"],"picked":"Cloak And Dagger","floor":21}],"player_experience":1491115,"relics_obtained":[{"floor":7,"key":"Bottled Flame"},{"floor":9,"key":"Centennial Puzzle"},{"floor":14,"key":"Eternal Feather"},{"floor":20,"key":"Akabeko"}],"event_choices":[{"cards_removed":["Strike_G"],"damage_healed":0,"gold_gain":0,"player_choice":"Card Removal","damage_taken":0,"max_hp_gain":0,"max_hp_loss":0,"event_name":"The Cleric","floor":3,"gold_loss":75},{"damage_healed":0,"gold_gain":0,"player_choice":"Donut","damage_taken":0,"max_hp_gain":5,"max_hp_loss":0,"event_name":"Big Fish","floor":4,"gold_loss":0},{"damage_healed":0,"gold_gain":0,"player_choice":"Joined the Cult","damage_taken":6,"max_hp_gain":0,"max_hp_loss":0,"event_name":"Nest","floor":19,"gold_loss":0,"cards_obtained":["RitualDagger"]},{"damage_healed":0,"gold_gain":0,"player_choice":"Ignored","damage_taken":0,"max_hp_gain":0,"max_hp_loss":0,"event_name":"Vampires","floor":22,"gold_loss":0}],"is_beta":false,"boss_relics":[{"not_picked":["SlaversCollar","Cursed Key"],"picked":"Black Star"}],"items_purged_floors":[13],"is_endless":false,"potions_floor_spawned":[5,7,11,16,21],"killed_by":"Gremlin Leader","ascension_level":20}}