{"host":"6xsbn6ynqlzwllfm","time":1608141183,"event":{"mods":["2.2 Compatiblity","BaseMod","Bestiary","Colored Map","Colored Powertips","Curses Come First","Downfall","Highlight Path","Minty Spire (QoL Compilation)","Quick Restart","Relic Stats","Slay the Relics Exporter","StSLib","SuperFastMode"],"gold_per_floor":[114,125,140,215,43,43,72,72,125,145,160,160,191,204,204,278,278,298,17,17,67,86,86,106,106,155,170,186,217,217,107,107,183,183,195,219,232,248,261,261,261],"floor_reached":40,"playtime":995,"items_purged":["Strike_R"],"score":840,"play_id":"23dcf562-7d65-4ef4-a096-ff507b4f87c4","local_time":"20201216125303","is_ascension_mode":true,"campfire_choices":[{"data":"Perfected Strike","floor":6.0,"key":"SMITH"},{"data":"Bash","floor":15.0,"key":"SMITH"},{"data":"Inflame","floor":23.0,"key":"SMITH"},{"data":"Limit Break","floor":25.0,"key":"SMITH"},{"data":"Uppercut","floor":30.0,"key":"SMITH"},{"data":"Defend_R","floor":32.0,"key":"SMITH"}],"circlet_count":0,"master_deck":["AscendersBane","Strike_R","Strike_R","Defend_R","Defend_R","Defend_R+1","Defend_R","Bash+1","Perfected Strike+1","Whirlwind+1","Thunderclap","Reaper","Limit Break+1","Headbutt","Inflame+1","Armaments+1","Intimidate","Uppercut+1","Pommel Strike+1","True Grit","Warcry","Burning Pact+1"],"relics":["Busted Crown","Red Skull","Nunchaku","Oddly Smooth Stone","Question Card","Runic Pyramid","OrangePellets","Dream Catcher","Happy Flower","SlaversCollar","Omamori"],"acts_visited":["TheCity","TheBeyond"],"potions_floor_usage":[],"damage_taken":[{"damage":1.0,"enemies":"Small Slimes","floor":1.0,"turns":3.0},{"damage":8.0,"enemies":"2 Louse","floor":2.0,"turns":2.0},{"damage":0.0,"enemies":"Cultist","floor":3.0,"turns":2.0},{"damage":8.0,"enemies":"Gremlin Nob","floor":7.0,"turns":3.0},{"damage":6.0,"enemies":"2 Fungi Beasts","floor":10.0,"turns":2.0},{"damage":0.0,"enemies":"Lots of Slimes","floor":11.0,"turns":2.0},{"damage":8.0,"enemies":"3 Sentries","floor":13.0,"turns":6.0},{"damage":9.0,"enemies":"3 Louse","floor":14.0,"turns":2.0},{"damage":40.0,"enemies":"Hexaghost","floor":16.0,"turns":8.0},{"damage":31.0,"enemies":"Shell Parasite","floor":18.0,"turns":5.0},{"damage":0.0,"enemies":"Chosen","floor":22.0,"turns":3.0},{"damage":3.0,"enemies":"Centurion and Healer","floor":24.0,"turns":3.0},{"damage":24.0,"enemies":"Snake Plant","floor":27.0,"turns":4.0},{"damage":17.0,"enemies":"Snecko","floor":28.0,"turns":5.0},{"damage":22.0,"enemies":"Gremlin Leader","floor":29.0,"turns":4.0},{"damage":36.0,"enemies":"Collector","floor":33.0,"turns":9.0},{"damage":14.0,"enemies":"Orb Walker","floor":35.0,"turns":4.0},{"damage":64.0,"enemies":"3 Darklings","floor":37.0,"turns":4.0},{"damage":30.0,"enemies":"Jaw Worm Horde","floor":38.0,"turns":3.0},{"damage":22,"enemies":"Sphere and 2 Shapes","floor":39,"turns":4},{"damage":21,"enemies":"Giant Head","floor":40,"turns":4}],"seed_played":"-8763573972375934824","potions_obtained":[{"floor":3.0,"key":"hexamod:EctoCoolerPotion"},{"floor":10.0,"key":"Regen Potion"},{"floor":11.0,"key":"SpeedPotion"},{"floor":13.0,"key":"SteroidPotion"},{"floor":22.0,"key":"hexamod:EctoCoolerPotion"},{"floor":29.0,"key":"Fire Potion"},{"floor":37.0,"key":"SpeedPotion"},{"floor":39,"key":"AttackPotion"}],"is_trial":false,"path_per_floor":["M","M","M","?","$","R","E","?","T","M","M","?","E","M","R","B",null,"M","$","?","?","M","R","M","R","T","M","M","E","R","?","R","B",null,"M","T","M","M","M","E"],"character_chosen":"IRONCLAD","items_purchased":["Red Skull","OrangePellets","Inflame"],"campfire_rested":0,"item_purchase_floors":[5,19,19],"current_hp_per_floor":[67,59,59,48,48,48,40,40,40,34,34,34,26,38,38,23,62,37,37,37,37,37,37,34,34,34,31,38,75,75,75,75,75,75,69,69,38,8,16,0,0],"gold":261,"neow_bonus":"BOSS_RELIC","is_daily":false,"chose_seed":false,"campfire_upgraded":6,"win_rate":0.0,"timestamp":1608141183,"path_taken":["M","M","M","?","$","R","E","?","T","?","M","?","E","?","R","BOSS","M","$","?","?","?","R","M","R","T","M","M","E","R","?","R","BOSS","M","?","M","M","M","E"],"items_purchased_type":["Relic","Relic","Card"],"build_version":"2020-12-13","purchased_purges":1,"victory":false,"max_hp_per_floor":[75,75,75,75,75,75,75,75,75,75,75,75,75,75,75,75,75,75,75,75,75,75,75,75,75,75,75,75,75,75,75,75,75,75,75,75,75,75,75,75,75],"relic_stats":{"OrangePellets":[4],"Nunchaku":[12],"Dream Catcher":0,"Busted Crown":40,"Happy Flower":[9],"counters":[21,82],"Question Card":13,"obtain_stats":[{"OrangePellets":19,"SlaversCollar":34,"Nunchaku":7,"Dream Catcher":26,"Busted Crown":0,"Happy Flower":29,"Oddly Smooth Stone":9,"Omamori":36,"Question Card":13,"Burning Blood":0,"Red Skull":5,"Runic Pyramid":17},{"OrangePellets":10,"SlaversCollar":16,"Nunchaku":4,"Dream Catcher":12,"Busted Crown":0,"Happy Flower":15,"Oddly Smooth Stone":4,"Omamori":17,"Question Card":7,"Burning Blood":0,"Red Skull":3,"Runic Pyramid":9},{"OrangePellets":35,"SlaversCollar":63,"Nunchaku":10,"Dream Catcher":41,"Busted Crown":0,"Happy Flower":54,"Oddly Smooth Stone":10,"Omamori":67,"Question Card":20,"Burning Blood":0,"Red Skull":7,"Runic Pyramid":30}]},"card_choices":[{"not_picked":[],"picked":"Perfected Strike","floor":1.0},{"not_picked":["Flex"],"picked":"SKIP","floor":2.0},{"not_picked":["Body Slam"],"picked":"SKIP","floor":3.0},{"not_picked":[],"picked":"Whirlwind","floor":7.0},{"not_picked":["Blood for Blood"],"picked":"SKIP","floor":10.0},{"not_picked":[],"picked":"Thunderclap","floor":11.0},{"not_picked":[],"picked":"Reaper","floor":13.0},{"not_picked":["Anger","Heavy Blade"],"picked":"SKIP","floor":14.0},{"not_picked":["Fiend Fire"],"picked":"Limit Break","floor":16.0},{"not_picked":["Shrug It Off"],"picked":"Headbutt","floor":18.0},{"not_picked":["Metallicize"],"picked":"Armaments+1","floor":22.0},{"not_picked":["Havoc"],"picked":"Intimidate","floor":24.0},{"not_picked":["Rampage"],"picked":"Uppercut","floor":27.0},{"not_picked":["Exhume","Carnage"],"picked":"SKIP","floor":28.0},{"not_picked":["Searing Blow"],"picked":"Pommel Strike+1","floor":29.0},{"not_picked":["Metallicize"],"picked":"True Grit","floor":35.0},{"not_picked":["Body Slam"],"picked":"Warcry","floor":37.0},{"not_picked":["Metallicize","Headbutt"],"picked":"SKIP","floor":38.0},{"not_picked":["Dual Wield"],"picked":"Burning Pact+1","floor":39}],"player_experience":1225313,"relics_obtained":[{"floor":7.0,"key":"Nunchaku"},{"floor":9.0,"key":"Oddly Smooth Stone"},{"floor":13.0,"key":"Question Card"},{"floor":26.0,"key":"Dream Catcher"},{"floor":29.0,"key":"Happy Flower"},{"floor":36.0,"key":"Omamori"}],"event_choices":[{"damage_healed":0.0,"max_hp_gain":0.0,"max_hp_loss":0.0,"gold_gain":75.0,"event_name":"World of Goop","player_choice":"Gather Gold","floor":4.0,"gold_loss":0.0,"damage_taken":11.0},{"damage_healed":0.0,"max_hp_gain":0.0,"max_hp_loss":0.0,"gold_gain":0.0,"cards_transformed":["Strike_R"],"event_name":"Transmorgrifier","player_choice":"Transformed","floor":8.0,"gold_loss":0.0,"damage_taken":0.0,"cards_obtained":["Berserk"]},{"cards_removed":["Berserk"],"damage_healed":0.0,"max_hp_gain":0.0,"max_hp_loss":0.0,"gold_gain":0.0,"event_name":"Purifier","player_choice":"Purged","floor":12.0,"gold_loss":0.0,"damage_taken":0.0},{"damage_healed":0.0,"max_hp_gain":0.0,"max_hp_loss":0.0,"gold_gain":0.0,"event_name":"Vampires","player_choice":"Ignored","floor":20.0,"gold_loss":0.0,"damage_taken":0.0},{"damage_healed":0.0,"max_hp_gain":0.0,"max_hp_loss":0.0,"gold_gain":50.0,"event_name":"Golden Shrine","player_choice":"Pray","floor":21.0,"gold_loss":0.0,"damage_taken":0.0},{"cards_removed":["Strike_R"],"damage_healed":0.0,"max_hp_gain":0.0,"max_hp_loss":0.0,"gold_gain":0.0,"event_name":"Designer","player_choice":"Upgrade and Remove","floor":31.0,"gold_loss":110.0,"damage_taken":0.0,"cards_upgraded":["Whirlwind"]}],"is_beta":false,"boss_relics":[{"not_picked":["Ectoplasm","Cursed Key"],"picked":"Runic Pyramid"},{"not_picked":["Astrolabe","Runic Dome"],"picked":"SlaversCollar"}],"items_purged_floors":[19],"is_endless":false,"potions_floor_spawned":[3,10,11,13,14,22,29,33,37,39],"killed_by":"Giant Head","ascension_level":20}}