{"host":"usrgk25etjl0nf5i","time":1608088759,"event":{"mods":["2.2 Compatiblity","BaseMod","Downfall","Hermit","Hubris","Minty Spire (QoL Compilation)","StSLib","SuperFastMode","The Disciple","The Hierophant"],"gold_per_floor":[99,549,549,474,62,93,93,123,123,161,181,202,225,225,246,246,246],"floor_reached":16,"playtime":859,"items_purged":["Slimebound:Icky"],"score":124,"play_id":"eb85886e-33da-40da-ab9f-5d7e3da243ce","local_time":"20201215191919","is_ascension_mode":true,"campfire_choices":[{"floor":1,"key":"RECALL"},{"data":"champ:Taunt","floor":4,"key":"SMITH"},{"data":"champ:IronFortress","floor":9,"key":"SMITH"}],"circlet_count":0,"master_deck":["champ:Strike","champ:Strike","champ:Strike","champ:Strike","champ:Defend","champ:Defend","champ:Defend","champ:Defend","champ:Execute","champ:Taunt+1","Slimebound:Icky","Slimebound:Icky","champ:FanOfKnives","champ:BladeFlurry","champ:CalledShot","champ:Aggression","champ:IronFortress+1","champ:AdrenalArmor","champ:AdrenalArmor","champ:IgnorePain","champ:RageSigil","champ:Aggression"],"relics":["champ:ChampionCrown","downfall:HeartBlessingRed","Kunai","Letter Opener","Darkstone Periapt","Bottled Flame","CeramicFish","GremlinMask"],"acts_visited":["Exordium"],"potions_floor_usage":[6,8,8,13,16],"damage_taken":[{"damage":5,"enemies":"downfall:FleeingMerchant","floor":5,"turns":4},{"damage":38,"enemies":"3 Sentries","floor":6,"turns":9},{"damage":27,"enemies":"Gremlin Nob","floor":8,"turns":4},{"damage":30,"enemies":"Lagavulin","floor":10,"turns":7},{"damage":3,"enemies":"Jaw Worm","floor":11,"turns":2},{"damage":4,"enemies":"Small Slimes","floor":12,"turns":2},{"damage":9,"enemies":"Cultist","floor":13,"turns":3},{"damage":10,"enemies":"3 Louse","floor":15,"turns":4},{"damage":35,"enemies":"downfall:Ironclad","floor":16,"turns":3}],"seed_played":"-5429110104248915093","potions_obtained":[{"floor":3,"key":"SkillPotion"},{"floor":3,"key":"champ:OpenerPotion"},{"floor":3,"key":"Ancient Potion"},{"floor":10,"key":"GamblersBrew"},{"floor":11,"key":"Strength Potion"},{"floor":12,"key":"Fire Potion"},{"floor":15,"key":"AttackPotion"}],"is_trial":false,"path_per_floor":["R","?","?","R","$","E","T","E","R","E","M","M","M","?","M","B"],"character_chosen":"THE_CHAMP","items_purchased":["Kunai","champ:BladeFlurry","champ:CalledShot"],"campfire_rested":0,"item_purchase_floors":[5,5,5],"current_hp_per_floor":[99,99,99,99,99,72,72,52,52,32,32,30,26,26,27,0,0],"gold":246,"neow_bonus":"TEN_PERCENT_HP_BONUS","is_daily":false,"chose_seed":false,"campfire_upgraded":2,"win_rate":0.0,"timestamp":1608088759,"path_taken":["R","?","?","R","$","E","T","E","R","E","?","M","M","?","M","BOSS"],"items_purchased_type":["Relic","Card","Card"],"build_version":"2020-12-13","purchased_purges":1,"victory":false,"max_hp_per_floor":[99,99,99,99,99,99,99,99,99,99,99,99,99,99,99,99,99],"card_choices":[{"not_picked":["champ:AdrenalArmor","champ:BerserkersShout"],"picked":"champ:FanOfKnives","floor":5},{"not_picked":["champ:EnGarde","champ:Circumvent"],"picked":"champ:Aggression","floor":6},{"not_picked":["champ:Control","champ:StanceDance"],"picked":"champ:IronFortress","floor":8},{"not_picked":["champ:ShieldSigil","champ:ArenaPreparation"],"picked":"champ:AdrenalArmor","floor":10},{"not_picked":["champ:FanOfKnives","champ:BladeFlurry"],"picked":"champ:AdrenalArmor","floor":11},{"not_picked":["champ:FocusedDefense","champ:DefensiveShout"],"picked":"champ:IgnorePain","floor":12},{"not_picked":["champ:FightOn","champ:FalseCounter"],"picked":"champ:RageSigil","floor":13},{"not_picked":["champ:SwordSigil","champ:FanOfKnives"],"picked":"champ:Aggression","floor":15}],"player_experience":646518,"relics_obtained":[{"floor":6,"key":"Letter Opener"},{"floor":7,"key":"Darkstone Periapt"},{"floor":8,"key":"Bottled Flame"},{"floor":10,"key":"CeramicFish"}],"event_choices":[{"damage_healed":0,"gold_gain":0,"player_choice":"Got Potions","damage_taken":0,"max_hp_gain":0,"max_hp_loss":0,"event_name":"Lab","floor":3,"gold_loss":0},{"damage_healed":0,"gold_gain":0,"player_choice":"Trade","damage_taken":0,"relics_obtained":["GremlinMask"],"max_hp_gain":0,"max_hp_loss":0,"event_name":"FaceTrader","floor":14,"gold_loss":0}],"is_beta":false,"boss_relics":[],"items_purged_floors":[5],"is_endless":false,"potions_floor_spawned":[10,11,12,15],"killed_by":"downfall:Ironclad","ascension_level":1}}