{"host":"o2evyl5sbrgotc3u","time":1608090650,"event":{"mods":["AchievementEnabler","BaseMod","Colored Map","DeckTracker","Faster Ascension Climbing","Keyboard Shortcuts","Minty Spire (QoL Compilation)","Permanent Neow","Quick Restart","Relic Stats","StSLib","SuperFastMode","everything is the same but u backflip on backflip"],"gold_per_floor":[114,129,129,141,66,66,66,92,92,92,92],"floor_reached":10,"playtime":217,"items_purged":["Strike_B"],"score":79,"play_id":"b8db9810-fd2d-4764-8852-f64019d85985","local_time":"20201216125050","is_ascension_mode":true,"campfire_choices":[{"data":"Dualcast","floor":6.0,"key":"SMITH"}],"circlet_count":0,"master_deck":["Strike_B","Strike_B","Strike_B","Defend_B","Defend_B","Defend_B","Defend_B","Zap","Dualcast+1","Seek","Ball Lightning","Streamline","Rebound","Ball Lightning"],"relics":["Cracked Core","Ornamental Fan","PreservedInsect","Gremlin Horn"],"acts_visited":["Exordium"],"potions_floor_usage":[],"damage_taken":[{"damage":2.0,"enemies":"2 Louse","floor":1.0,"turns":3.0},{"damage":7.0,"enemies":"Jaw Worm","floor":2.0,"turns":3.0},{"damage":0.0,"enemies":"Cultist","floor":4.0,"turns":2.0},{"damage":31,"enemies":"Gremlin Nob","floor":8,"turns":4},{"damage":15,"enemies":"3 Sentries","floor":10,"turns":2}],"seed_played":"-6802241617349595899","potions_obtained":[{"floor":8,"key":"LiquidBronze"}],"is_trial":false,"path_per_floor":["M","M","?","M","$","R","?","E","T","E"],"character_chosen":"DEFECT","items_purchased":[],"campfire_rested":0,"item_purchase_floors":[],"current_hp_per_floor":[52,45,50,50,50,50,43,12,12,0,0],"gold":92,"neow_bonus":"THREE_RARE_CARDS","is_daily":false,"chose_seed":false,"campfire_upgraded":1,"win_rate":0.0,"timestamp":1608090650,"path_taken":["M","M","?","M","$","R","?","E","T","E"],"items_purchased_type":[],"build_version":"2020-12-13","purchased_purges":1,"victory":false,"max_hp_per_floor":[75,75,80,80,80,80,80,80,80,80,80],"relic_stats":{"Gremlin Horn":[1,1],"counters":[5,14],"Ornamental Fan":[0],"PreservedInsect":30,"obtain_stats":[{"Gremlin Horn":9,"Ornamental Fan":7,"PreservedInsect":8,"Cracked Core":0},{"Gremlin Horn":4,"Ornamental Fan":3,"PreservedInsect":4,"Cracked Core":0},{"Gremlin Horn":12,"Ornamental Fan":8,"PreservedInsect":12,"Cracked Core":0}]},"card_choices":[{"not_picked":["Buffer","Reboot"],"picked":"Seek","floor":0.0},{"not_picked":["Streamline","Hologram"],"picked":"Ball Lightning","floor":1.0},{"not_picked":["Rebound","Gash"],"picked":"Streamline","floor":2.0},{"not_picked":["Coolheaded","Gash"],"picked":"Rebound","floor":4.0},{"not_picked":["Steam","Defragment"],"picked":"Ball Lightning","floor":8}],"player_experience":285230,"relics_obtained":[{"floor":8,"key":"PreservedInsect"},{"floor":9,"key":"Gremlin Horn"}],"event_choices":[{"damage_healed":0.0,"max_hp_gain":5.0,"max_hp_loss":0.0,"gold_gain":0.0,"event_name":"Big Fish","player_choice":"Donut","floor":3.0,"gold_loss":0.0,"damage_taken":0.0},{"damage_healed":0.0,"max_hp_gain":0.0,"max_hp_loss":0.0,"gold_gain":0.0,"event_name":"Scrap Ooze","player_choice":"Success","floor":7.0,"gold_loss":0.0,"damage_taken":7.0,"relics_obtained":["Ornamental Fan"]}],"is_beta":false,"boss_relics":[],"items_purged_floors":[5],"is_endless":false,"potions_floor_spawned":[8],"killed_by":"3 Sentries","ascension_level":4}}