{"host":"q9718omregw4er46","time":1608153491,"event":{"mods":["BaseMod","Bestiary","Colored Powertips","Custom Start","Highlight Path","Minty Spire (QoL Compilation)","Practice Mode","Quick Restart","Relic Stats"],"gold_per_floor":[116,130,130,15,27,27,55,55,78,89,120,120,153,167,167,240,240,260,277,293,317,317,343,343,343,343],"floor_reached":25,"playtime":744,"items_purged":[],"score":665,"play_id":"579f119b-1e21-429b-9ab2-11d8d6463662","local_time":"20201217021811","is_ascension_mode":true,"campfire_choices":[{"data":"Eruption","floor":6,"key":"SMITH"},{"data":"TalkToTheHand","floor":12,"key":"SMITH"},{"data":"WaveOfTheHand","floor":15,"key":"SMITH"},{"data":"Ghostly","floor":24,"key":"SMITH"}],"circlet_count":0,"master_deck":["AscendersBane","Strike_P+1","Strike_P","Strike_P+1","Strike_P","Defend_P+1","Defend_P","Defend_P","Defend_P","Eruption+1","Vigilance","Halt+1","Consecrate+1","Tantrum","EmptyMind","FlurryOfBlows","WaveOfTheHand+1","TalkToTheHand+1","EmptyFist","Blasphemy","Halt","Injury","Ghostly+1","Ghostly","Ghostly"],"relics":["Runic Pyramid","War Paint","Sundial","Toy Ornithopter","Whetstone","Matryoshka","Cursed Key","Tiny Chest","Damaru","Question Card"],"acts_visited":["Exordium","TheCity"],"potions_floor_usage":[7,13,23],"damage_taken":[{"damage":0,"enemies":"Cultist","floor":1,"turns":2},{"damage":2,"enemies":"Small Slimes","floor":2,"turns":3},{"damage":0,"enemies":"2 Louse","floor":5,"turns":3},{"damage":3,"enemies":"Gremlin Nob","floor":7,"turns":3},{"damage":5,"enemies":"Blue Slaver","floor":10,"turns":3},{"damage":0,"enemies":"Lagavulin","floor":11,"turns":3},{"damage":0,"enemies":"Gremlin Nob","floor":13,"turns":3},{"damage":0,"enemies":"Lots of Slimes","floor":14,"turns":2},{"damage":0,"enemies":"Slime Boss","floor":16,"turns":4},{"damage":0,"enemies":"Spheric Guardian","floor":18,"turns":3},{"damage":0,"enemies":"3 Byrds","floor":19,"turns":4},{"damage":31,"enemies":"Snake Plant","floor":20,"turns":4},{"damage":21,"enemies":"Gremlin Leader","floor":23,"turns":5},{"damage":23,"enemies":"Slavers","floor":25,"turns":1}],"seed_played":"1330418069173964913","potions_obtained":[{"floor":2,"key":"DistilledChaos"},{"floor":7,"key":"Block Potion"},{"floor":13,"key":"Ancient Potion"},{"floor":14,"key":"Ancient Potion"},{"floor":19,"key":"AttackPotion"}],"is_trial":false,"path_per_floor":["M","M","?","$","M","R","E","?","T","M","E","R","E","M","R","B",null,"M","M","M","T","?","E","R","E"],"character_chosen":"WATCHER","items_purchased":["Tantrum","EmptyMind"],"campfire_rested":0,"item_purchase_floors":[4,4],"current_hp_per_floor":[61,59,41,41,41,41,38,38,38,33,33,33,38,38,38,38,61,61,61,30,30,30,14,14,0,0],"gold":343,"neow_bonus":"BOSS_RELIC","is_daily":false,"chose_seed":false,"campfire_upgraded":4,"win_rate":0.0,"timestamp":1608153491,"path_taken":["M","M","?","$","M","R","E","?","T","M","E","R","E","M","R","BOSS","M","M","?","?","?","E","R","E"],"items_purchased_type":["Card","Card"],"build_version":"2020-12-13","purchased_purges":0,"victory":false,"max_hp_per_floor":[68,68,68,68,68,68,68,68,68,68,68,68,68,68,68,68,68,68,68,68,68,34,34,34,34,34],"relic_stats":{"counters":[14,43],"Sundial":[0],"Tiny Chest":0,"Whetstone":["Strike_P","Strike_P"],"War Paint":["Defend_P","Halt"],"Cursed Key":1,"Question Card":0,"obtain_stats":[{"Matryoshka":13,"Sundial":7,"Damaru":21,"Tiny Chest":21,"Whetstone":11,"PureWater":0,"War Paint":3,"Cursed Key":17,"Question Card":23,"Toy Ornithopter":9,"Runic Pyramid":0},{"Matryoshka":7,"Sundial":4,"Damaru":12,"Tiny Chest":12,"Whetstone":6,"PureWater":0,"War Paint":2,"Cursed Key":9,"Question Card":13,"Toy Ornithopter":4,"Runic Pyramid":0},{"Matryoshka":20,"Sundial":11,"Damaru":37,"Tiny Chest":37,"Whetstone":17,"PureWater":0,"War Paint":5,"Cursed Key":26,"Question Card":42,"Toy Ornithopter":11,"Runic Pyramid":0}],"Toy Ornithopter":10},"card_choices":[{"not_picked":["PathToVictory","Weave"],"picked":"Halt","floor":1},{"not_picked":["CutThroughFate","Pray"],"picked":"Consecrate","floor":2},{"not_picked":["CutThroughFate","BattleHymn","Crescendo"],"picked":"SKIP","floor":5},{"not_picked":["InnerPeace","WreathOfFlame"],"picked":"FlurryOfBlows","floor":7},{"not_picked":["FlurryOfBlows","Consecrate"],"picked":"WaveOfTheHand","floor":10},{"not_picked":["FollowUp","Conclude"],"picked":"TalkToTheHand","floor":11},{"not_picked":["Protect","CutThroughFate"],"picked":"EmptyFist","floor":13},{"not_picked":["Establishment","Collect","Consecrate"],"picked":"SKIP","floor":14},{"not_picked":["Vault","Omniscience"],"picked":"Blasphemy","floor":16},{"not_picked":["CutThroughFate","SashWhip+1"],"picked":"Halt","floor":18},{"not_picked":["ThirdEye","Halt","SignatureMove"],"picked":"SKIP","floor":19},{"not_picked":["JustLucky","Prostrate","Consecrate"],"picked":"SKIP","floor":20},{"not_picked":["Prostrate","CrushJoints","Devotion"],"picked":"SKIP","floor":23}],"player_experience":1024571,"relics_obtained":[{"floor":7,"key":"Sundial"},{"floor":9,"key":"Toy Ornithopter"},{"floor":11,"key":"Whetstone"},{"floor":13,"key":"Matryoshka"},{"floor":21,"key":"Tiny Chest"},{"floor":21,"key":"Damaru"},{"floor":23,"key":"Question Card"}],"event_choices":[{"damage_healed":0,"gold_gain":0,"player_choice":"Success","damage_taken":18,"relics_obtained":["War Paint"],"max_hp_gain":0,"max_hp_loss":0,"event_name":"Scrap Ooze","floor":3,"gold_loss":0},{"damage_healed":0,"gold_gain":0,"player_choice":"Upgraded","damage_taken":0,"max_hp_gain":0,"max_hp_loss":0,"event_name":"Upgrade Shrine","floor":8,"gold_loss":0,"cards_upgraded":["Consecrate"]},{"damage_healed":0,"gold_gain":0,"player_choice":"Became a Ghost","damage_taken":0,"max_hp_gain":0,"max_hp_loss":34,"event_name":"Ghosts","floor":22,"gold_loss":0,"cards_obtained":["Ghostly","Ghostly","Ghostly"]}],"is_beta":false,"boss_relics":[{"not_picked":["Tiny House","Sozu"],"picked":"Cursed Key"}],"items_purged_floors":[],"is_endless":false,"potions_floor_spawned":[2,7,13,14,16,19],"killed_by":"Slavers","ascension_level":19}}