{"host":"og6lam4kt3nibbw0","time":1608087085,"event":{"mods":["AchievementEnabler","BaseMod","Colored Map","DeckTracker","Highlight Path","Keyboard Shortcuts","Minty Spire (QoL Compilation)","Permanent Neow","Quick Restart","StSLib","SuperFastMode"],"gold_per_floor":[13,25,39,39,39,39,58,58,58,58,74,92,17,36,36,129,129,143,156,179,179,179],"floor_reached":21,"playtime":860,"items_purged":["Defend_B"],"score":350,"play_id":"03e79664-43c8-4605-b75e-f7d1c1b54ede","local_time":"20201216115125","is_ascension_mode":true,"campfire_choices":[{"data":"Zap","floor":6,"key":"SMITH"},{"data":"Defragment","floor":8,"key":"SMITH"},{"data":"Capacitor","floor":15,"key":"SMITH"}],"circlet_count":0,"master_deck":["AscendersBane","Strike_B","Strike_B","Strike_B","Strike_B","Defend_B+1","Defend_B","Defend_B+1","Zap+1","Dualcast","Undo","Self Repair","Cold Snap","Defragment+1","Sweeping Beam","Capacitor+1","Auto Shields","Rainbow","Cold Snap+1","Turbo","Consume"],"relics":["Cracked Core","Calipers","Golden Idol","War Paint","Inserter"],"acts_visited":["Exordium","TheCity"],"potions_floor_usage":[11,19,21,21],"damage_taken":[{"damage":1,"enemies":"Cultist","floor":1,"turns":3},{"damage":2,"enemies":"2 Louse","floor":2,"turns":4},{"damage":4,"enemies":"Small Slimes","floor":3,"turns":3},{"damage":9,"enemies":"3 Louse","floor":7,"turns":3},{"damage":6,"enemies":"2 Fungi Beasts","floor":11,"turns":3},{"damage":5,"enemies":"Exordium Thugs","floor":12,"turns":5},{"damage":11,"enemies":"3 Louse","floor":14,"turns":4},{"damage":27,"enemies":"Hexaghost","floor":16,"turns":15},{"damage":31,"enemies":"Chosen","floor":18,"turns":6},{"damage":15,"enemies":"Shell Parasite","floor":19,"turns":13},{"damage":40,"enemies":"Centurion and Healer","floor":20,"turns":14},{"damage":12,"enemies":"3 Cultists","floor":21,"turns":5}],"seed_played":"-6615667875230465290","potions_obtained":[{"floor":1,"key":"Energy Potion"},{"floor":2,"key":"Regen Potion"},{"floor":12,"key":"EssenceOfSteel"},{"floor":18,"key":"GamblersBrew"},{"floor":20,"key":"LiquidMemories"}],"is_trial":false,"path_per_floor":["M","M","M","?","?","R","M","R","T","?","M","M","$","M","R","B",null,"M","M","M","M"],"character_chosen":"DEFECT","items_purchased":[],"campfire_rested":0,"item_purchase_floors":[],"current_hp_per_floor":[63,61,64,64,64,64,62,62,62,62,63,64,64,60,60,40,58,34,41,8,0,0],"gold":179,"neow_bonus":"ONE_RARE_RELIC","is_daily":false,"chose_seed":false,"campfire_upgraded":3,"win_rate":0.0,"timestamp":1608087085,"path_taken":["M","M","M","?","?","R","M","R","T","?","M","M","$","M","R","BOSS","M","M","M","M"],"items_purchased_type":[],"build_version":"2020-12-13","purchased_purges":1,"victory":false,"max_hp_per_floor":[71,71,71,64,64,64,64,64,64,64,64,64,64,64,64,64,64,64,64,64,64,64],"card_choices":[{"not_picked":["Gash","Hello World"],"picked":"Undo","floor":1},{"not_picked":["Stack","Ball Lightning"],"picked":"Self Repair","floor":2},{"not_picked":["Turbo","Thunder Strike"],"picked":"Cold Snap","floor":3},{"not_picked":["Skim","Steam"],"picked":"Defragment","floor":7},{"not_picked":["Stack","Redo"],"picked":"Sweeping Beam","floor":11},{"not_picked":["Beam Cell","Conserve Battery"],"picked":"Capacitor","floor":12},{"not_picked":["Cold Snap","Sweeping Beam"],"picked":"Auto Shields","floor":14},{"not_picked":["Creative AI","Seek"],"picked":"Rainbow","floor":16},{"not_picked":["Streamline","Leap+1"],"picked":"Cold Snap+1","floor":18},{"not_picked":["Sweeping Beam","Compile Driver"],"picked":"Turbo","floor":19},{"not_picked":["Ball Lightning","Streamline"],"picked":"Consume","floor":20}],"player_experience":768496,"relics_obtained":[{"floor":9,"key":"War Paint"}],"event_choices":[{"damage_healed":0,"gold_gain":0,"player_choice":"Lose Max HP","damage_taken":0,"relics_obtained":["Golden Idol"],"max_hp_gain":0,"max_hp_loss":7,"event_name":"Golden Idol","floor":4,"gold_loss":0},{"damage_healed":0,"gold_gain":0,"player_choice":"Ignored","damage_taken":0,"max_hp_gain":0,"max_hp_loss":0,"event_name":"Liars Game","floor":5,"gold_loss":0},{"damage_healed":0,"gold_gain":0,"player_choice":"Got Potions","damage_taken":0,"max_hp_gain":0,"max_hp_loss":0,"event_name":"Lab","floor":10,"gold_loss":0}],"is_beta":false,"boss_relics":[{"not_picked":["Empty Cage","Calling Bell"],"picked":"Inserter"}],"items_purged_floors":[13],"is_endless":false,"potions_floor_spawned":[1,2,7,12,16,18,20],"killed_by":"3 Cultists","ascension_level":20}}