{"host":"jak4ncvfzor9mys0","time":1608105379,"event":{"mods":["2.2 Compatiblity","AchievementEnabler","BaseMod","Better Altar","Better Match","Better Note","Better Sensory Stone","Better Skull","Better Third Choice","BetterRewards","Block Reminder","Colored Map","Colored Powertips","Energized Spire","Gold Saver","Hubris","Infinite Spire","Key Reminder","Minty Spire (QoL Compilation)","Rare Cards Sparkle","Red Circlet Mod","Relic Sorter","Relic Stats","Replay The Spire","Retaliation","StSLib","SuperFastMode","The Blue Laboratory"],"gold_per_floor":[435,444,463,288,303,303,328,328,328,339,191,191,204,233,233,332,332,353,198,198,198,213,213,241,260,260,260,115,115,127,127,127,225,252,265,265,290,310,94,125,125,125,125,125,143,163,163,173,173,173,173],"floor_reached":50,"playtime":1837,"items_purged":["Strike_B","Strike_B","Defend_B","Defend_B","Strike_B","Strike_B","Overencumbered","Regret"],"score":692,"play_id":"fa28c86b-4fe7-49e4-9534-373551519df4","local_time":"20201215235619","is_ascension_mode":false,"campfire_choices":[{"data":"Hologram","floor":8,"key":"SMITH"},{"data":"Zap","floor":12,"key":"SMITH"},{"floor":15,"key":"REST"},{"data":"Gash","floor":23,"key":"SMITH"},{"data":"Go for the Eyes","floor":29,"key":"SMITH"},{"data":"Scrape","floor":32,"key":"SMITH"},{"floor":41,"key":"REST"},{"data":"Beam Cell","floor":44,"key":"SMITH"},{"data":"Panache","floor":49,"key":"SMITH"}],"circlet_count":0,"master_deck":["Defend_B+1","Defend_B","Zap+1","Rebound","Hologram+1","Conserve Battery+1","Go for the Eyes+1","ReplayGash","Panache+1","Gash+1","Scrape+1","Gash+1","Beam Cell+1"],"relics":["Cracked Core","Nunchaku","hubris:Stopwatch","energizedSpire:CursedPentagram","Ornamental Fan","Shuriken","hubris:SlimyHat","hubris:TenFootPole","CeramicFish","hubris:TinFlute","ClockworkSouvenir","PreservedInsect","War Paint","infinitespire:Golems Mask","Blood Vial","Potion Belt","Replay:Ancient Bell","Gremlin Food","Replay:Bottled Eggs","Lizard Tail","Onion Ring"],"acts_visited":["Exordium","TheCity","TheBeyond"],"potions_floor_usage":[16,16,38,38,50,50,50],"damage_taken":[{"damage":1,"enemies":"Small Slimes","floor":1,"turns":2},{"damage":5,"enemies":"2 Louse","floor":3,"turns":2},{"damage":1,"enemies":"Jaw Worm","floor":5,"turns":2},{"damage":20,"enemies":"Gremlin Nob","floor":7,"turns":4},{"damage":2,"enemies":"Red Slaver","floor":10,"turns":3},{"damage":0,"enemies":"Blue Slaver","floor":13,"turns":3},{"damage":0,"enemies":"Lots of Slimes","floor":14,"turns":3},{"damage":0,"enemies":"Fading Forest","floor":16,"turns":11},{"damage":22,"enemies":"2 Thieves","floor":18,"turns":4},{"damage":0,"enemies":"Shell Parasite","floor":22,"turns":3},{"damage":23,"enemies":"Nightmare","floor":24,"turns":6},{"damage":0,"enemies":"Snecko","floor":25,"turns":3},{"damage":0,"enemies":"Sentry and Sphere","floor":30,"turns":3},{"damage":24,"enemies":"Collector","floor":33,"turns":6},{"damage":8,"enemies":"3 Shapes","floor":35,"turns":4},{"damage":6,"enemies":"Orb Walker","floor":37,"turns":3},{"damage":18,"enemies":"4 Shapes","floor":38,"turns":3},{"damage":2,"enemies":"R_Hoarder","floor":40,"turns":5},{"damage":3,"enemies":"Transient","floor":45,"turns":5},{"damage":19,"enemies":"Maw","floor":46,"turns":5},{"damage":0,"enemies":"Sphere and 2 Shapes","floor":48,"turns":4},{"damage":117,"enemies":"hubris:GrandSnecko","floor":50,"turns":8}],"seed_played":"7559396210706004901","potions_obtained":[{"floor":5,"key":"Block Potion"},{"floor":10,"key":"EssenceOfSteel"},{"floor":13,"key":"blueLaboratory:Moonshine"},{"floor":18,"key":"blueLaboratory:BottleOfVodka"},{"floor":35,"key":"EssenceOfSteel"},{"floor":37,"key":"Toxic Potion"},{"floor":46,"key":"blueLaboratory:SystemWipe"},{"floor":48,"key":"AttackPotion"}],"is_trial":false,"path_per_floor":["M","?","M","$","M","?","E","R","T","M","$","R","M","M","R","B",null,"M","$","?","?","M","R","NM","M","T","?","$","R","M","AVR","R","B",null,"M","?","M","M","$","E","R","?","T","R","M","M","AVR","M","R","B"],"character_chosen":"DEFECT","items_purchased":["hubris:SlimyHat","Sweeping Beam","hubris:TenFootPole","Rebound","Shuriken","Hologram","Conserve Battery","Go for the Eyes","CeramicFish","ClockworkSouvenir","PreservedInsect","Blood Vial","Beam Cell"],"campfire_rested":2,"item_purchase_floors":[0,0,0,0,0,0,0,0,0,11,19,28,39],"current_hp_per_floor":[74,74,69,69,68,68,48,48,48,46,46,46,46,46,68,68,75,53,53,75,75,75,75,52,52,52,52,52,52,54,54,54,32,75,67,67,63,47,47,47,69,69,69,69,68,51,51,53,53,0,0],"gold":173,"neow_bonus":"","is_daily":false,"chose_seed":false,"campfire_upgraded":7,"win_rate":0.0,"timestamp":1608105379,"path_taken":["M","?","M","$","M","?","E","R","T","M","$","R","M","M","R","BOSS","M","$","?","?","M","R","NM","M","T","?","?","R","M","AVR","R","BOSS","M","?","M","M","$","E","R","?","T","R","M","?","AVR","M","R","BOSS"],"items_purchased_type":["Relic","Card","Relic","Card","Relic","Card","Card","Card","Relic","Relic","Relic","Relic","Card"],"build_version":"2020-12-13","purchased_purges":8,"victory":false,"max_hp_per_floor":[75,75,75,75,75,75,75,75,75,75,75,75,75,75,75,75,75,75,75,75,75,75,75,75,75,75,75,75,75,75,75,75,75,75,75,75,75,75,75,75,75,75,75,75,75,75,75,75,75,75,75],"relic_stats":{"Blood Vial":33,"Nunchaku":[37],"Lizard Tail":65,"counters":[118,388],"Ornamental Fan":[536],"Shuriken":[59],"CeramicFish":81,"PreservedInsect":640,"War Paint":["Conserve Battery","Defend_B"],"obtain_stats":[{"hubris:BallOfYels":107,"Tiny House":20,"energizedSpire:UnstableMolecules":107,"CeramicFish":148,"Vajra":53,"Whetstone":35,"hubris:MysteriousPyramids":8,"Boot":89,"FrozenCore":17,"Blood Vial":67,"Lizard Tail":11,"Centennial Puzzle":138,"Replay:Frozen Program":38,"HornCleat":70,"infinitespire:Golems Mask":0,"MealTicket":94,"HandDrill":36,"Replay:Wax Seal":7,"hubris:TinFlute":26,"Replay:Bottled Steam":142,"hubris:MobiusCoin":26,"Girya":45,"Pear":44,"hubris:SoftwareUpdate":84,"Oddly Smooth Stone":43,"hubris:SphereOfDissonance":128,"Eternal Feather":6,"hubris:HollowSoul":34,"Ring of Chaos":68,"Pen Nib":109,"infinitespire:Beetle Shell":112,"Replay:Ancient Bell":34,"War Paint":24,"infinitespire:EvilPickle":34,"Bottled Flame":25,"Replay:Baseball":156,"infinitespire:Lychee Nut":96,"Shuriken":0,"Onion Ring":40,"Nloth\u0027s Gift":20,"Black Star":51,"hubris:ToyBattleship":57,"hubris:TenFootPole":101,"Symbiotic Virus":43,"Unceasing Top":57,"infinitespire:PuzzleCube":96,"energizedSpire:OldTV":102,"ReplayFunnel":155,"Carrot":52,"Regal Pillow":147,"Blue Doll":124,"hubris:SlimyHat":9,"ClockworkSouvenir":121,"Replay:Rubber Ducky":156,"Nunchaku":75,"Replay:Bandana":78,"hubris:Icosahedron":3,"Matryoshka":12,"energizedSpire:CursedPentagram":17,"hubris:Stopwatch":31,"WingedGreaves":23,"Red Mask":82,"Replay:Antivirus Software":43,"Replay:Bottled Eggs":34,"Cracked Core":0,"hubris:GlazedTorus":40,"Gremlin Food":60,"Potion Belt":31,"Inserter":34,"ReplayTheSpireMod:Ninjato":112,"hubris:64BitClover":20,"Golden Idol":55,"Circlet":116,"PreservedInsect":111,"hubris:MedicalManual":124,"Geode":126,"hubris:Towel":39,"Orichalcum":26,"Mercury Hourglass":8,"Nuclear Battery":17,"Anchor":88,"Ornamental Fan":90,"Garlic":122,"Bag of Marbles":145,"ReplayTheSpireMod:Lightbulb":12,"hubris:OldNail":9},{"hubris:BallOfYels":76,"Tiny House":32,"energizedSpire:UnstableMolecules":76,"CeramicFish":92,"Vajra":49,"Whetstone":40,"hubris:MysteriousPyramids":28,"Boot":67,"FrozenCore":10,"Blood Vial":57,"Lizard Tail":28,"Centennial Puzzle":87,"Replay:Frozen Program":19,"HornCleat":58,"infinitespire:Golems Mask":24,"MealTicket":69,"HandDrill":18,"Replay:Wax Seal":27,"hubris:TinFlute":14,"Replay:Bottled Steam":90,"hubris:MobiusCoin":35,"Girya":46,"Pear":22,"hubris:SoftwareUpdate":66,"Oddly Smooth Stone":44,"hubris:SphereOfDissonance":84,"Eternal Feather":5,"hubris:HollowSoul":39,"Ring of Chaos":57,"Pen Nib":76,"infinitespire:Beetle Shell":78,"Replay:Ancient Bell":110,"War Paint":107,"infinitespire:EvilPickle":39,"Bottled Flame":35,"Replay:Baseball":95,"infinitespire:Lychee Nut":71,"Shuriken":96,"Onion Ring":114,"Nloth\u0027s Gift":11,"Black Star":48,"hubris:ToyBattleship":52,"hubris:TenFootPole":74,"Symbiotic Virus":21,"Unceasing Top":52,"infinitespire:PuzzleCube":71,"energizedSpire:OldTV":74,"ReplayFunnel":94,"Carrot":49,"Regal Pillow":91,"Blue Doll":82,"hubris:SlimyHat":6,"ClockworkSouvenir":81,"Replay:Rubber Ducky":95,"Nunchaku":61,"Replay:Bandana":62,"hubris:Icosahedron":26,"Matryoshka":28,"energizedSpire:CursedPentagram":104,"hubris:Stopwatch":109,"WingedGreaves":13,"Red Mask":65,"Replay:Antivirus Software":44,"Replay:Bottled Eggs":110,"Cracked Core":0,"hubris:GlazedTorus":44,"Gremlin Food":53,"Potion Belt":109,"Inserter":17,"ReplayTheSpireMod:Ninjato":78,"hubris:64BitClover":32,"Golden Idol":50,"Circlet":79,"PreservedInsect":77,"hubris:MedicalManual":82,"Geode":83,"hubris:Towel":19,"Orichalcum":35,"Mercury Hourglass":6,"Nuclear Battery":30,"Anchor":67,"Ornamental Fan":67,"Garlic":82,"Bag of Marbles":91,"ReplayTheSpireMod:Lightbulb":28,"hubris:OldNail":28},{"hubris:BallOfYels":267,"Tiny House":150,"energizedSpire:UnstableMolecules":267,"CeramicFish":286,"Vajra":209,"Whetstone":177,"hubris:MysteriousPyramids":137,"Boot":244,"FrozenCore":44,"Blood Vial":225,"Lizard Tail":137,"Centennial Puzzle":279,"Replay:Frozen Program":88,"HornCleat":227,"infinitespire:Golems Mask":124,"MealTicket":248,"HandDrill":82,"Replay:Wax Seal":132,"hubris:TinFlute":62,"Replay:Bottled Steam":284,"hubris:MobiusCoin":161,"Girya":202,"Pear":106,"hubris:SoftwareUpdate":242,"Oddly Smooth Stone":191,"hubris:SphereOfDissonance":276,"Eternal Feather":20,"hubris:HollowSoul":173,"Ring of Chaos":225,"Pen Nib":267,"infinitespire:Beetle Shell":269,"Replay:Ancient Bell":351,"War Paint":339,"infinitespire:EvilPickle":173,"Bottled Flame":161,"Replay:Baseball":290,"infinitespire:Lychee Nut":257,"Shuriken":296,"Onion Ring":366,"Nloth\u0027s Gift":48,"Black Star":208,"hubris:ToyBattleship":214,"hubris:TenFootPole":265,"Symbiotic Virus":100,"Unceasing Top":214,"infinitespire:PuzzleCube":257,"energizedSpire:OldTV":265,"ReplayFunnel":289,"Carrot":209,"Regal Pillow":285,"Blue Doll":274,"hubris:SlimyHat":24,"ClockworkSouvenir":273,"Replay:Rubber Ducky":290,"Nunchaku":233,"Replay:Bandana":235,"hubris:Icosahedron":130,"Matryoshka":137,"energizedSpire:CursedPentagram":326,"hubris:Stopwatch":345,"WingedGreaves":58,"Red Mask":239,"Replay:Antivirus Software":191,"Replay:Bottled Eggs":351,"Cracked Core":0,"hubris:GlazedTorus":191,"Gremlin Food":216,"Potion Belt":345,"Inserter":78,"ReplayTheSpireMod:Ninjato":269,"hubris:64BitClover":150,"Golden Idol":210,"Circlet":270,"PreservedInsect":268,"hubris:MedicalManual":274,"Geode":275,"hubris:Towel":88,"Orichalcum":161,"Mercury Hourglass":24,"Nuclear Battery":145,"Anchor":244,"Ornamental Fan":244,"Garlic":274,"Bag of Marbles":285,"ReplayTheSpireMod:Lightbulb":137,"hubris:OldNail":137}]},"card_choices":[{"not_picked":["Leap","Conserve Battery"],"picked":"ReplayGash","floor":1},{"not_picked":["Midas Touch","HandOfGreed"],"picked":"Panache","floor":2},{"not_picked":["Sweeping Beam","Reinforced Body","ReplayTheSpireMod:Reroute Power"],"picked":"SKIP","floor":3},{"not_picked":["Streamline","Cold Snap","Coolheaded"],"picked":"SKIP","floor":5},{"not_picked":["ReplayTheSpireMod:Omega Cannon","Panic Button","ReplayRNGCard"],"picked":"SKIP","floor":7},{"not_picked":["Hologram","Sweeping Beam","Streamline"],"picked":"SKIP","floor":10},{"not_picked":["Streamline","Sweeping Beam","Consume"],"picked":"SKIP","floor":13},{"not_picked":["White Noise","ReplaySolidLightProjector"],"picked":"Gash","floor":14},{"not_picked":["Turbo","Cold Snap"],"picked":"Scrape","floor":18},{"not_picked":["Fusion","Rebound","Conserve Battery+1"],"picked":"SKIP","floor":22},{"not_picked":["Hello World","Force Field","Go for the Eyes"],"picked":"SKIP","floor":24},{"not_picked":["Hello World+1","Streamline","hubris:DoWhile"],"picked":"SKIP","floor":25},{"not_picked":["Barrage","Panic Button+1","BasicCrystalCard"],"picked":"SKIP","floor":30},{"not_picked":["Sickly","hubris:Despair"],"picked":"ReplayTheSpireMod:Faulty Equipment","floor":34},{"not_picked":["Looming Evil","infinitespire:Pacifist"],"picked":"Regret","floor":34},{"not_picked":["hubris:Disease","Replay:Hysterical Blindness"],"picked":"Overencumbered","floor":34},{"not_picked":["Cold Snap+1","Steam","ReplayTheSpireMod:Omega Cannon"],"picked":"SKIP","floor":35},{"not_picked":["Coolheaded+1","Streamline"],"picked":"Gash","floor":37},{"not_picked":["Turbo+1","Compile Driver+1","Auto Shields+1"],"picked":"SKIP","floor":38},{"not_picked":["Consume+1","Lockon","Barrage+1"],"picked":"SKIP","floor":40},{"not_picked":["Streamline+1","BasicCrystalCard","Hologram+1"],"picked":"SKIP","floor":45},{"not_picked":["ReplaySolidLightProjector+1","Thunder Strike","Hologram"],"picked":"SKIP","floor":46},{"not_picked":["Beam Cell","Conserve Battery+1","BasicCrystalCard"],"picked":"SKIP","floor":48}],"player_experience":2622317,"relics_obtained":[{"floor":7,"key":"Ornamental Fan"},{"floor":9,"key":"hubris:TinFlute"},{"floor":24,"key":"War Paint"},{"floor":26,"key":"infinitespire:Golems Mask"},{"floor":40,"key":"Onion Ring"}],"event_choices":[{"damage_healed":0,"gold_gain":1,"player_choice":"1","damage_taken":0,"max_hp_gain":0,"max_hp_loss":0,"event_name":"betterStone:BetterStone","floor":2,"gold_loss":0},{"cards_removed":["Dualcast"],"damage_healed":0,"gold_gain":0,"player_choice":"Offered Basic","damage_taken":0,"max_hp_gain":0,"max_hp_loss":0,"event_name":"Bonfire Elementals","floor":6,"gold_loss":0},{"damage_healed":22,"gold_gain":0,"player_choice":"Full Heal","damage_taken":0,"max_hp_gain":0,"max_hp_loss":0,"event_name":"Wheel of Change","floor":20,"gold_loss":0},{"cards_removed":["Strike_B"],"damage_healed":0,"gold_gain":0,"player_choice":"Give","damage_taken":0,"max_hp_gain":0,"max_hp_loss":0,"event_name":"betterNote:BetterNote","floor":21,"gold_loss":0,"cards_obtained":["Strike_R"]},{"damage_healed":0,"gold_gain":0,"player_choice":"Ignored","damage_taken":0,"max_hp_gain":0,"max_hp_loss":0,"event_name":"Beggar","floor":27,"gold_loss":0},{"cards_removed":["Sweeping Beam"],"damage_healed":0,"gold_gain":0,"player_choice":"Removed Attack","damage_taken":0,"max_hp_gain":0,"max_hp_loss":0,"event_name":"Falling","floor":42,"gold_loss":0}],"is_beta":false,"boss_relics":[{"not_picked":["hubris:RunicObelisk","SacredBark"],"picked":"energizedSpire:CursedPentagram"},{"not_picked":["Replay:Grab Bag","energizedSpire:SpiderWeb"],"picked":"Replay:Ancient Bell"},{"not_picked":["Orichalcum","DataDisk"],"picked":"Gremlin Food"},{"not_picked":["StrikeDummy","Mirror"],"picked":"Replay:Bottled Eggs"},{"not_picked":["hubris:BundleOfHerbs","Pocketwatch"],"picked":"Lizard Tail"}],"items_purged_floors":[0,0,0,0,4,31,39,47],"is_endless":true,"potions_floor_spawned":[5,10,13,18,30,35,37,46,48],"killed_by":"hubris:GrandSnecko","ascension_level":0}}