{"host":"90jl2h70xtuoeg0i","time":1608100705,"event":{"mods":["AchievementEnabler","BaseMod","Colored Map","Colored Powertips","Minty Spire (QoL Compilation)","Relic Stats","ojb\u0027s Better Paths Mod","ojb\u0027s Info Mod"],"gold_per_floor":[117,129,149,72,88,120,120,133,133,164,164,164,177,187,187,261,261,271,271,285,310,310,310,27,27,27],"floor_reached":25,"playtime":2672,"items_purged":["Strike_G"],"score":464,"play_id":"ffb95fa2-1ad1-4cc8-b33d-e74a1525e9a5","local_time":"20201216013825","is_ascension_mode":true,"campfire_choices":[{"data":"Riddle With Holes","floor":7,"key":"SMITH"},{"data":"Phantasmal Killer","floor":12,"key":"SMITH"},{"data":"Setup","floor":15,"key":"SMITH"},{"data":"Terror","floor":23,"key":"SMITH"}],"circlet_count":0,"master_deck":["AscendersBane","Strike_G","Strike_G","Strike_G","Strike_G","Defend_G","Defend_G","Defend_G","Defend_G","Defend_G","Survivor","Neutralize","Terror+1","Phantasmal Killer+1","Riddle With Holes+1","Underhanded Strike","PiercingWail","Dagger Spray","Setup+1","Endless Agony","Corpse Explosion","Eviscerate+1","Writhe","Dagger Throw","Footwork"],"relics":["Coffee Dripper","Darkstone Periapt","Vajra","Anchor","HoveringKite","Sundial","PreservedInsect"],"acts_visited":["Exordium","TheCity"],"potions_floor_usage":[6,13,16,16,18,25],"damage_taken":[{"damage":1,"enemies":"Cultist","floor":1,"turns":5},{"damage":1,"enemies":"Small Slimes","floor":2,"turns":5},{"damage":6,"enemies":"Jaw Worm","floor":3,"turns":5},{"damage":2,"enemies":"2 Fungi Beasts","floor":5,"turns":3},{"damage":0,"enemies":"Gremlin Nob","floor":6,"turns":2},{"damage":0,"enemies":"Large Slime","floor":8,"turns":2},{"damage":17,"enemies":"Lagavulin","floor":10,"turns":6},{"damage":0,"enemies":"Looter","floor":13,"turns":2},{"damage":0,"enemies":"Exordium Wildlife","floor":14,"turns":3},{"damage":21,"enemies":"Hexaghost","floor":16,"turns":9},{"damage":16,"enemies":"Spheric Guardian","floor":18,"turns":5},{"damage":1,"enemies":"3 Byrds","floor":20,"turns":3},{"damage":41,"enemies":"Gremlin Leader","floor":25,"turns":4}],"seed_played":"1500108635630398577","potions_obtained":[{"floor":3,"key":"BlessingOfTheForge"},{"floor":5,"key":"Explosive Potion"},{"floor":10,"key":"Dexterity Potion"},{"floor":13,"key":"EssenceOfSteel"},{"floor":14,"key":"Weak Potion"},{"floor":16,"key":"Block Potion"},{"floor":20,"key":"LiquidBronze"}],"is_trial":false,"path_per_floor":["M","M","M","$","M","E","R","M","T","E","?","R","M","M","R","B",null,"M","?","M","T","?","R","$","E"],"character_chosen":"THE_SILENT","items_purchased":["Riddle With Holes","PreservedInsect","Footwork"],"campfire_rested":0,"item_purchase_floors":[4,24,24],"current_hp_per_floor":[58,57,51,51,49,49,49,49,49,32,32,32,32,32,32,11,52,36,42,41,41,41,41,41,0,0],"gold":27,"neow_bonus":"BOSS_RELIC","is_daily":false,"chose_seed":false,"campfire_upgraded":4,"win_rate":0.0,"timestamp":1608100705,"path_taken":["M","M","M","$","M","E","R","M","T","E","?","R","M","M","R","BOSS","M","?","M","?","?","R","$","E"],"items_purchased_type":["Card","Relic","Card"],"build_version":"2020-12-13","purchased_purges":1,"victory":false,"max_hp_per_floor":[66,66,66,66,66,66,66,66,66,66,66,66,66,66,66,66,66,66,72,72,72,72,72,72,72,72],"relic_stats":{"Darkstone Periapt":6,"counters":[13,54],"Sundial":[0],"HoveringKite":[3],"PreservedInsect":51,"obtain_stats":[{"Darkstone Periapt":6,"Anchor":10,"Sundial":19,"Vajra":9,"HoveringKite":17,"PreservedInsect":24,"Coffee Dripper":0,"Ring of the Snake":0},{"Darkstone Periapt":5,"Anchor":7,"Sundial":11,"Vajra":6,"HoveringKite":10,"PreservedInsect":12,"Coffee Dripper":0,"Ring of the Snake":0},{"Darkstone Periapt":20,"Anchor":28,"Sundial":47,"Vajra":22,"HoveringKite":42,"PreservedInsect":50,"Coffee Dripper":0,"Ring of the Snake":0}]},"card_choices":[{"not_picked":["Outmaneuver","Accuracy","Deadly Poison"],"picked":"SKIP","floor":1},{"not_picked":["Bane","Well Laid Plans"],"picked":"Terror","floor":2},{"not_picked":["Cloak And Dagger","Sucker Punch"],"picked":"Phantasmal Killer","floor":3},{"not_picked":["Tactician","Bane","Prepared"],"picked":"SKIP","floor":5},{"not_picked":["Prepared","Crippling Poison"],"picked":"Underhanded Strike","floor":6},{"not_picked":["Flying Knee","Venomology"],"picked":"PiercingWail","floor":8},{"not_picked":["Bouncing Flask","Deflect"],"picked":"Dagger Spray","floor":10},{"not_picked":["Poisoned Stab","Backstab"],"picked":"Setup","floor":13},{"not_picked":["Deflect","Outmaneuver"],"picked":"Endless Agony","floor":14},{"not_picked":["Doppelganger","Burst"],"picked":"Corpse Explosion","floor":16},{"not_picked":["Setup","Outmaneuver"],"picked":"Eviscerate+1","floor":18},{"not_picked":["Tactician","Bane"],"picked":"Dagger Throw","floor":20}],"player_experience":1295643,"relics_obtained":[{"floor":6,"key":"Darkstone Periapt"},{"floor":9,"key":"Vajra"},{"floor":10,"key":"Anchor"}],"event_choices":[{"damage_healed":0,"gold_gain":0,"player_choice":"Ignored","damage_taken":0,"max_hp_gain":0,"max_hp_loss":0,"event_name":"Shining Light","floor":11,"gold_loss":0},{"damage_healed":0,"gold_gain":0,"player_choice":"Opened","damage_taken":0,"relics_obtained":["Sundial"],"max_hp_gain":0,"max_hp_loss":0,"event_name":"The Mausoleum","floor":19,"gold_loss":0,"cards_obtained":["Writhe"]},{"damage_healed":0,"gold_gain":0,"player_choice":"Ignored","damage_taken":0,"max_hp_gain":0,"max_hp_loss":0,"event_name":"Cursed Tome","floor":22,"gold_loss":0}],"is_beta":false,"boss_relics":[{"not_picked":["Tiny House","Snecko Eye"],"picked":"HoveringKite"}],"items_purged_floors":[24],"is_endless":false,"potions_floor_spawned":[3,5,10,13,14,16,20],"killed_by":"Gremlin Leader","ascension_level":19}}