{"host":"imzpmvgmiwu2pn30","time":1608155610,"event":{"mods":["BaseMod","Better Third Choice","Colored Powertips","Minty Spire (QoL Compilation)","Relic Stats","StSLib"],"gold_per_floor":[115,135,135,148,148,148,61,75,75,75,75,75,75,96,96,224,224,237,250,262,274,201,213,50,73,73,94,94,129,79,204,204,323,323,348,348,570,903,953,953,953,953,980,678,678,372,372,142,142,142],"floor_reached":51,"playtime":2864,"items_purged":["Injury"],"score":848,"play_id":"4fe166df-ef18-426e-b7b3-48106b255708","local_time":"20201216195330","daily_mods":["Vintage","Heirloom","Time Dilation","Flight"],"is_ascension_mode":false,"campfire_choices":[{"floor":6,"key":"DIG"},{"data":"EmptyBody","floor":11,"key":"SMITH"},{"data":"EmptyMind","floor":15,"key":"SMITH"},{"floor":23,"key":"REST"},{"data":"MasterReality","floor":28,"key":"SMITH"},{"floor":32,"key":"REST"},{"floor":40,"key":"DIG"},{"data":"DevaForm","floor":41,"key":"SMITH"},{"floor":42,"key":"DIG"},{"floor":45,"key":"DIG"},{"floor":47,"key":"DIG"},{"floor":49,"key":"DIG"}],"circlet_count":0,"master_deck":["Strike_P","Strike_P","Strike_P","Strike_P","Defend_P","Defend_P","Defend_P","Defend_P","Eruption","Vigilance","EmptyMind+1","EmptyBody+1","MasterReality+1","EmptyFist+1","Protect+1","DevaForm+1"],"relics":["PureWater","Ice Cream","Shovel","Incense Burner","Shuriken","Molten Egg 2","Bag of Marbles","Kunai","Toy Ornithopter","Runic Pyramid","Bronze Scales","MawBank","InkBottle","Enchiridion","Letter Opener","HandDrill","Akabeko","Yang","Smiling Mask","Red Mask","Ginger","Singing Bowl","VioletLotus","Vajra","Dead Branch","Nunchaku","Anchor","Regal Pillow","Omamori","Art of War","TeardropLocket","Gremlin Horn","Mummified Hand","Strawberry","CloakClasp"],"acts_visited":["Exordium","TheCity","TheBeyond"],"potions_floor_usage":[16,31,33,50],"damage_taken":[{"damage":2,"enemies":"Cultist","floor":1,"turns":3},{"damage":21,"enemies":"2 Louse","floor":2,"turns":2},{"damage":2,"enemies":"Small Slimes","floor":4,"turns":4},{"damage":6,"enemies":"Exordium Wildlife","floor":8,"turns":5},{"damage":10,"enemies":"Looter","floor":14,"turns":2},{"damage":25,"enemies":"Slime Boss","floor":16,"turns":10},{"damage":1,"enemies":"Chosen","floor":18,"turns":4},{"damage":5,"enemies":"3 Byrds","floor":19,"turns":3},{"damage":11,"enemies":"Snake Plant","floor":27,"turns":3},{"damage":10,"enemies":"Masked Bandits","floor":29,"turns":3},{"damage":9,"enemies":"Colosseum Slavers","floor":31,"turns":3},{"damage":14,"enemies":"Colosseum Nobs","floor":31,"turns":4},{"damage":25,"enemies":"Automaton","floor":33,"turns":9},{"damage":0,"enemies":"3 Shapes","floor":35,"turns":4},{"damage":20,"enemies":"Mind Bloom Boss Battle","floor":39,"turns":5},{"damage":0,"enemies":"Awakened One","floor":50,"turns":6}],"seed_played":"-9180927430671763536","potions_obtained":[{"floor":4,"key":"LiquidMemories"},{"floor":14,"key":"Ambrosia"},{"floor":18,"key":"AttackPotion"},{"floor":29,"key":"BlessingOfTheForge"},{"floor":35,"key":"AttackPotion"}],"is_trial":true,"path_per_floor":["M","M","?","M","?","R","$","M","T","?","R","?","?","M","R","B",null,"M","M","?","?","?","R","$","T","T","M","R","?","$","?","R","B",null,"M","?","?","?","?","R","R","R","T","$","R","$","R","$","R","B",null],"character_chosen":"WATCHER","items_purchased":["EmptyMind","EmptyBody","HandDrill","EmptyFist+1","Omamori","Art of War","Gremlin Horn","Energy Potion","Strawberry","StancePotion"],"campfire_rested":2,"item_purchase_floors":[7,7,24,24,44,44,46,46,48,48],"current_hp_per_floor":[70,49,72,70,70,70,70,64,64,64,64,64,64,54,54,34,72,71,66,66,50,50,71,71,71,71,60,60,50,50,34,56,36,74,74,74,74,74,56,56,56,56,56,56,56,56,56,63,63,68],"gold":142,"neow_bonus":"","is_daily":false,"chose_seed":false,"campfire_upgraded":4,"win_rate":0.0,"timestamp":1608155610,"path_taken":["M","?","?","M","?","R","$","?","T","?","R","?","?","M","R","BOSS","M","M","?","?","?","R","$","?","T","?","R","?","?","?","R","BOSS","M","?","?","?","?","R","R","R","T","$","R","$","R","$","R","BOSS"],"items_purchased_type":["Card","Card","Relic","Card","Relic","Relic","Relic","Potion","Relic","Potion"],"build_version":"2020-12-13","purchased_purges":1,"victory":true,"max_hp_per_floor":[72,72,72,72,72,72,72,72,72,72,72,72,72,72,72,72,72,72,72,72,72,72,72,72,72,72,72,72,72,72,74,74,74,74,74,74,74,74,76,76,76,76,76,76,76,76,76,83,83,83],"relic_stats":{"Regal Pillow":0,"Singing Bowl":4,"Gremlin Horn":[3,3],"counters":[16,70],"Dead Branch":[8],"Yang":[95],"CloakClasp":[31],"Letter Opener":[50],"Ginger":[0],"MawBank":60,"Smiling Mask":25,"Nunchaku":[2],"Shovel":6,"Shuriken":[26],"Mummified Hand":[5],"Bronze Scales":[171],"VioletLotus":[7],"HandDrill":[6],"Art of War":[0],"Kunai":[26],"obtain_stats":[{"Ice Cream":0,"Regal Pillow":43,"Singing Bowl":31,"Gremlin Horn":46,"Enchiridion":21,"Vajra":35,"Yang":26,"Incense Burner":2,"CloakClasp":49,"Ginger":31,"TeardropLocket":45,"Smiling Mask":27,"Nunchaku":40,"Shovel":1,"Mummified Hand":47,"Strawberry":48,"VioletLotus":34,"HandDrill":24,"Red Mask":29,"Kunai":9,"InkBottle":20,"Runic Pyramid":17,"Golden Idol":13,"Dead Branch":39,"Omamori":44,"Letter Opener":22,"MawBank":19,"Akabeko":25,"Anchor":42,"Shuriken":4,"Bronze Scales":18,"Molten Egg 2":6,"Bag of Marbles":8,"Art of War":44,"PureWater":0,"Toy Ornithopter":14},{"Ice Cream":0,"Regal Pillow":15,"Singing Bowl":12,"Gremlin Horn":15,"Enchiridion":8,"Vajra":14,"Yang":8,"Incense Burner":2,"CloakClasp":15,"Ginger":12,"TeardropLocket":15,"Smiling Mask":9,"Nunchaku":15,"Shovel":1,"Mummified Hand":15,"Strawberry":15,"VioletLotus":13,"HandDrill":8,"Red Mask":10,"Kunai":4,"InkBottle":8,"Runic Pyramid":6,"Golden Idol":4,"Dead Branch":15,"Omamori":15,"Letter Opener":8,"MawBank":8,"Akabeko":8,"Anchor":15,"Shuriken":3,"Bronze Scales":7,"Molten Egg 2":3,"Bag of Marbles":4,"Art of War":15,"PureWater":0,"Toy Ornithopter":5},{"Ice Cream":0,"Regal Pillow":64,"Singing Bowl":46,"Gremlin Horn":64,"Enchiridion":33,"Vajra":59,"Yang":33,"Incense Burner":5,"CloakClasp":64,"Ginger":46,"TeardropLocket":64,"Smiling Mask":36,"Nunchaku":64,"Shovel":3,"Mummified Hand":64,"Strawberry":64,"VioletLotus":55,"HandDrill":33,"Red Mask":39,"Kunai":14,"InkBottle":33,"Runic Pyramid":26,"Golden Idol":14,"Dead Branch":64,"Omamori":64,"Letter Opener":33,"MawBank":33,"Akabeko":33,"Anchor":64,"Shuriken":9,"Bronze Scales":30,"Molten Egg 2":9,"Bag of Marbles":14,"Art of War":64,"PureWater":0,"Toy Ornithopter":16}],"Toy Ornithopter":20,"InkBottle":[14]},"card_choices":[{"not_picked":["ConjureBlade","SpiritShield"],"picked":"MasterReality","floor":16},{"not_picked":["JustLucky+1","Tantrum+1"],"picked":"Protect+1","floor":29},{"not_picked":["ThirdEye+1","Crescendo","WaveOfTheHand"],"picked":"Singing Bowl","floor":31},{"not_picked":["Establishment","Omniscience"],"picked":"DevaForm","floor":33},{"not_picked":["BowlingBash+1","EmptyBody","Weave+1"],"picked":"Singing Bowl","floor":39}],"player_experience":409350,"relics_obtained":[{"floor":1,"key":"Shovel"},{"floor":2,"key":"Incense Burner"},{"floor":4,"key":"Shuriken"},{"floor":6,"key":"Molten Egg 2"},{"floor":8,"key":"Bag of Marbles"},{"floor":9,"key":"Kunai"},{"floor":14,"key":"Toy Ornithopter"},{"floor":18,"key":"Bronze Scales"},{"floor":19,"key":"MawBank"},{"floor":21,"key":"Enchiridion"},{"floor":25,"key":"Akabeko"},{"floor":26,"key":"Yang"},{"floor":27,"key":"Smiling Mask"},{"floor":29,"key":"Red Mask"},{"floor":31,"key":"Ginger"},{"floor":31,"key":"Singing Bowl"},{"floor":35,"key":"Vajra"},{"floor":39,"key":"Dead Branch"},{"floor":40,"key":"Nunchaku"},{"floor":42,"key":"Anchor"},{"floor":43,"key":"Regal Pillow"},{"floor":45,"key":"TeardropLocket"},{"floor":47,"key":"Mummified Hand"},{"floor":49,"key":"CloakClasp"}],"event_choices":[{"damage_healed":24,"gold_gain":0,"player_choice":"Banana","damage_taken":0,"max_hp_gain":0,"max_hp_loss":0,"event_name":"Big Fish","floor":3,"gold_loss":0},{"damage_healed":70,"gold_gain":0,"player_choice":"Leave","damage_taken":0,"max_hp_gain":0,"max_hp_loss":72,"event_name":"betterThird:BetterShining","floor":5,"gold_loss":0},{"damage_healed":0,"gold_gain":0,"player_choice":"Ignored","damage_taken":0,"max_hp_gain":0,"max_hp_loss":0,"event_name":"Golden Wing","floor":10,"gold_loss":0},{"damage_healed":0,"gold_gain":0,"player_choice":"Leave","damage_taken":0,"max_hp_gain":0,"max_hp_loss":0,"event_name":"The Cleric","floor":12,"gold_loss":0},{"damage_healed":0,"gold_gain":0,"player_choice":"Take Wound","damage_taken":0,"relics_obtained":["Golden Idol"],"max_hp_gain":0,"max_hp_loss":0,"event_name":"Golden Idol","floor":13,"gold_loss":0,"cards_obtained":["Injury"]},{"damage_healed":0,"gold_gain":0,"player_choice":"Opened","damage_taken":0,"relics_obtained":["InkBottle"],"max_hp_gain":0,"max_hp_loss":0,"event_name":"The Mausoleum","floor":20,"gold_loss":0},{"damage_healed":0,"gold_gain":0,"player_choice":"Obtained Book","damage_taken":16,"max_hp_gain":0,"max_hp_loss":0,"event_name":"Cursed Tome","floor":21,"gold_loss":0},{"damage_healed":0,"gold_gain":0,"player_choice":"Obtained Relic","damage_taken":0,"relics_obtained":["Letter Opener"],"max_hp_gain":0,"max_hp_loss":0,"event_name":"Addict","floor":22,"gold_loss":85},{"damage_healed":0,"gold_gain":0,"player_choice":"Fought Bandits","damage_taken":0,"max_hp_gain":0,"max_hp_loss":0,"event_name":"Masked Bandits","floor":29,"gold_loss":0},{"damage_healed":0,"gold_gain":0,"player_choice":"Fight","damage_taken":0,"max_hp_gain":0,"max_hp_loss":0,"event_name":"Colosseum","floor":31,"gold_loss":0},{"damage_healed":0,"gold_gain":0,"player_choice":"Fought Nobs","damage_taken":0,"max_hp_gain":0,"max_hp_loss":0,"event_name":"Colosseum","floor":31,"gold_loss":0},{"damage_healed":0,"gold_gain":0,"player_choice":"Ignored","damage_taken":0,"max_hp_gain":0,"max_hp_loss":0,"event_name":"Mysterious Sphere","floor":36,"gold_loss":0},{"damage_healed":0,"gold_gain":222,"player_choice":"Wore Mask","damage_taken":0,"max_hp_gain":0,"max_hp_loss":0,"event_name":"Tomb of Lord Red Mask","floor":37,"gold_loss":0},{"damage_healed":0,"gold_gain":333,"player_choice":"Gave Idol","damage_taken":0,"max_hp_gain":0,"max_hp_loss":0,"event_name":"The Moai Head","floor":38,"relics_lost":["Golden Idol"],"gold_loss":0},{"damage_healed":0,"gold_gain":0,"player_choice":"Fight","damage_taken":0,"max_hp_gain":0,"max_hp_loss":0,"event_name":"MindBloom","floor":39,"gold_loss":0}],"is_beta":false,"boss_relics":[{"not_picked":["Ectoplasm","Coffee Dripper"],"picked":"Runic Pyramid"},{"not_picked":["Philosopher\u0027s Stone","Black Star"],"picked":"VioletLotus"}],"items_purged_floors":[30],"is_endless":false,"potions_floor_spawned":[4,14,18,29,31,35],"ascension_level":0}}