{"host":"m7ng6g84rp2fqrpe","time":1608104020,"event":{"mods":["Aspiration","BaseMod","Better Note","Better Third Choice","Colored Map","Colored Powertips","Hermit","Highlight Path","Minty Spire (QoL Compilation)","Rare Cards Sparkle","Spicy Shops","StSLib"],"gold_per_floor":[115,125,143,143,157,157,182,201,201,220,220,395,395,395,395,496,496,512,512,524,544,544,544,544,544],"floor_reached":24,"playtime":1115,"items_purged":[],"score":223,"play_id":"9c2c64e8-c5ca-4bda-af02-e650e4a322de","local_time":"20201216003340","is_ascension_mode":false,"campfire_choices":[{"data":"hermit:CursedWeapon","floor":6.0,"key":"SMITH"},{"data":"hermit:FlashPowder","floor":11.0,"key":"SMITH"},{"data":"hermit:DeadMansHand","floor":13.0,"key":"SMITH"},{"data":"hermit:BlackWind","floor":15.0,"key":"SMITH"},{"data":"hermit:Reprieve","floor":23,"key":"SMITH"}],"circlet_count":0,"master_deck":["hermit:Strike_Hermit","hermit:Strike_Hermit+1","hermit:Strike_Hermit","hermit:Strike_Hermit+1","hermit:Defend_Hermit","hermit:Defend_Hermit","hermit:Defend_Hermit","hermit:Defend_Hermit","hermit:Snapshot","hermit:Covet","hermit:BlackWind+1","hermit:ShadowCloak","hermit:CursedWeapon+1","hermit:FlashPowder+1","hermit:Reprieve+1","hermit:DeadMansHand+1","Doubt","hermit:Gambit","HandOfGreed+1"],"relics":["hermit:Momento","Juzu Bracelet","TungstenRod","Black Star","Blood Vial"],"acts_visited":["Exordium","TheCity"],"potions_floor_usage":[],"damage_taken":[{"damage":2.0,"enemies":"Small Slimes","floor":1.0,"turns":4.0},{"damage":8.0,"enemies":"2 Louse","floor":2.0,"turns":2.0},{"damage":6.0,"enemies":"Cultist","floor":3.0,"turns":3.0},{"damage":16.0,"enemies":"Lots of Slimes","floor":5.0,"turns":4.0},{"damage":2.0,"enemies":"Gremlin Nob","floor":7.0,"turns":2.0},{"damage":2.0,"enemies":"Exordium Wildlife","floor":8.0,"turns":2.0},{"damage":1.0,"enemies":"Large Slime","floor":10.0,"turns":4.0},{"damage":53.0,"enemies":"Hexaghost","floor":16.0,"turns":18.0},{"damage":8.0,"enemies":"3 Byrds","floor":18.0,"turns":9.0},{"damage":26.0,"enemies":"Shell Parasite","floor":20.0,"turns":5.0},{"damage":36,"enemies":"Snecko","floor":21,"turns":8},{"damage":40,"enemies":"Gremlin Leader","floor":24,"turns":6}],"seed_played":"-8059569103755736277","potions_obtained":[{"floor":2.0,"key":"DistilledChaos"},{"floor":3.0,"key":"Ancient Potion"},{"floor":10.0,"key":"Regen Potion"},{"floor":16.0,"key":"FearPotion"},{"floor":21,"key":"Swift Potion"}],"is_trial":false,"path_per_floor":["M","M","M","?","M","R","E","M","T","M","R","?","R","?","R","B",null,"M","?","M","M","?","R","E"],"character_chosen":"HERMIT","items_purchased":[],"campfire_rested":0,"item_purchase_floors":[],"current_hp_per_floor":[73,65,59,44,28,28,26,24,24,23,23,23,23,48,48,14,75,67,67,50,24,24,24,0,0],"gold":544,"neow_bonus":"ONE_RANDOM_RARE_CARD","is_daily":false,"chose_seed":false,"campfire_upgraded":5,"win_rate":0.0,"timestamp":1608104020,"path_taken":["M","M","M","?","M","R","E","M","T","M","R","?","R","?","R","BOSS","M","?","M","M","?","R","E"],"items_purchased_type":[],"build_version":"2020-12-13","purchased_purges":0,"victory":false,"max_hp_per_floor":[75,75,75,75,75,75,75,75,75,75,75,75,75,75,75,75,75,75,75,75,75,75,75,75,75],"card_choices":[{"not_picked":["hermit:Manifest","hermit:Misfire"],"picked":"hermit:ShadowCloak","floor":1.0},{"not_picked":["hermit:HighCaliber","hermit:FullyLoaded","hermit:PistolWhip"],"picked":"SKIP","floor":2.0},{"not_picked":["hermit:CalledShot","hermit:HoleUp","hermit:BodyArmor"],"picked":"SKIP","floor":3.0},{"not_picked":["hermit:Glare","hermit:TrackingShot"],"picked":"hermit:CursedWeapon","floor":5.0},{"not_picked":["hermit:Vantage","hermit:TakeAim"],"picked":"hermit:FlashPowder","floor":7.0},{"not_picked":["hermit:Headshot","hermit:LowProfile"],"picked":"hermit:Reprieve","floor":8.0},{"not_picked":["hermit:Glare","hermit:Shortfuse"],"picked":"hermit:DeadMansHand","floor":10.0},{"not_picked":["hermit:EternalForm","hermit:Purgatory"],"picked":"hermit:Gambit","floor":16.0},{"not_picked":["hermit:Deadeye","hermit:FullyLoaded"],"picked":"hermit:Determination","floor":18.0},{"not_picked":["hermit:WideOpen","hermit:Glare","hermit:HoleUp"],"picked":"SKIP","floor":20.0},{"not_picked":["hermit:Maintenance","hermit:CalledShot+1","hermit:BodyArmor"],"picked":"SKIP","floor":21}],"player_experience":29584,"relics_obtained":[{"floor":7.0,"key":"Juzu Bracelet"},{"floor":9.0,"key":"TungstenRod"}],"event_choices":[{"damage_healed":59.0,"max_hp_gain":0.0,"max_hp_loss":75.0,"gold_gain":0.0,"event_name":"betterThird:BetterShining","player_choice":"Upgrade","floor":4.0,"gold_loss":0.0,"damage_taken":15.0,"cards_upgraded":["hermit:Strike_Hermit","hermit:Strike_Hermit"]},{"damage_healed":0.0,"max_hp_gain":0.0,"max_hp_loss":0.0,"gold_gain":175.0,"event_name":"betterThird:BetterSerpent","player_choice":"AGREE","floor":12.0,"gold_loss":0.0,"damage_taken":220.0},{"damage_healed":25.0,"max_hp_gain":0.0,"max_hp_loss":0.0,"gold_gain":0.0,"event_name":"Big Fish","player_choice":"Banana","floor":14.0,"gold_loss":0.0,"damage_taken":0.0},{"cards_removed":["hermit:Determination"],"damage_healed":0.0,"max_hp_gain":0.0,"max_hp_loss":0.0,"gold_gain":0.0,"event_name":"WeMeetAgain","player_choice":"Gave Card","floor":19.0,"gold_loss":0.0,"damage_taken":0.0,"relics_obtained":["Blood Vial"]},{"cards_removed":["hermit:CursedWeapon"],"damage_healed":0,"gold_gain":0,"player_choice":"Take \u0026 Give","damage_taken":0,"max_hp_gain":0,"max_hp_loss":0,"event_name":"betterNote:BetterNote","floor":22,"gold_loss":0,"cards_obtained":["HandOfGreed"]}],"is_beta":false,"boss_relics":[{"not_picked":["aspiration:RunicSpoon","aspiration:FutureDiary"],"picked":"Black Star"}],"items_purged_floors":[],"is_endless":false,"potions_floor_spawned":[2,3,10,16,21],"killed_by":"Gremlin Leader","ascension_level":0}}