{"host":"utqe55yv0jihe4d6","time":1608095036,"event":{"mods":["2.2 Compatiblity","AchievementEnabler","BaseMod","Block Reminder","Colored Map","Colored Powertips","Minty Spire (QoL Compilation)","Quick Restart","Rare Cards Sparkle","Relic Stats","SuperFastMode"],"gold_per_floor":[110,35,52,52,52,52,68,80,103,136,101,101,131,156,168,180,180],"floor_reached":16,"playtime":526,"items_purged":["Strike_B"],"score":220,"play_id":"37c7379e-7881-4efc-8ff7-5abec7dfe8b3","local_time":"20201216000356","is_ascension_mode":true,"campfire_choices":[{"data":"Static Discharge","floor":6,"key":"SMITH"},{"floor":12,"key":"REST"},{"data":"Hologram","floor":15,"key":"SMITH"}],"circlet_count":0,"master_deck":["AscendersBane","Strike_B","Defend_B","Defend_B+1","Defend_B","Zap","Dualcast","Glacier+1","Heatsinks","Barrage","Static Discharge+1","Recycle","Seek","Sweeping Beam","Hologram+1"],"relics":["Cracked Core","Akabeko","Nunchaku","MawBank"],"acts_visited":["Exordium"],"potions_floor_usage":[8,10,16],"damage_taken":[{"damage":0,"enemies":"Jaw Worm","floor":1,"turns":4},{"damage":8,"enemies":"Small Slimes","floor":3,"turns":4},{"damage":0,"enemies":"2 Louse","floor":7,"turns":4},{"damage":0,"enemies":"Exordium Thugs","floor":8,"turns":6},{"damage":6,"enemies":"Lagavulin","floor":10,"turns":6},{"damage":12,"enemies":"3 Sentries","floor":13,"turns":11},{"damage":6,"enemies":"Looter","floor":14,"turns":3},{"damage":39,"enemies":"Hexaghost","floor":16,"turns":9}],"seed_played":"-4315940830780866686","potions_obtained":[{"floor":3,"key":"Regen Potion"},{"floor":8,"key":"Weak Potion"},{"floor":14,"key":"Swift Potion"}],"is_trial":false,"path_per_floor":["M","$","M","?","?","R","M","M","T","E","?","R","E","M","R","B"],"character_chosen":"DEFECT","items_purchased":[],"campfire_rested":1,"item_purchase_floors":[],"current_hp_per_floor":[46,46,38,17,10,10,10,25,25,19,36,57,45,39,39,0,0],"gold":180,"neow_bonus":"TRANSFORM_TWO_CARDS","is_daily":false,"chose_seed":false,"campfire_upgraded":2,"win_rate":0.0,"timestamp":1608095036,"path_taken":["M","$","M","?","?","R","M","M","T","E","?","R","E","M","R","BOSS"],"items_purchased_type":[],"build_version":"2020-12-13","purchased_purges":1,"victory":false,"max_hp_per_floor":[71,71,71,71,71,71,71,71,71,71,71,71,71,71,71,71,71],"relic_stats":{"Nunchaku":[1],"counters":[8,47],"MawBank":36,"obtain_stats":[{"Nunchaku":10,"Cracked Core":0,"MawBank":13,"Akabeko":9},{"Nunchaku":5,"Cracked Core":0,"MawBank":6,"Akabeko":4},{"Nunchaku":24,"Cracked Core":0,"MawBank":35,"Akabeko":18}]},"card_choices":[{"not_picked":["Rebound","Auto Shields"],"picked":"Barrage","floor":1},{"not_picked":["Streamline","Redo"],"picked":"Static Discharge","floor":3},{"not_picked":["Conserve Battery","Streamline"],"picked":"Recycle","floor":7},{"not_picked":["Rebound","Hologram"],"picked":"Seek","floor":8},{"not_picked":["Hologram","Blizzard","Compile Driver"],"picked":"SKIP","floor":10},{"not_picked":["Auto Shields","Barrage"],"picked":"Sweeping Beam","floor":13},{"not_picked":["Fusion","Steam"],"picked":"Hologram","floor":14}],"player_experience":2766734,"relics_obtained":[{"floor":9,"key":"Akabeko"},{"floor":10,"key":"Nunchaku"},{"floor":13,"key":"MawBank"}],"event_choices":[{"damage_healed":0,"gold_gain":0,"player_choice":"Entered Light","damage_taken":21,"max_hp_gain":0,"max_hp_loss":0,"event_name":"Shining Light","floor":4,"gold_loss":0,"cards_upgraded":["Defend_B","Glacier"]},{"cards_removed":["Strike_B"],"damage_healed":0,"gold_gain":0,"player_choice":"Card Removal","damage_taken":7,"max_hp_gain":0,"max_hp_loss":0,"event_name":"Golden Wing","floor":5,"gold_loss":0},{"damage_healed":17,"gold_gain":0,"player_choice":"Healed","damage_taken":0,"max_hp_gain":0,"max_hp_loss":0,"event_name":"The Cleric","floor":11,"gold_loss":35}],"is_beta":false,"boss_relics":[],"items_purged_floors":[2],"is_endless":false,"potions_floor_spawned":[3,8,14],"killed_by":"Hexaghost","ascension_level":20}}