{"host":"jm9833yuloeli2yd","time":1608094183,"event":{"mods":["AchievementEnabler","BaseMod","Better Altar","Better Match","Better Note","Better Sensory Stone","Better Skull","Better Vampires","Colored Map","Colored Powertips","DeckTracker","Minty Spire (QoL Compilation)","Permanent Neow","Quick Restart","Replay The Spire","StSLib","SuperFastMode"],"gold_per_floor":[214,230,155,155,23,23,49,49,76,96,96,96,112,123,123,194,294,310,310,310,310,325,325,325,325],"floor_reached":24,"playtime":634,"items_purged":[],"score":488,"play_id":"01101cce-99df-4eb8-9ae3-ff219d35e3cd","local_time":"20201215234943","is_ascension_mode":true,"campfire_choices":[{"data":"Bash","floor":6,"key":"SMITH"},{"data":"ReplayTheSpireMod:Fabricate Wheel","floor":8,"key":"SMITH"},{"floor":12,"key":"REST"},{"floor":15,"key":"REST"},{"floor":23,"key":"REST"}],"circlet_count":0,"master_deck":["AscendersBane","Strike_B","Strike_B+1","Defend_B","Defend_B+1","Defend_B","Zap","Gash","Hologram+1","Bash+1","Scrape+1","Reboot","Gash","Coolheaded","Conserve Battery+1","Leap","Steam","Beam Cell","Echo Form","Gash","Ball Lightning","Hologram+1","Amplify"],"relics":["Iron Core","Whetstone","Gremlin Food","Prayer Wheel","Replay:Wanted Poster"],"acts_visited":["Exordium","TheCity"],"potions_floor_usage":[7,16,16,24],"damage_taken":[{"damage":1,"enemies":"Cultist","floor":1,"turns":3},{"damage":7,"enemies":"Jaw Worm","floor":2,"turns":3},{"damage":32,"enemies":"Gremlin Nob","floor":7,"turns":4},{"damage":16,"enemies":"Small Slimes","floor":10,"turns":3},{"damage":23,"enemies":"Exordium Thugs","floor":13,"turns":3},{"damage":0,"enemies":"2 Fungi Beasts","floor":14,"turns":3},{"damage":0,"enemies":"Hexaghost","floor":16,"turns":9},{"damage":22,"enemies":"3 Byrds","floor":18,"turns":6},{"damage":8,"enemies":"Spheric Guardian","floor":22,"turns":6},{"damage":55,"enemies":"Book of Stabbing","floor":24,"turns":5}],"seed_played":"-1116700632286831133","potions_obtained":[{"floor":2,"key":"EssenceOfDarkness"},{"floor":13,"key":"ColorlessPotion"},{"floor":16,"key":"FearPotion"}],"is_trial":false,"path_per_floor":["M","M","?","?","$","R","E","R","T","M","?","R","M","M","R_BF","B",null,"M","$","?","?","M","R","E"],"character_chosen":"DEFECT","items_purchased":["Scrape","Adrenaline Potion"],"campfire_rested":3,"item_purchase_floors":[5,5],"current_hp_per_floor":[63,56,56,56,56,56,24,24,24,8,8,29,6,6,27,27,60,38,38,38,40,32,53,0,0],"gold":325,"neow_bonus":"HUNDRED_GOLD","is_daily":false,"chose_seed":false,"campfire_upgraded":2,"win_rate":0.0,"timestamp":1608094183,"path_taken":["M","M","?","?","$","R","E","R","T","M","?","R","M","M","R_BF","BOSS","M","?","?","?","M","R","E"],"items_purchased_type":["Card","Potion"],"build_version":"2020-12-13","purchased_purges":0,"victory":false,"max_hp_per_floor":[71,71,71,71,71,71,71,71,71,71,71,71,71,71,71,71,71,71,71,71,71,71,71,71,71],"card_choices":[{"not_picked":["Cold Snap","Melter"],"picked":"Gash","floor":1},{"not_picked":["Turbo","Heatsinks"],"picked":"Hologram","floor":2},{"not_picked":["Beam Cell","Defragment"],"picked":"ReplayTheSpireMod:Fabricate Wheel","floor":7},{"not_picked":["Coolheaded","Beam Cell"],"picked":"Gash","floor":10},{"not_picked":["Hello World","Tempest"],"picked":"Coolheaded","floor":10},{"not_picked":["Aggregate","Warcry"],"picked":"Conserve Battery","floor":13},{"not_picked":["Steam","Redo","Leap"],"picked":"SKIP","floor":13},{"not_picked":["Steam","Redo"],"picked":"Leap","floor":13},{"not_picked":["Blizzard","Firewall"],"picked":"Steam","floor":14},{"not_picked":["Sweeping Beam","Streamline"],"picked":"Beam Cell","floor":14},{"not_picked":["Core Surge","Multi-Cast"],"picked":"Echo Form","floor":16},{"not_picked":["Rip and Tear","Conserve Battery"],"picked":"Gash","floor":18},{"not_picked":["Turbo","Conserve Battery","Redo"],"picked":"SKIP","floor":18},{"not_picked":["Cold Snap","Beam Cell"],"picked":"Amplify","floor":22},{"not_picked":["Compile Driver","BasicCrystalCard","Melter"],"picked":"SKIP","floor":22}],"player_experience":1100748,"relics_obtained":[{"floor":7,"key":"Whetstone"},{"floor":9,"key":"Gremlin Food"}],"event_choices":[{"cards_removed":["Defend_B"],"damage_healed":0,"gold_gain":0,"player_choice":"Card Removal","damage_taken":0,"max_hp_gain":0,"max_hp_loss":0,"event_name":"The Cleric","floor":3,"gold_loss":75},{"damage_healed":0,"gold_gain":0,"player_choice":"Forge","damage_taken":0,"max_hp_gain":0,"max_hp_loss":0,"event_name":"Accursed Blacksmith","floor":11,"gold_loss":0,"cards_upgraded":["Hologram"]},{"damage_healed":0,"gold_gain":0,"cards_transformed":["Strike_B","Strike_B"],"player_choice":"Became Test Subject","damage_taken":0,"max_hp_gain":0,"max_hp_loss":0,"event_name":"Drug Dealer","floor":20,"gold_loss":0,"cards_obtained":["Ball Lightning","Hologram"]},{"damage_healed":2,"gold_gain":0,"player_choice":"LEAVE ","damage_taken":0,"relics_obtained":[],"max_hp_gain":0,"max_hp_loss":0,"event_name":"betterSkull:BetterSkull","floor":21,"gold_loss":0,"cards_upgraded":[]}],"is_beta":false,"boss_relics":[{"not_picked":["Coffee Dripper","Calling Bell"],"picked":"Replay:Wanted Poster"}],"items_purged_floors":[],"is_endless":false,"potions_floor_spawned":[2,13,16],"killed_by":"Book of Stabbing","ascension_level":20}}