{"host":"usrgk25etjl0nf5i","time":1608089942,"event":{"mods":["2.2 Compatiblity","BaseMod","Downfall","Hermit","Hubris","Minty Spire (QoL Compilation)","StSLib","SuperFastMode","The Disciple","The Hierophant"],"gold_per_floor":[99,99,115,142,154,79,79,91,123,160,182,205,202,214,238,250,250],"floor_reached":16,"playtime":669,"items_purged":[],"score":118,"play_id":"05b13762-c14d-4ad7-b62c-eefd56b410ef","local_time":"20201215193902","is_ascension_mode":true,"campfire_choices":[{"floor":1,"key":"RECALL"},{"data":"champ:IgnorePain","floor":6,"key":"SMITH"},{"data":"champ:TornadoPunch","floor":8,"key":"SMITH"}],"circlet_count":0,"master_deck":["champ:Strike","champ:Strike","champ:Strike","champ:Strike","champ:Defend","champ:Defend","champ:Defend","champ:Defend","champ:Execute","champ:Taunt","champ:TornadoPunch+1","champ:IgnorePain+1","champ:GladiatorStyle","champ:TornadoPunch","champ:ShieldSigil","champ:StanceDance","champ:Haymaker","champ:DefensiveStyle","champ:StanceDance"],"relics":["champ:ChampionCrown","Calipers","hubris:Towel","Regal Pillow","downfall:HeartBlessingRed","MawBank","Blood Vial","hubris:Icosahedron"],"acts_visited":["Exordium"],"potions_floor_usage":[4,10,11,11,13,16,16],"damage_taken":[{"damage":6,"enemies":"Jaw Worm","floor":3,"turns":4},{"damage":23,"enemies":"3 Sentries","floor":4,"turns":7},{"damage":8,"enemies":"Small Slimes","floor":5,"turns":3},{"damage":5,"enemies":"2 Louse","floor":9,"turns":2},{"damage":25,"enemies":"Gremlin Nob","floor":10,"turns":4},{"damage":0,"enemies":"Gremlin Gang","floor":11,"turns":2},{"damage":0,"enemies":"3 Louse","floor":12,"turns":3},{"damage":5,"enemies":"downfall:FleeingMerchant","floor":13,"turns":4},{"damage":13,"enemies":"Exordium Thugs","floor":15,"turns":3},{"damage":46,"enemies":"downfall:Defect","floor":16,"turns":6}],"seed_played":"3283105422715330284","potions_obtained":[{"floor":3,"key":"Energy Potion"},{"floor":5,"key":"Strength Potion"},{"floor":10,"key":"EntropicBrew"},{"floor":11,"key":"Block Potion"},{"floor":12,"key":"Fruit Juice"}],"is_trial":false,"path_per_floor":["R","?","M","E","M","R","T","R","M","E","M","M","$","?","M","B"],"character_chosen":"THE_CHAMP","items_purchased":[],"campfire_rested":0,"item_purchase_floors":[],"current_hp_per_floor":[81,81,80,67,64,64,64,64,64,49,51,53,55,55,44,0,0],"gold":250,"neow_bonus":"ONE_RARE_RELIC","is_daily":false,"chose_seed":false,"campfire_upgraded":2,"win_rate":0.0,"timestamp":1608089942,"path_taken":["R","?","M","E","M","R","T","R","M","E","M","M","$","?","M","BOSS"],"items_purchased_type":[],"build_version":"2020-12-13","purchased_purges":0,"victory":false,"max_hp_per_floor":[81,81,81,81,81,81,81,81,81,81,81,81,86,86,86,86,86],"card_choices":[{"not_picked":["champ:StanceDance","champ:FanOfKnives"],"picked":"champ:TornadoPunch","floor":3},{"not_picked":["champ:TornadoPunch","champ:AdrenalArmor"],"picked":"champ:IgnorePain","floor":4},{"not_picked":["champ:BladeFlurry","champ:BerserkersShout"],"picked":"champ:GladiatorStyle","floor":5},{"not_picked":["champ:Shatter","champ:EnragedBash"],"picked":"champ:TornadoPunch","floor":9},{"not_picked":["champ:RageSigil","champ:HeartStrike"],"picked":"champ:ShieldSigil","floor":10},{"not_picked":["champ:ShieldSigil","champ:GladiatorsShout"],"picked":"champ:StanceDance","floor":11},{"not_picked":["champ:EndlessRage","champ:RageSigil"],"picked":"champ:Haymaker","floor":12},{"not_picked":["champ:BringItOn","champ:PerfectedStrike"],"picked":"champ:DefensiveStyle","floor":13},{"not_picked":["champ:TornadoPunch","champ:FocusedBerserking"],"picked":"champ:StanceDance","floor":15}],"player_experience":647377,"relics_obtained":[{"floor":4,"key":"Regal Pillow"},{"floor":7,"key":"MawBank"},{"floor":10,"key":"Blood Vial"}],"event_choices":[],"is_beta":false,"boss_relics":[],"items_purged_floors":[],"is_endless":false,"potions_floor_spawned":[3,5,10,11,12],"killed_by":"downfall:Defect","ascension_level":1}}