{"host":"ad1lywlk73qplbjq","time":1608113019,"event":{"mods":["AchievementEnabler","BaseMod","Curses Come First","Downfall","Minty Spire (QoL Compilation)","StSLib","The Necromancer"],"gold_per_floor":[99,132,132,132,132,132,132,152,171,201,212,387,537,547,565,663,663,663,683,698,698,299,316,316,327,342,342,360,505,351,436,455,553,553,478,494,844,873,374,299,299,299,299,325,342,361,376,43,62,62],"floor_reached":51,"playtime":5785,"items_purged":["Slimebound:Icky","hexamod:Strike"],"score":844,"play_id":"f3dfb4f5-4148-4604-aaa0-1c1df98af902","local_time":"20201216110339","is_ascension_mode":false,"campfire_choices":[{"data":"hexamod:Float","floor":1.0,"key":"SMITH"},{"data":"hexamod:RainOfEmbers","floor":4.0,"key":"SMITH"},{"data":"hexamod:CatchUp","floor":18.0,"key":"SMITH"},{"data":"hexamod:GhostOfSpirePast","floor":27.0,"key":"SMITH"},{"floor":35.0,"key":"RECALL"},{"data":"hexamod:GhostflameBarrier","floor":40,"key":"SMITH"},{"data":"hexamod:SkipABeat","floor":43,"key":"SMITH"}],"circlet_count":0,"master_deck":["hexamod:Strike+1","hexamod:Strike+1","hexamod:Defend","hexamod:Defend","hexamod:Defend","hexamod:Sear","hexamod:Float+1","hexamod:RainOfEmbers+1","Slay_Living+1","hexamod:GhostflameBarrier+1","hexamod:SkipABeat+1","hexamod:GhostOfSpirePast+1","hexamod:GhostOfSpirePast","hexamod:GhostOfSpirePast","hexamod:CatchUp+1","hexamod:Rewind","hexamod:EmpoweringStance","hexamod:PhantomCloak","hexamod:EmpoweringStance","hexamod:RadiantFlame+1","hexamod:ExtraCrispy+1","expansioncontent:DashGenerateEvil","hexamod:CrushingStance","hexamod:GhostOfSpirePast+1","hexamod:VolcanoVisage+1"],"relics":["hexamod:SpiritBrand","downfall:HeartsMalice","Strawberry","Whetstone","Runic Pyramid","Frozen Egg 2","WingedGreaves","Black Star","downfall:HeartBlessingBlue","Old Coin","Letter Opener","Incense Burner","Mummified Hand","Lee\u0027s Waffle","downfall:HeartBlessingRed","Meat on the Bone","Dream Catcher","Ancient Tea Set"],"acts_visited":["Exordium","TheCity","TheBeyond"],"potions_floor_usage":[37,38,50,50],"damage_taken":[{"damage":0.0,"enemies":"Gremlin Nob","floor":2.0,"turns":1.0},{"damage":0.0,"enemies":"2 Louse","floor":5.0,"turns":1.0},{"damage":0.0,"enemies":"Cultist","floor":6.0,"turns":1.0},{"damage":0.0,"enemies":"Small Slimes","floor":8.0,"turns":3.0},{"damage":0.0,"enemies":"Exordium Wildlife","floor":9.0,"turns":3.0},{"damage":9.0,"enemies":"3 Sentries","floor":10.0,"turns":5.0},{"damage":0.0,"enemies":"Large Slime","floor":11.0,"turns":3.0},{"damage":0.0,"enemies":"Blue Slaver","floor":14.0,"turns":3.0},{"damage":11.0,"enemies":"Gremlin Gang","floor":15.0,"turns":4.0},{"damage":44.0,"enemies":"downfall:Defect","floor":16.0,"turns":6.0},{"damage":0.0,"enemies":"Spheric Guardian","floor":19.0,"turns":4.0},{"damage":0.0,"enemies":"Chosen","floor":20.0,"turns":5.0},{"damage":0.0,"enemies":"downfall:FleeingMerchant","floor":22.0,"turns":4.0},{"damage":6.0,"enemies":"Centurion and Healer","floor":23.0,"turns":4.0},{"damage":9.0,"enemies":"Snake Plant","floor":25.0,"turns":4.0},{"damage":0.0,"enemies":"Cultist and Chosen","floor":26.0,"turns":6.0},{"damage":9.0,"enemies":"Sentry and Sphere","floor":28.0,"turns":4.0},{"damage":0.0,"enemies":"downfall:FleeingMerchant","floor":29.0,"turns":4.0},{"damage":1.0,"enemies":"Centurion and Healer","floor":32.0,"turns":5.0},{"damage":17.0,"enemies":"downfall:Silent","floor":33.0,"turns":5.0},{"damage":0.0,"enemies":"3 Shapes","floor":36.0,"turns":5.0},{"damage":20,"enemies":"Mind Bloom Boss Battle","floor":37,"turns":5},{"damage":40,"enemies":"Reptomancer","floor":38,"turns":6},{"damage":0,"enemies":"Nemesis","floor":44,"turns":5},{"damage":14,"enemies":"3 Darklings","floor":45,"turns":3},{"damage":0,"enemies":"Sphere and 2 Shapes","floor":46,"turns":3},{"damage":0,"enemies":"Maw","floor":47,"turns":4},{"damage":18,"enemies":"3 Darklings","floor":49,"turns":3},{"damage":2,"enemies":"downfall:Ironclad","floor":50,"turns":7}],"seed_played":"2675480991720137396","potions_obtained":[{"floor":8.0,"key":"AttackPotion"},{"floor":9.0,"key":"SpeedPotion"},{"floor":10.0,"key":"sneckomod:MuddlingPotion"},{"floor":14.0,"key":"FearPotion"},{"floor":15.0,"key":"PowerPotion"},{"floor":16.0,"key":"Weak Potion"},{"floor":19.0,"key":"EssenceOfSteel"},{"floor":23.0,"key":"Fire Potion"},{"floor":25.0,"key":"hexamod:InfernoChargePotion"},{"floor":33.0,"key":"Weak Potion"},{"floor":38,"key":"Fire Potion"},{"floor":44,"key":"LiquidMemories"},{"floor":49,"key":"PowerPotion"}],"is_trial":false,"path_per_floor":["R","E","?","R","M","M","T","M","M","E","M","?","?","M","M","B",null,"R","M","M","?","$","M","T","M","M","R","M","$","$","?","M","B",null,"R","M","?","E","$","R","T","?","R","E","M","M","M","?","M","B",null],"character_chosen":"THE_SPIRIT","items_purchased":["Frozen Egg 2","hexamod:RadiantFlame+1","expansioncontent:DashGenerateEvil","hexamod:CrushingStance","Mummified Hand","Lee\u0027s Waffle"],"campfire_rested":0,"item_purchase_floors":[22,22,29,30,39,39],"current_hp_per_floor":[70,77,77,77,77,77,77,77,77,68,68,68,68,68,57,13,77,77,77,77,77,77,71,71,62,62,62,53,53,53,39,38,21,77,87,87,67,27,94,94,94,94,94,94,80,80,80,106,88,86],"gold":62,"neow_bonus":"THREE_ENEMY_KILL","is_daily":false,"chose_seed":false,"campfire_upgraded":6,"win_rate":0.0,"timestamp":1608113019,"path_taken":["R","E","?","R","?","M","T","M","M","E","M","?","?","M","M","BOSS","R","M","M","?","$","M","T","M","M","R","M","$","$","?","M","BOSS","R","M","?","E","$","R","T","?","R","E","M","M","?","?","M","BOSS"],"items_purchased_type":["Relic","Card","Card","Card","Relic","Relic"],"build_version":"2020-12-13","purchased_purges":2,"victory":true,"max_hp_per_floor":[70,77,77,77,77,77,77,77,77,77,77,77,77,77,77,77,77,77,77,77,77,77,77,77,77,77,77,77,77,77,77,77,77,77,87,87,87,87,94,94,94,94,94,94,94,94,94,106,106,106],"card_choices":[{"not_picked":["hexamod:BurningTouch","hexamod:BacktrackSmack"],"picked":"hexamod:RainOfEmbers","floor":2.0},{"not_picked":["hexamod:Firestarter","hexamod:GhostShield"],"picked":"hexamod:GhostflameBarrier","floor":5.0},{"not_picked":["hexamod:HauntingEcho","hexamod:EmpoweredFlame"],"picked":"hexamod:SkipABeat","floor":6.0},{"not_picked":["hexamod:InspiringFlames","hexamod:HauntingEcho"],"picked":"hexamod:GhostOfSpirePast","floor":8.0},{"not_picked":["hexamod:HeatMetal","hexamod:InspiringFlames"],"picked":"hexamod:GhostOfSpirePast","floor":9.0},{"not_picked":["hexamod:InspiringFlames","hexamod:RainOfEmbers"],"picked":"hexamod:GhostOfSpirePast","floor":10.0},{"not_picked":["hexamod:NightmareGuise","hexamod:ShieldOfDarkness"],"picked":"hexamod:CatchUp","floor":11.0},{"not_picked":["hexamod:RadiantFlame","hexamod:GhostLash"],"picked":"hexamod:Rewind","floor":14.0},{"not_picked":["hexamod:PhantomFireball","hexamod:RainOfEmbers","hexamod:GhostShield"],"picked":"SKIP","floor":15.0},{"not_picked":["hexamod:SearingWound","hexamod:UnleashSpirits"],"picked":"hexamod:EmpoweringStance","floor":16.0},{"not_picked":["hexamod:GhostShield+1","hexamod:BurningTouch","hexamod:GhostLash"],"picked":"SKIP","floor":19.0},{"not_picked":["hexamod:DynamicBlow","hexamod:ShieldOfDarkness"],"picked":"hexamod:PhantomCloak","floor":20.0},{"not_picked":["hexamod:GhostShield+1","hexamod:GhostOfSpirePresent+1"],"picked":"hexamod:EmpoweringStance","floor":22.0},{"not_picked":["hexamod:RainOfEmbers","hexamod:BurningTouch","hexamod:HeatCrush"],"picked":"SKIP","floor":23.0},{"not_picked":["hexamod:NightmareStrike+1","hexamod:BurningTouch","hexamod:GhostOfSpirePresent+1"],"picked":"SKIP","floor":25.0},{"not_picked":["hexamod:Hexaguard","hexamod:NightmareStrike","hexamod:FourthSeal"],"picked":"SKIP","floor":26.0},{"not_picked":["hexamod:AdvancingGuard+1","hexamod:SwordOfDarkness+1","hexamod:WildfireWeapon+1"],"picked":"SKIP","floor":28.0},{"not_picked":["hexamod:SpectersWail","hexamod:ShieldOfDarkness"],"picked":"hexamod:ExtraCrispy+1","floor":29.0},{"not_picked":["hexamod:BacktrackSmack+1","hexamod:GhostLash"],"picked":"hexamod:GhostOfSpirePast+1","floor":32.0},{"not_picked":["hexamod:WildfireWeapon+1","hexamod:TimeOfNeed"],"picked":"hexamod:VolcanoVisage+1","floor":33.0},{"not_picked":["hexamod:BurningTouch","hexamod:HeatMetal","hexamod:RainOfEmbers+1"],"picked":"SKIP","floor":36.0},{"not_picked":["hexamod:ShieldOfDarkness+1","hexamod:CatchUp","hexamod:FirstSeal"],"picked":"SKIP","floor":38},{"not_picked":["hexamod:NightmareStrike","hexamod:ShieldOfDarkness+1","hexamod:InspiringFlames"],"picked":"SKIP","floor":44},{"not_picked":["hexamod:GhostLash","hexamod:Haunt","hexamod:BurningTouch"],"picked":"SKIP","floor":45},{"not_picked":["hexamod:HauntingEcho","hexamod:HeatMetal","hexamod:GhostOfSpirePresent+1"],"picked":"SKIP","floor":46},{"not_picked":["hexamod:FirstSeal","hexamod:ShieldOfDarkness","hexamod:NightmareGuise+1"],"picked":"SKIP","floor":47},{"not_picked":["hexamod:SwordOfDarkness","hexamod:InspiringFlames+1","hexamod:NightmareGuise+1"],"picked":"SKIP","floor":49}],"player_experience":171248,"relics_obtained":[{"floor":2.0,"key":"Strawberry"},{"floor":10.0,"key":"Whetstone"},{"floor":24.0,"key":"WingedGreaves"},{"floor":37,"key":"Old Coin"},{"floor":38,"key":"Letter Opener"},{"floor":38,"key":"Incense Burner"},{"floor":41,"key":"Meat on the Bone"},{"floor":44,"key":"Dream Catcher"},{"floor":44,"key":"Ancient Tea Set"}],"event_choices":[{"cards_removed":["hexamod:Defend"],"damage_healed":0.0,"max_hp_gain":0.0,"max_hp_loss":0.0,"gold_gain":0.0,"event_name":"NoteForYourself","player_choice":"Took Card","floor":3.0,"gold_loss":0.0,"damage_taken":0.0,"cards_obtained":["Slay_Living"]},{"cards_removed":["hexamod:Strike"],"damage_healed":0,"gold_gain":0,"player_choice":"Purged","damage_taken":0,"max_hp_gain":0,"max_hp_loss":0,"event_name":"Purifier","floor":42,"gold_loss":0}],"is_beta":false,"boss_relics":[{"not_picked":["Astrolabe","Ectoplasm"],"picked":"Runic Pyramid"},{"not_picked":["Runic Dome","Sozu"],"picked":"Black Star"}],"items_purged_floors":[22,39],"is_endless":false,"potions_floor_spawned":[8,9,10,14,15,16,19,23,25,26,33,38,44,49],"ascension_level":0}}