{"host":"bxn2em57qlx5u4i0","time":1608096958,"event":{"mods":["BaseMod","Colored Map","Colored Powertips","Highlight Path","Minty Spire (QoL Compilation)","Random Character Button","Relic Sorter","Relic Stats","StSLib","SuperFastMode"],"gold_per_floor":[115,127,127,52,52,52,92,92,92,125,125,156,27,62,62,155,155,176,226,249,35,35,35,56,56,80,96,96,115,115,156,156,252,252,267,291,241,0,0,35,35,55,81,81,119,135,135,166,166,166,166,166,166,29,63,63],"floor_reached":57,"playtime":1491,"items_purged":["Strike_G","Strike_G","Strike_G+1","Strike_G+1"],"score":3114,"play_id":"697f110e-e1ca-4730-8a8f-a543b645296c","local_time":"20201216003558","is_ascension_mode":true,"campfire_choices":[{"data":"Catalyst","floor":6.0,"key":"SMITH"},{"data":"Neutralize","floor":8.0,"key":"SMITH"},{"data":"Corpse Explosion","floor":11.0,"key":"SMITH"},{"data":"Well Laid Plans","floor":15.0,"key":"SMITH"},{"data":"Crippling Poison","floor":23.0,"key":"SMITH"},{"data":"Calculated Gamble","floor":25.0,"key":"SMITH"},{"data":"Tactician","floor":28.0,"key":"SMITH"},{"data":"Burst","floor":32.0,"key":"SMITH"},{"data":"Footwork","floor":41.0,"key":"SMITH"},{"data":"Tools of the Trade","floor":44.0,"key":"SMITH"},{"floor":47.0,"key":"RECALL"},{"data":"Survivor","floor":49.0,"key":"SMITH"},{"data":"Blur","floor":53,"key":"SMITH"}],"circlet_count":0,"master_deck":["AscendersBane","Defend_G+1","Defend_G+1","Defend_G+1","Defend_G+1","Defend_G+1","Survivor+1","Neutralize+1","Catalyst+1","Crippling Poison+1","Escape Plan","Corpse Explosion+1","Well Laid Plans+1","Burst+1","Calculated Gamble+1","Crippling Poison+1","Tactician+1","Tools of the Trade+1","Footwork+1","Catalyst+1","PiercingWail+1","Blur+1","Backflip","Footwork","PiercingWail"],"relics":["Ring of the Serpent","NeowsBlessing","Golden Idol","PreservedInsect","StrikeDummy","Orichalcum","Smiling Mask","Snake Skull","TwistedFunnel","Blood Vial","Bottled Tornado","HoveringKite","Red Mask","Molten Egg 2","Art of War","Lantern","Calipers"],"acts_visited":["Exordium","TheCity","TheBeyond","TheEnding"],"potions_floor_usage":[50,56,56],"damage_taken":[{"damage":0.0,"enemies":"Small Slimes","floor":1.0,"turns":1.0},{"damage":0.0,"enemies":"Jaw Worm","floor":2.0,"turns":1.0},{"damage":0.0,"enemies":"Lagavulin","floor":7.0,"turns":1.0},{"damage":8.0,"enemies":"Gremlin Nob","floor":10.0,"turns":3.0},{"damage":7.0,"enemies":"3 Sentries","floor":12.0,"turns":3.0},{"damage":10.0,"enemies":"Lagavulin","floor":14.0,"turns":3.0},{"damage":0.0,"enemies":"The Guardian","floor":16.0,"turns":7.0},{"damage":12.0,"enemies":"Shell Parasite","floor":18.0,"turns":2.0},{"damage":11.0,"enemies":"2 Thieves","floor":20.0,"turns":3.0},{"damage":7.0,"enemies":"Cultist and Chosen","floor":24.0,"turns":3.0},{"damage":8.0,"enemies":"Centurion and Healer","floor":27.0,"turns":3.0},{"damage":5.0,"enemies":"Shelled Parasite and Fungi","floor":29.0,"turns":4.0},{"damage":0.0,"enemies":"Gremlin Leader","floor":31.0,"turns":3.0},{"damage":16.0,"enemies":"Automaton","floor":33.0,"turns":5.0},{"damage":0.0,"enemies":"3 Shapes","floor":35.0,"turns":2.0},{"damage":0.0,"enemies":"Orb Walker","floor":36.0,"turns":3.0},{"damage":0.0,"enemies":"Giant Head","floor":40.0,"turns":3.0},{"damage":4.0,"enemies":"3 Darklings","floor":42.0,"turns":3.0},{"damage":12.0,"enemies":"Nemesis","floor":45.0,"turns":3.0},{"damage":0.0,"enemies":"Transient","floor":46.0,"turns":6.0},{"damage":0.0,"enemies":"Giant Head","floor":48.0,"turns":5.0},{"damage":10,"enemies":"Donu and Deca","floor":50,"turns":2},{"damage":31,"enemies":"Time Eater","floor":51,"turns":5},{"damage":0,"enemies":"Shield and Spear","floor":55,"turns":3},{"damage":42,"enemies":"The Heart","floor":56,"turns":10}],"seed_played":"-1156214408548639842","potions_obtained":[{"floor":1.0,"key":"Weak Potion"},{"floor":7.0,"key":"Fire Potion"},{"floor":18.0,"key":"SkillPotion"},{"floor":24.0,"key":"Ancient Potion"},{"floor":31.0,"key":"Energy Potion"},{"floor":40.0,"key":"DuplicationPotion"},{"floor":46.0,"key":"Fruit Juice"},{"floor":48.0,"key":"EssenceOfSteel"},{"floor":55,"key":"Swift Potion"}],"is_trial":false,"path_per_floor":["M","M","?","?","?","R","E","R","T","E","R","E","$","E","R","B",null,"M","?","M","$","?","R","M","R","T","M","R","M","?","E","R","B",null,"M","M","$","?","?","E","R","M","T","R","E","M","R","E","R","B","B",null,"R","$","E","B",null],"character_chosen":"THE_SILENT","items_purchased":["Well Laid Plans","TwistedFunnel","Footwork"],"campfire_rested":0,"item_purchase_floors":[13,21,54],"current_hp_per_floor":[59,59,59,59,59,59,59,59,59,51,51,44,44,34,34,34,54,42,42,31,31,31,31,24,24,24,18,18,15,15,17,17,3,46,48,50,50,50,50,52,52,50,50,50,40,42,42,49,49,41,12,52,52,52,54,14],"gold":63,"neow_bonus":"THREE_ENEMY_KILL","is_daily":false,"chose_seed":false,"campfire_upgraded":12,"win_rate":0.0,"timestamp":1608096958,"path_taken":["M","M","?","?","?","R","E","R","T","E","R","E","$","E","R","BOSS","M","?","M","$","?","R","M","R","T","M","R","M","?","E","R","BOSS","M","M","$","?","?","E","R","M","T","R","E","?","R","E","R","BOSS","BOSS","R","$","E","BOSS"],"items_purchased_type":["Card","Relic","Card"],"build_version":"2020-12-13","purchased_purges":4,"victory":true,"max_hp_per_floor":[66,66,60,60,60,60,60,60,60,60,60,60,60,60,60,60,60,60,60,60,60,60,60,60,60,60,60,60,60,60,60,60,60,60,60,60,60,60,60,60,60,60,60,60,60,60,60,65,65,65,65,65,65,65,65,65],"relic_stats":{"Blood Vial":30,"counters":[25,87],"Golden Idol":193,"HoveringKite":[25],"PreservedInsect":520,"Snake Skull":[137],"Art of War":[15],"Orichalcum":[138],"Smiling Mask":250,"obtain_stats":[{"TwistedFunnel":21,"Lantern":48,"Calipers":55,"NeowsBlessing":0,"Golden Idol":3,"HoveringKite":34,"PreservedInsect":7,"Snake Skull":14,"Orichalcum":10,"Bottled Tornado":31,"Smiling Mask":12,"Blood Vial":26,"Molten Egg 2":40,"Red Mask":38,"Art of War":45,"StrikeDummy":9,"Ring of the Serpent":17,"Ring of the Snake":0},{"TwistedFunnel":9,"Lantern":21,"Calipers":24,"NeowsBlessing":0,"Golden Idol":2,"HoveringKite":14,"PreservedInsect":3,"Snake Skull":6,"Orichalcum":4,"Bottled Tornado":13,"Smiling Mask":5,"Blood Vial":10,"Molten Egg 2":17,"Red Mask":16,"Art of War":19,"StrikeDummy":3,"Ring of the Serpent":7,"Ring of the Snake":0},{"TwistedFunnel":24,"Lantern":67,"Calipers":77,"NeowsBlessing":0,"Golden Idol":2,"HoveringKite":42,"PreservedInsect":3,"Snake Skull":12,"Orichalcum":6,"Bottled Tornado":37,"Smiling Mask":9,"Blood Vial":27,"Molten Egg 2":50,"Red Mask":47,"Art of War":56,"StrikeDummy":3,"Ring of the Serpent":19,"Ring of the Snake":0}]},"card_choices":[{"not_picked":["Dagger Throw","PiercingWail"],"picked":"Catalyst","floor":1.0},{"not_picked":["Dodge and Roll","Slice"],"picked":"Crippling Poison","floor":2.0},{"not_picked":["Dagger Spray","Slice"],"picked":"Escape Plan","floor":7.0},{"not_picked":["Sucker Punch","Dodge and Roll"],"picked":"Corpse Explosion","floor":10.0},{"not_picked":["Expertise","Dagger Spray","Outmaneuver"],"picked":"SKIP","floor":12.0},{"not_picked":["Blade Dance","Cloak And Dagger","Deflect"],"picked":"SKIP","floor":14.0},{"not_picked":["Envenom","Tools of the Trade"],"picked":"Burst","floor":16.0},{"not_picked":["Tactician","Dagger Throw"],"picked":"Calculated Gamble","floor":18.0},{"not_picked":["Backflip","Blade Dance"],"picked":"Crippling Poison","floor":20.0},{"not_picked":["Blade Dance","Noxious Fumes"],"picked":"Tactician","floor":24.0},{"not_picked":["Slice","Dodge and Roll","Deadly Poison"],"picked":"SKIP","floor":27.0},{"not_picked":["Predator","Deadly Poison","All Out Attack"],"picked":"SKIP","floor":29.0},{"not_picked":["Crippling Poison","Endless Agony","Terror"],"picked":"SKIP","floor":31.0},{"not_picked":["Corpse Explosion","Burst"],"picked":"Tools of the Trade","floor":33.0},{"not_picked":["Prepared","Dagger Spray+1"],"picked":"Footwork","floor":35.0},{"not_picked":["Sucker Punch","Poisoned Stab","Dash"],"picked":"SKIP","floor":36.0},{"not_picked":["Deflect","Outmaneuver"],"picked":"PiercingWail+1","floor":40.0},{"not_picked":["Sucker Punch+1","Well Laid Plans"],"picked":"Blur","floor":42.0},{"not_picked":["Distraction","Blade Dance+1","Concentrate"],"picked":"SKIP","floor":45.0},{"not_picked":["Bane+1","Tools of the Trade","Acrobatics+1"],"picked":"SKIP","floor":46.0},{"not_picked":["Outmaneuver","Dagger Spray+1"],"picked":"Backflip","floor":48.0},{"not_picked":["Deadly Poison","Outmaneuver+1"],"picked":"PiercingWail","floor":55}],"player_experience":2795514,"relics_obtained":[{"floor":7.0,"key":"PreservedInsect"},{"floor":9.0,"key":"StrikeDummy"},{"floor":10.0,"key":"Orichalcum"},{"floor":12.0,"key":"Smiling Mask"},{"floor":14.0,"key":"Snake Skull"},{"floor":26.0,"key":"Blood Vial"},{"floor":31.0,"key":"Bottled Tornado"},{"floor":40.0,"key":"Molten Egg 2"},{"floor":45.0,"key":"Art of War"},{"floor":48.0,"key":"Lantern"},{"floor":55,"key":"Calipers"}],"event_choices":[{"damage_healed":0.0,"max_hp_gain":0.0,"max_hp_loss":6.0,"gold_gain":0.0,"event_name":"Golden Idol","player_choice":"Lose Max HP","floor":3.0,"gold_loss":0.0,"damage_taken":0.0,"relics_obtained":["Golden Idol"]},{"cards_removed":["Strike_G"],"damage_healed":0.0,"max_hp_gain":0.0,"max_hp_loss":0.0,"gold_gain":0.0,"event_name":"The Cleric","player_choice":"Card Removal","floor":4.0,"gold_loss":75.0,"damage_taken":0.0},{"damage_healed":0.0,"max_hp_gain":0.0,"max_hp_loss":0.0,"gold_gain":0.0,"event_name":"Living Wall","player_choice":"Grow","floor":5.0,"gold_loss":0.0,"damage_taken":0.0,"cards_upgraded":["Crippling Poison"]},{"damage_healed":0.0,"max_hp_gain":0.0,"max_hp_loss":0.0,"gold_gain":50.0,"event_name":"Nest","player_choice":"Stole From Cult","floor":19.0,"gold_loss":0.0,"damage_taken":0.0},{"damage_healed":0.0,"max_hp_gain":0.0,"max_hp_loss":0.0,"gold_gain":0.0,"event_name":"Back to Basics","player_choice":"Simplicity","floor":22.0,"gold_loss":0.0,"damage_taken":0.0,"cards_upgraded":["Strike_G","Strike_G","Defend_G","Defend_G","Defend_G","Defend_G","Defend_G"]},{"damage_healed":0.0,"max_hp_gain":0.0,"max_hp_loss":0.0,"gold_gain":0.0,"event_name":"Cursed Tome","player_choice":"Ignored","floor":30.0,"gold_loss":0.0,"damage_taken":0.0},{"damage_healed":0.0,"max_hp_gain":0.0,"max_hp_loss":0.0,"gold_gain":0.0,"event_name":"Tomb of Lord Red Mask","player_choice":"Paid","floor":38.0,"gold_loss":241.0,"damage_taken":0.0,"relics_obtained":["Red Mask"]},{"damage_healed":0.0,"max_hp_gain":0.0,"max_hp_loss":0.0,"gold_gain":0.0,"event_name":"Duplicator","player_choice":"Copied","floor":39.0,"gold_loss":0.0,"damage_taken":0.0,"cards_obtained":["Catalyst"]}],"is_beta":false,"boss_relics":[{"not_picked":["Empty Cage","Astrolabe"],"picked":"Ring of the Serpent"},{"not_picked":["Pandora\u0027s Box","Velvet Choker"],"picked":"HoveringKite"}],"items_purged_floors":[13,21,37,54],"is_endless":false,"potions_floor_spawned":[1,7,18,24,31,40,46,48,55],"ascension_level":20}}