{"host":"agga6lej02o7kt08","time":1608108128,"event":{"mods":["Aspiration","BaseMod","Better Third Choice","BetterRewards","Colored Map","Colored Powertips","Hubris","Minty Spire (QoL Compilation)","Replay The Spire","Spicy Shops","StSLib","¡¼?Úª?ø«¡½REMEMod"],"gold_per_floor":[112,131,149,149,149,174,174,188,188,188,38,70,83,116,215,319,319,539,539,948,965,376,376,611,611,611,621,621,833,865,865,865,896,896,896,896],"floor_reached":35,"playtime":1568,"items_purged":["Injury","Strike_R","Strike_R","Strike_R","Languid","Pain"],"score":608,"play_id":"c130f161-4872-403e-a42b-da8deb9f24f7","local_time":"20201216174208","is_ascension_mode":true,"campfire_choices":[{"data":"Rampage","floor":7.0,"key":"SMITH"},{"data":"Bash","floor":10.0,"key":"SMITH"},{"data":"Feed","floor":23,"key":"SMITH"},{"data":"1","floor":25,"key":"LIFT"},{"data":"2","floor":34,"key":"LIFT"}],"circlet_count":0,"master_deck":["Strike_R","Strike_R","Defend_R","Defend_R","Defend_R","Defend_R","Bash+1","aspiration:Lunge","Berserk+1","Rampage+1","Feed+1","Replay:Hysterical Blindness","Overencumbered"],"relics":["Burning Blood","REME_ComplimentaryCards","Magic Flower","ReplayTheSpireMod:CursedCoin","FossilizedHelix","Blue Doll","aspiration:HummingbirdHeart","hubris:64BitClover","aspiration:Lifesprig","InkBottle","Potion Belt","Darkstone Periapt","REME_DemonsWealth","Replay:Mystery Machine","Membership Card","hubris:Potato","aspiration:AnachronicSnailShell","Bronze Scales","Girya","MealTicket","Enchiridion","Tiny Chest","Nunchaku"],"acts_visited":["Exordium","TheCity"],"potions_floor_usage":[24,30,30,35,35],"damage_taken":[{"damage":0.0,"enemies":"Cultist","floor":1.0,"turns":3.0},{"damage":0.0,"enemies":"Small Slimes","floor":2.0,"turns":3.0},{"damage":0.0,"enemies":"2 Louse","floor":3.0,"turns":2.0},{"damage":18.0,"enemies":"Lagavulin","floor":6.0,"turns":7.0},{"damage":0.0,"enemies":"Red Slaver","floor":8.0,"turns":4.0},{"damage":0.0,"enemies":"Replay:BlueRogue","floor":12.0,"turns":4.0},{"damage":0.0,"enemies":"Large Slime","floor":13.0,"turns":4.0},{"damage":0.0,"enemies":"Gremlin Nob","floor":14.0,"turns":3.0},{"damage":40.0,"enemies":"The Guardian","floor":16.0,"turns":10.0},{"damage":0.0,"enemies":"2 Thieves","floor":18.0,"turns":3.0},{"damage":11.0,"enemies":"Shell Parasite","floor":21.0,"turns":8.0},{"damage":2,"enemies":"Gremlin Leader","floor":24,"turns":7},{"damage":17,"enemies":"Snake Plant","floor":27,"turns":3},{"damage":14,"enemies":"Shelled Parasite and Fungi","floor":29,"turns":7},{"damage":48,"enemies":"Slavers","floor":30,"turns":9},{"damage":0,"enemies":"Replay:Snechameleon","floor":33,"turns":9},{"damage":45,"enemies":"Champ","floor":35,"turns":8}],"seed_played":"6025677111888260837","potions_obtained":[{"floor":1.0,"key":"Explosive Potion"},{"floor":2.0,"key":"Elixir"},{"floor":8.0,"key":"Elixir"},{"floor":13.0,"key":"Ancient Potion"},{"floor":14.0,"key":"FearPotion"},{"floor":16.0,"key":"SteroidPotion"},{"floor":21.0,"key":"Regen Potion"},{"floor":24,"key":"SkillPotion"},{"floor":27,"key":"Strength Potion"},{"floor":33,"key":"AttackPotion"}],"is_trial":false,"path_per_floor":["M","M","M","?","?","E","R","M","T","R","$","E","M","E","R_BF","B",null,"M","?","?","M","$","R","E","R","T","M","?","M","E","PTL","PTL","E","R","B"],"character_chosen":"IRONCLAD","items_purchased":["ReplayTheSpireMod:CursedCoin","Blue Doll","aspiration:HummingbirdHeart","aspiration:Lifesprig","Fire Potion","Membership Card","hubris:Potato","aspiration:AnachronicSnailShell","Bronze Scales"],"campfire_rested":0,"item_purchase_floors":[0,0,0,0,0,22,22,22,22],"current_hp_per_floor":[41,50,59,59,59,50,50,59,59,59,59,68,77,80,80,49,80,89,89,60,58,58,58,77,77,77,69,53,60,27,27,27,42,42,0,0],"gold":896,"neow_bonus":"","is_daily":false,"chose_seed":false,"campfire_upgraded":3,"win_rate":0.0,"timestamp":1608108128,"path_taken":["M","M","?","?","?","E","R","M","T","R","$","E","M","E","R_BF","BOSS","M","?","?","M","$","R","E","R","T","M","?","M","E","PTL","PTL","E","R","BOSS"],"items_purchased_type":["Relic","Relic","Relic","Relic","Potion","Relic","Relic","Relic","Relic"],"build_version":"2020-12-13","purchased_purges":6,"victory":false,"max_hp_per_floor":[80,80,80,80,80,80,80,80,80,80,80,80,80,80,80,80,80,89,89,95,95,95,95,105,105,105,105,105,115,119,119,119,123,123,123,123],"card_choices":[{"not_picked":["Infernal Blade","Heavy Blade","Replay:Undeath\u0027s Touch"],"picked":"SKIP","floor":1.0},{"not_picked":["Body Slam","Replay:Undeath\u0027s Touch","Run Through"],"picked":"SKIP","floor":2.0},{"not_picked":["Cleave","Burning Pact"],"picked":"Berserk","floor":3.0},{"not_picked":["Corruption","Warcry"],"picked":"Rampage","floor":6.0},{"not_picked":["Perfected Strike","Heavy Blade","True Grit"],"picked":"SKIP","floor":8.0},{"not_picked":["Ghostly Armor","Dark Embrace","Combust"],"picked":"SKIP","floor":12.0},{"not_picked":["Seeing Red","Flex","Thunderclap"],"picked":"SKIP","floor":13.0},{"not_picked":["Impervious","Iron Wave","hubris:SharpeningStone"],"picked":"SKIP","floor":14.0},{"not_picked":["Impervious","Iron Wave","hubris:SharpeningStone"],"picked":"SKIP","floor":14.0},{"not_picked":["Fiend Fire","Replay:Many Hands"],"picked":"Feed","floor":16.0},{"not_picked":["Pommel Strike","Anger+1","Metallicize"],"picked":"Languid","floor":18.0},{"not_picked":["ReplayReversal","Heavy Blade","Clash"],"picked":"Pain","floor":20.0},{"not_picked":["hubris:ReadiedAction","Evolve+1","Dark Embrace","hubris:Compulsion"],"picked":"SKIP","floor":21.0},{"not_picked":["Life Link+1","Rage","Replay:Undeath\u0027s Touch"],"picked":"Replay:Hysterical Blindness","floor":24},{"not_picked":["REME_FearOfPain","Thunderclap","Warcry","Amnesia"],"picked":"SKIP","floor":27},{"not_picked":["REME_FearOfPain","Thunderclap","Warcry","Amnesia"],"picked":"SKIP","floor":27},{"not_picked":["Blood for Blood","Iron Wave","Thunderclap","Overencumbered"],"picked":"SKIP","floor":29},{"not_picked":["Blood for Blood","Iron Wave","Thunderclap","Overencumbered"],"picked":"SKIP","floor":29},{"not_picked":["Blood for Blood","Iron Wave","Thunderclap"],"picked":"Overencumbered","floor":29},{"not_picked":["Twin Strike","Body Slam","hubris:SharpeningStone","Decay"],"picked":"SKIP","floor":30},{"not_picked":["Armaments+1","Berserk","Demonic Infusion","hubris:Greed"],"picked":"SKIP","floor":33}],"player_experience":696860,"relics_obtained":[{"floor":6.0,"key":"InkBottle"},{"floor":12.0,"key":"Potion Belt"},{"floor":14.0,"key":"Darkstone Periapt"},{"floor":18.0,"key":"Replay:Mystery Machine"},{"floor":24,"key":"Girya"},{"floor":26,"key":"MealTicket"},{"floor":28,"key":"Enchiridion"},{"floor":30,"key":"Tiny Chest"},{"floor":33,"key":"Nunchaku"}],"event_choices":[{"damage_healed":0.0,"max_hp_gain":0.0,"max_hp_loss":0.0,"gold_gain":0.0,"event_name":"Living Wall","player_choice":"Grow","floor":4.0,"gold_loss":0.0,"damage_taken":0.0,"cards_upgraded":["Berserk"]},{"damage_healed":0.0,"max_hp_gain":0.0,"max_hp_loss":0.0,"gold_gain":0.0,"event_name":"Match and Keep!","player_choice":"0 cards matched","floor":5.0,"gold_loss":0.0,"damage_taken":0.0,"cards_obtained":[]},{"damage_healed":0,"gold_gain":0,"player_choice":"Obtained Book","damage_taken":16,"max_hp_gain":0,"max_hp_loss":0,"event_name":"Cursed Tome","floor":28,"gold_loss":0}],"is_beta":false,"boss_relics":[{"not_picked":["Fusion Hammer","Replay:Bronze Core"],"picked":"REME_DemonsWealth"}],"items_purged_floors":[0,0,0,11,22,22],"is_endless":false,"potions_floor_spawned":[1,2,8,13,14,16,21,24,27,33],"killed_by":"Champ","ascension_level":1}}