{"host":"eckg3lzugnpjvwsg","time":1608153952,"event":{"mods":["Act Like it!","Aspiration","Bard","BaseMod","Bestiary","Better Third Choice","Curses Come First","Filter the Spire","Gremlin Mod","Hermit","Infinite Spire","Mad Scientist","Mimic Mod","Minty Spire (QoL Compilation)","Replay The Spire","StSLib","The Bladedancer","The Disciple","The Gatherer","The Jungle","The Mystic","The Necromancer","The Poker Player","The Runesmith"],"gold_per_floor":[109,109,129,91,52,84,99,99,99],"floor_reached":8,"playtime":713,"items_purged":[],"score":56,"play_id":"09ea15c6-9302-4369-8bf8-eec89a9e6562","local_time":"20201216192552","is_ascension_mode":false,"campfire_choices":[],"circlet_count":0,"master_deck":["Strike_R","Strike_R","Strike_R","Strike_R","Strike_R","Defend_R","Defend_R","Defend_R","Defend_R","Bash","ReplayTheSpireMod:Strike From Hell","Armaments","infinitespire:OneForAll","Feel No Pain","ReplayTheSpireMod:Strike From Hell","True Grit"],"relics":["Burning Blood","betterThird:SlimedRelic","Pen Nib"],"acts_visited":["Exordium"],"potions_floor_usage":[8],"damage_taken":[{"damage":5.0,"enemies":"Cultist","floor":1.0,"turns":4.0},{"damage":0.0,"enemies":"2 Louse","floor":3.0,"turns":4.0},{"damage":51.0,"enemies":"Gremlin Nob","floor":6.0,"turns":6.0},{"damage":11.0,"enemies":"Jaw Worm","floor":7.0,"turns":5.0},{"damage":33,"enemies":"Lagavulin","floor":8,"turns":7}],"seed_played":"-8501642573714179604","potions_obtained":[{"floor":1.0,"key":"Dexterity Potion"}],"is_trial":false,"path_per_floor":["M","$","M","?","$","E","M","E"],"character_chosen":"IRONCLAD","items_purchased":["Feel No Pain"],"campfire_rested":0,"item_purchase_floors":[5],"current_hp_per_floor":[80,80,80,69,69,24,19,0,0],"gold":99,"neow_bonus":"THREE_CARDS","is_daily":false,"chose_seed":false,"campfire_upgraded":0,"win_rate":0.0,"timestamp":1608153952,"path_taken":["M","$","?","?","$","E","M","E"],"items_purchased_type":["Card"],"build_version":"2020-12-13","purchased_purges":0,"victory":false,"max_hp_per_floor":[80,80,80,80,80,80,80,80,80],"card_choices":[{"not_picked":["Perfected Strike","Flex"],"picked":"ReplayTheSpireMod:Strike From Hell","floor":0.0},{"not_picked":["Headbutt","Massacre"],"picked":"Armaments","floor":1.0},{"not_picked":["Pommel Strike","Dark Embrace"],"picked":"infinitespire:OneForAll","floor":3.0},{"not_picked":["Iron Wave","Anger"],"picked":"ReplayTheSpireMod:Strike From Hell","floor":6.0},{"not_picked":["Armaments","Brutality"],"picked":"True Grit","floor":7.0}],"player_experience":10108,"relics_obtained":[{"floor":6.0,"key":"Pen Nib"}],"event_choices":[{"damage_healed":0.0,"max_hp_gain":0.0,"max_hp_loss":0.0,"gold_gain":0.0,"event_name":"betterThird:BetterGoop","player_choice":"Slimed","floor":4.0,"gold_loss":38.0,"damage_taken":11.0}],"is_beta":false,"boss_relics":[],"items_purged_floors":[],"is_endless":false,"potions_floor_spawned":[1],"killed_by":"Lagavulin","ascension_level":0}}