{"host":"usrgk25etjl0nf5i","time":1608091409,"event":{"mods":["2.2 Compatiblity","BaseMod","Downfall","Hermit","Hubris","Minty Spire (QoL Compilation)","StSLib","SuperFastMode","The Disciple","The Hierophant"],"gold_per_floor":[111,111,131,206,222,222,222,235,288,321,332,344,377,377,377,474,474,492,492,505,107,107,107],"floor_reached":22,"playtime":1237,"items_purged":["Defend_B"],"score":309,"play_id":"96e87a5b-7f05-4147-8b46-9d76e8ec8d4f","local_time":"20201215200329","is_ascension_mode":true,"campfire_choices":[{"floor":6,"key":"REST"},{"floor":15,"key":"REST"}],"circlet_count":0,"master_deck":["Strike_B","Strike_B","Strike_B","Defend_B","Defend_B","Defend_B","Zap","Dualcast","Hologram","Sunder","Conserve Battery","Conserve Battery","Static Discharge","Undo","All For One","Genetic Algorithm","Buffer","Go for the Eyes+1","Genetic Algorithm","Storm"],"relics":["Cracked Core","Mango","hexamod:BolsterEngine","Vajra","sneckomod:BlankCard","Toy Ornithopter","hubris:Icosahedron","hubris:Backtick","Mummified Hand","Kunai"],"acts_visited":["Exordium","TheCity"],"potions_floor_usage":[10,13,16,16],"damage_taken":[{"damage":4,"enemies":"2 Louse","floor":1,"turns":2},{"damage":6,"enemies":"Jaw Worm","floor":3,"turns":3},{"damage":0,"enemies":"Small Slimes","floor":5,"turns":2},{"damage":0,"enemies":"3 Louse","floor":8,"turns":3},{"damage":20,"enemies":"Gremlin Nob","floor":10,"turns":4},{"damage":1,"enemies":"Large Slime","floor":11,"turns":5},{"damage":0,"enemies":"2 Fungi Beasts","floor":12,"turns":3},{"damage":10,"enemies":"Lagavulin","floor":13,"turns":7},{"damage":11,"enemies":"The Guardian","floor":16,"turns":11},{"damage":20,"enemies":"Shell Parasite","floor":18,"turns":5},{"damage":9,"enemies":"Chosen","floor":20,"turns":7},{"damage":42,"enemies":"3 Cultists","floor":22,"turns":5}],"seed_played":"6240033707432741384","potions_obtained":[{"floor":1,"key":"SkillPotion"},{"floor":3,"key":"Block Potion"},{"floor":12,"key":"champ:CounterPotion"},{"floor":13,"key":"FocusPotion"}],"is_trial":false,"path_per_floor":["M","?","M","?","M","R","?","M","T","E","M","M","E","?","R","B",null,"M","?","M","$","M"],"character_chosen":"DEFECT","items_purchased":["Kunai","Storm"],"campfire_rested":2,"item_purchase_floors":[21,21],"current_hp_per_floor":[60,53,47,36,36,62,44,44,44,24,23,23,13,13,39,38,76,56,39,30,30,0,0],"gold":107,"neow_bonus":"ONE_RARE_RELIC","is_daily":false,"chose_seed":false,"campfire_upgraded":0,"win_rate":0.0,"timestamp":1608091409,"path_taken":["M","?","M","?","M","R","?","M","T","E","M","M","E","?","R","BOSS","M","?","M","$","M"],"items_purchased_type":["Relic","Card"],"build_version":"2020-12-13","purchased_purges":1,"victory":false,"max_hp_per_floor":[89,89,89,89,89,89,89,89,89,89,89,89,89,89,89,89,89,89,94,94,94,94,94],"card_choices":[{"not_picked":["Heatsinks","Rip and Tear"],"picked":"Hologram","floor":1},{"not_picked":["Gash","Barrage"],"picked":"Sunder","floor":3},{"not_picked":["Rebound","Gash"],"picked":"Conserve Battery","floor":5},{"not_picked":["Force Field","Gash"],"picked":"Conserve Battery","floor":8},{"not_picked":["Sweeping Beam","Barrage"],"picked":"Static Discharge","floor":10},{"not_picked":["Barrage","Rip and Tear"],"picked":"Undo","floor":11},{"not_picked":["Reinforced Body","Barrage"],"picked":"All For One","floor":12},{"not_picked":["Sweeping Beam","Sunder"],"picked":"Genetic Algorithm","floor":13},{"not_picked":["Meteor Strike","Biased Cognition"],"picked":"Buffer","floor":16},{"not_picked":["Hologram+1","Leap"],"picked":"Go for the Eyes+1","floor":18},{"not_picked":["Reinforced Body","Turbo+1"],"picked":"Genetic Algorithm","floor":20}],"player_experience":648046,"relics_obtained":[{"floor":9,"key":"Vajra"},{"floor":10,"key":"sneckomod:BlankCard"},{"floor":13,"key":"Toy Ornithopter"}],"event_choices":[{"cards_removed":["Strike_B"],"damage_healed":0,"gold_gain":0,"player_choice":"Card Removal","damage_taken":7,"max_hp_gain":0,"max_hp_loss":0,"event_name":"Golden Wing","floor":2,"gold_loss":0},{"damage_healed":0,"gold_gain":75,"player_choice":"Gather Gold","damage_taken":11,"max_hp_gain":0,"max_hp_loss":0,"event_name":"World of Goop","floor":4,"gold_loss":0},{"damage_healed":0,"gold_gain":0,"player_choice":"Success","damage_taken":18,"relics_obtained":["hexamod:BolsterEngine"],"max_hp_gain":0,"max_hp_loss":0,"event_name":"Scrap Ooze","floor":7,"gold_loss":0},{"damage_healed":0,"gold_gain":0,"player_choice":"Shed Blood","damage_taken":22,"max_hp_gain":5,"max_hp_loss":0,"event_name":"Forgotten Altar","floor":19,"gold_loss":0}],"is_beta":false,"boss_relics":[{"not_picked":["SacredBark","Astrolabe"],"picked":"hubris:Backtick"}],"items_purged_floors":[21],"is_endless":false,"potions_floor_spawned":[1,3,12,13],"killed_by":"3 Cultists","ascension_level":9}}