{"host":"sav7uxregyirlf69","time":1608137608,"event":{"mods":["AchievementEnabler","BaseMod","Colored Map","DeckTracker","Keyboard Shortcuts","Minty Spire (QoL Compilation)","READ ME - Guardian Mod","StSLib","SuperFastMode"],"gold_per_floor":[123,123,150,164,164,164,183,108,108,140,140,173,173,173],"floor_reached":13,"playtime":186,"items_purged":[],"score":170,"play_id":"56d8f170-d945-4e11-b2c4-97454b7ef010","local_time":"20201217015328","is_ascension_mode":true,"campfire_choices":[{"data":"1","floor":6,"key":"LIFT"},{"floor":11,"key":"REST"}],"circlet_count":0,"master_deck":["AscendersBane","Strike_G","Strike_G","Strike_G","Strike_G","Defend_G","Defend_G","Defend_G","Defend_G","Defend_G","Survivor","Neutralize","Dagger Spray","PiercingWail","Cloak And Dagger","Dagger Spray","Crippling Poison"],"relics":["Ring of the Snake","CeramicFish","Girya","Prayer Wheel","Bottled Flame"],"acts_visited":[],"potions_floor_usage":[10,13],"damage_taken":[{"damage":11,"enemies":"Cultist","floor":1,"turns":6},{"damage":2,"enemies":"2 Louse","floor":3,"turns":3},{"damage":1,"enemies":"Small Slimes","floor":4,"turns":4},{"damage":0,"enemies":"3 Louse","floor":7,"turns":3},{"damage":38,"enemies":"Lagavulin","floor":10,"turns":8},{"damage":3,"enemies":"Looter","floor":12,"turns":3},{"damage":22,"enemies":"Gremlin Nob","floor":13,"turns":3}],"seed_played":"5120212853594010607","potions_obtained":[{"floor":1,"key":"Poison Potion"},{"floor":10,"key":"Explosive Potion"},{"floor":12,"key":"PowerPotion"}],"is_trial":false,"path_per_floor":["M","?","M","M","?","R","M","?","T","E","R","M","E"],"character_chosen":"THE_SILENT","items_purchased":[],"campfire_rested":1,"item_purchase_floors":[],"current_hp_per_floor":[48,48,46,45,40,40,40,40,40,2,21,18,0,0],"gold":173,"neow_bonus":"RANDOM_COMMON_RELIC","is_daily":false,"chose_seed":false,"campfire_upgraded":0,"win_rate":0.0,"timestamp":1608137608,"path_taken":["M","?","M","M","?","R","M","?","T","E","R","M","E"],"items_purchased_type":[],"build_version":"2020-12-13","purchased_purges":0,"victory":false,"max_hp_per_floor":[66,66,66,66,66,66,66,66,66,66,66,66,66,66],"card_choices":[{"not_picked":["Infinite Blades","Prepared"],"picked":"Dagger Spray","floor":1},{"not_picked":["Finisher","Outmaneuver"],"picked":"PiercingWail","floor":3},{"not_picked":["Flying Knee","Caltrops","Deflect"],"picked":"SKIP","floor":4},{"not_picked":["Underhanded Strike","Poisoned Stab"],"picked":"Cloak And Dagger","floor":7},{"not_picked":["PiercingWail","Night Terror","Deflect"],"picked":"SKIP","floor":10},{"not_picked":["Choke","Setup"],"picked":"Dagger Spray","floor":12},{"not_picked":["Sucker Punch","Flying Knee"],"picked":"Crippling Poison","floor":12}],"player_experience":925727,"relics_obtained":[{"floor":9,"key":"Prayer Wheel"},{"floor":10,"key":"Bottled Flame"}],"event_choices":[{"damage_healed":0,"gold_gain":0,"player_choice":"Ignored","damage_taken":0,"max_hp_gain":0,"max_hp_loss":0,"event_name":"Liars Game","floor":2,"gold_loss":0},{"damage_healed":0,"gold_gain":0,"player_choice":"Success","damage_taken":5,"relics_obtained":["Girya"],"max_hp_gain":0,"max_hp_loss":0,"event_name":"Scrap Ooze","floor":5,"gold_loss":0},{"cards_removed":["Strike_G"],"damage_healed":0,"gold_gain":0,"player_choice":"Card Removal","damage_taken":0,"max_hp_gain":0,"max_hp_loss":0,"event_name":"The Cleric","floor":8,"gold_loss":75}],"is_beta":false,"boss_relics":[],"items_purged_floors":[],"is_endless":false,"potions_floor_spawned":[1,10,12],"killed_by":"Gremlin Nob","ascension_level":20}}