{"host":"121m0oxswv9tg9hk","time":1608149649,"event":{"mods":["AchievementEnabler","BaseMod","Better Third Choice","Downfall","Hermit","Hubris","Infinite Spire","MarisaÅiñ∂âJÅ@ñÇóùçπÅj","Minty Spire (QoL Compilation)","Replay The Spire","Shade Mod","StSLib","The Construct","The Cursed","The Gatherer","The Hierophant","The Mystic"],"gold_per_floor":[117,117,132,145,145,192,41,98,98,98,153,153,166,194,194,310,310,325,360,360,360,224,249,259,259,259,259,196,295,306,318,318,461,461,527,576,576,628,686,686,757,757,757,817,817,840,840,840,840,840],"floor_reached":51,"playtime":5766,"items_purged":["Gatherer:Defend_Gatherer","Hallucinations","Gatherer:Strike_Gatherer","Gatherer:Strike_Gatherer"],"score":1021,"play_id":"58fccdcd-6615-4fcb-8c94-924dd36e7332","local_time":"20201216211409","is_ascension_mode":true,"metric_token":1105,"campfire_choices":[{"floor":10,"key":"REST"},{"floor":12,"key":"REST"},{"data":"Gatherer:Duplicator","floor":15,"key":"SMITH"},{"data":"1","floor":25,"key":"LIFT"},{"data":"Gatherer:FlowerShield","floor":27,"key":"SMITH"},{"floor":32,"key":"REST"},{"floor":40,"key":"REST"},{"data":"2","floor":42,"key":"LIFT"},{"floor":45,"key":"REST"},{"floor":49,"key":"DIG"}],"circlet_count":0,"master_deck":["Gatherer:Strike_Gatherer","Gatherer:Strike_Gatherer","Gatherer:Defend_Gatherer","Gatherer:Defend_Gatherer","Gatherer:Defend_Gatherer","Gatherer:Defend_Gatherer","Gatherer:Centralize","Gatherer:FlowerWhip+3","Gatherer:WoolGloves","Gatherer:FlowerShield+3","Gatherer:Duplicator+1","infinitespire:TheBestDefense","Gatherer:Uplift","Gatherer:UpgradeBag","Gatherer:WoolGloves","Gatherer:SmartManeuver","Gatherer:Pollute","Gatherer:ScherryThrow","Gatherer:MindSearch","Gatherer:CollectorsShot+1","Gatherer:QuickSynthesis+1","ReplayTheSpireMod:Book of Names","Gatherer:TacticalStrike","Gatherer:BalancedGrowth","Gatherer:Snatch","Gatherer:FruitForce","Gatherer:FeelingFine","Gatherer:ScrollOfPurity","Gatherer:FlowerPower+3","Gatherer:Nutrients","Gatherer:Pollute","Gatherer:Nutrients+1","Gatherer:SmartManeuver+1"],"relics":["Gatherer:AlchemyBag","ReplayTheSpireMod:Ring of Exchange","ReplayTheSpireMod:Ring of Challenge","Ornamental Fan","infinitespire:Lucky Rock","ReplayTheSpireMod:TigerMarble","Girya","Membership Card","Iron Hammer","Blue Doll","Sundial","infinitespire:EvilPickle","ChewingGum","Juzu Bracelet","Replay:Kaleidoscope","Toxic Egg 2","Replay:Rubber Ducky","hubris:SphereOfDissonance"],"acts_visited":["Exordium","TheCity","TheBeyond"],"potions_floor_usage":[6,16,23,23,33,33,50],"damage_taken":[{"damage":0,"enemies":"2 Louse","floor":1,"turns":2},{"damage":0,"enemies":"Small Slimes","floor":3,"turns":4},{"damage":0,"enemies":"Jaw Worm","floor":4,"turns":4},{"damage":28,"enemies":"3 Sentries","floor":6,"turns":13},{"damage":22,"enemies":"Gremlin Nob","floor":8,"turns":7},{"damage":0,"enemies":"3 Louse","floor":11,"turns":1},{"damage":0,"enemies":"Exordium Thugs","floor":13,"turns":9},{"damage":0,"enemies":"Lagavulin","floor":14,"turns":7},{"damage":39,"enemies":"Slime Boss","floor":16,"turns":18},{"damage":3,"enemies":"Shell Parasite","floor":18,"turns":9},{"damage":29,"enemies":"Spheric Guardian","floor":19,"turns":10},{"damage":0,"enemies":"Book of Stabbing","floor":23,"turns":4},{"damage":11,"enemies":"Shelled Parasite and Fungi","floor":24,"turns":7},{"damage":9,"enemies":"Snecko","floor":30,"turns":6},{"damage":6,"enemies":"Cultist and Chosen","floor":31,"turns":5},{"damage":12,"enemies":"Pondfish","floor":33,"turns":10},{"damage":2,"enemies":"Orb Walker","floor":35,"turns":4},{"damage":6,"enemies":"3 Darklings","floor":36,"turns":3},{"damage":18,"enemies":"Sphere and 2 Shapes","floor":38,"turns":6},{"damage":0,"enemies":"Maw","floor":39,"turns":6},{"damage":13,"enemies":"Nemesis","floor":41,"turns":5},{"damage":0,"enemies":"3 Darklings","floor":44,"turns":4},{"damage":2,"enemies":"hubris:GrandSnecko","floor":50,"turns":8}],"seed_played":"5287381136828969791","potions_obtained":[{"floor":1,"key":"BottledMiracle"},{"floor":6,"key":"Strength Potion"},{"floor":13,"key":"FearPotion"},{"floor":16,"key":"SteroidPotion"},{"floor":19,"key":"Flashbang"},{"floor":23,"key":"SneckoOil"},{"floor":24,"key":"GhostInAJar"},{"floor":36,"key":"BlessingOfTheForge"},{"floor":44,"key":"SmokeBomb"},{"floor":48,"key":"Adrenaline Potion"}],"is_trial":false,"path_per_floor":["M","?","M","M","?","E","$","?","T","R","M","R","M","E","R","B",null,"M","M","AVR","?","$","E","M","R","T","R","$","?","M","M","R","B",null,"M","M","?","M","M","R","E","R","T","M","R","T","?","?","R","B",null],"character_chosen":"THE_GATHERER","items_purchased":["Gatherer:UpgradeBag","BloodPotion","Gatherer:TacticalStrike","Gatherer:BalancedGrowth"],"campfire_rested":5,"item_purchase_floors":[7,22,22,22],"current_hp_per_floor":[72,72,72,72,54,26,26,4,4,25,25,46,46,46,46,7,72,69,40,40,40,40,54,47,47,47,47,47,47,38,32,54,42,76,74,68,68,50,50,72,59,59,59,59,76,76,76,76,76,74],"gold":840,"neow_bonus":"UPGRADE_CARD","is_daily":false,"chose_seed":false,"campfire_upgraded":2,"win_rate":0.0,"timestamp":1608149649,"path_taken":["M","?","M","M","?","E","$","?","T","R","M","R","M","E","R","BOSS","M","M","AVR","?","$","E","M","R","T","R","?","?","M","M","R","BOSS","M","M","?","M","M","R","E","R","T","M","R","?","?","?","R","BOSS"],"items_purchased_type":["Card","Potion","Card","Card"],"build_version":"2020-12-13","purchased_purges":4,"victory":true,"max_hp_per_floor":[72,72,72,72,72,72,72,72,72,72,72,72,72,72,72,72,72,72,72,72,72,72,72,76,76,76,76,76,76,76,76,76,76,76,76,76,76,76,76,76,76,76,76,76,76,76,76,76,76,76],"card_choices":[{"not_picked":["Gatherer:Frenzy","Gatherer:OddSpoils"],"picked":"Gatherer:WoolGloves","floor":1},{"not_picked":["Gatherer:CollectorsShot","Gatherer:Convert"],"picked":"Gatherer:FlowerShield","floor":3},{"not_picked":["Gatherer:TreeGrowth","Gatherer:Convert"],"picked":"Gatherer:Duplicator","floor":4},{"not_picked":["ReplayTheSpireMod:Chaos Vortex","ReplayTheSpireMod:Echoes of Time"],"picked":"infinitespire:TheBestDefense","floor":5},{"not_picked":["Gatherer:RecoveryHerb","Gatherer:OddSpoils"],"picked":"Gatherer:Uplift","floor":6},{"not_picked":["Gatherer:EnergyBasket","Gatherer:SaveValuables"],"picked":"Gatherer:WoolGloves","floor":8},{"not_picked":["Gatherer:Convert","Gatherer:SealedBomb"],"picked":"Gatherer:SmartManeuver","floor":11},{"not_picked":["Gatherer:FlowerShield","Gatherer:BalancedGrowth"],"picked":"Gatherer:Pollute","floor":13},{"not_picked":["Gatherer:LuckyClover","Gatherer:Misfortune"],"picked":"Gatherer:ScherryThrow","floor":14},{"not_picked":["Gatherer:Examine","Gatherer:HeartToFruit"],"picked":"Gatherer:MindSearch","floor":16},{"not_picked":["Gatherer:Misfortune","Gatherer:Liquidism"],"picked":"Gatherer:CollectorsShot+1","floor":18},{"not_picked":["Gatherer:CollectorsShot","Gatherer:Enchant"],"picked":"Gatherer:QuickSynthesis+1","floor":19},{"not_picked":["Gatherer:FlowerBeam","Gatherer:Convert"],"picked":"Gatherer:Snatch","floor":23},{"not_picked":["Gatherer:Convert+1","Gatherer:AromaProtection"],"picked":"Gatherer:FruitForce","floor":24},{"not_picked":["Gatherer:FragileHammer","Gatherer:Frenzy+1"],"picked":"Gatherer:FeelingFine","floor":30},{"not_picked":["Gatherer:Convert+1","Gatherer:TacticalStrike","Gatherer:FlowerFalling+1"],"picked":"SKIP","floor":31},{"not_picked":["Gatherer:ColorfulGarden","Gatherer:Bulldoze"],"picked":"Gatherer:ScrollOfPurity","floor":33},{"not_picked":["Gatherer:SmartManeuver","Gatherer:AcidicSpray+1"],"picked":"Gatherer:FlowerPower+1","floor":35},{"not_picked":["Gatherer:Frenzy+1","Gatherer:DrugPower"],"picked":"Gatherer:Nutrients","floor":36},{"not_picked":["Gatherer:FlowerShield","Gatherer:FlowerFalling"],"picked":"Gatherer:Pollute","floor":38},{"not_picked":["Gatherer:CollectorsShot+1","Gatherer:LuckyClover"],"picked":"Gatherer:Nutrients+1","floor":39},{"not_picked":["Gatherer:TreeGrowth+1","Gatherer:Uplift+1"],"picked":"Gatherer:SmartManeuver+1","floor":41},{"not_picked":["Gatherer:ScherryThrow+1","Gatherer:TacticalStrike+1"],"picked":"Gatherer:EnergyBasket+1","floor":44}],"player_experience":2855308,"relics_obtained":[{"floor":2,"key":"ReplayTheSpireMod:Ring of Exchange"},{"floor":2,"key":"ReplayTheSpireMod:Ring of Challenge"},{"floor":6,"key":"Ornamental Fan"},{"floor":8,"key":"infinitespire:Lucky Rock"},{"floor":9,"key":"ReplayTheSpireMod:TigerMarble"},{"floor":14,"key":"Girya"},{"floor":23,"key":"Blue Doll"},{"floor":26,"key":"Sundial"},{"floor":35,"key":"Juzu Bracelet"},{"floor":41,"key":"Replay:Kaleidoscope"},{"floor":43,"key":"Toxic Egg 2"},{"floor":46,"key":"Replay:Rubber Ducky"},{"floor":49,"key":"hubris:SphereOfDissonance"}],"event_choices":[{"damage_healed":0,"gold_gain":0,"player_choice":"Searched \u00271\u0027 times","damage_taken":0,"max_hp_gain":0,"max_hp_loss":0,"event_name":"Dead Adventurer","floor":8,"gold_loss":0},{"cards_removed":["Gatherer:Strike_Gatherer"],"damage_healed":0,"gold_gain":0,"player_choice":"Purged","damage_taken":0,"max_hp_gain":0,"max_hp_loss":0,"event_name":"Purifier","floor":21,"gold_loss":0},{"damage_healed":0,"gold_gain":99,"player_choice":"Steal","damage_taken":0,"max_hp_gain":0,"max_hp_loss":0,"event_name":"betterThird:BetterNest","floor":29,"gold_loss":0},{"cards_removed":["Gatherer:EnergyBasket"],"damage_healed":0,"gold_gain":0,"player_choice":"Removed Skill","damage_taken":0,"max_hp_gain":0,"max_hp_loss":0,"event_name":"Falling","floor":47,"gold_loss":0},{"damage_healed":0,"gold_gain":0,"player_choice":"Got Potions","damage_taken":0,"max_hp_gain":0,"max_hp_loss":0,"event_name":"Lab","floor":48,"gold_loss":0}],"is_beta":false,"boss_relics":[{"not_picked":["PrismaticShard","hubris:GrandSneckoEye"],"picked":"Membership Card"},{"not_picked":["Runic Dome","Astrolabe"],"picked":"ChewingGum"}],"items_purged_floors":[7,20,22,28],"is_endless":false,"potions_floor_spawned":[1,6,13,16,19,23,24,36,44],"ascension_level":2}}