{"host":"55yei7x27djrlaep","time":1608117961,"event":{"mods":["Act Like it!","BaseMod","BetterRewards","Colored Map","Conspire","Ekko","Friendly Minions","GifTheSpireLib","Marisa????????","Minty Spire (QoL Compilation)","Replay The Spire","StSLib","The Mystic"],"gold_per_floor":[114,389,400,416,5,35,52,86,110,125,141,176,176,176,176,281,281,296,296,309,54,67,95,95,125,151,151,151,161,196,207,207,302,302,316,334,334,346,346,346,374,374,399,47,72,90,125,141,141,141,141,141,42,73,73],"floor_reached":56,"playtime":3502,"items_purged":["Regret"],"score":1750,"play_id":"f9d0d2c0-3900-46e2-8dbe-1c9f8610fcde","local_time":"20201216142601","is_ascension_mode":true,"campfire_choices":[{"floor":13,"key":"REST"},{"data":"Bouncing Flask","floor":15,"key":"SMITH"},{"data":"After Image","floor":24,"key":"SMITH"},{"data":"Draining Mist","floor":32,"key":"SMITH"},{"data":"Bouncing Flask","floor":40,"key":"SMITH"},{"floor":42,"key":"RECALL"},{"data":"Catalyst","floor":49,"key":"SMITH"}],"circlet_count":0,"master_deck":["Defend_G","Defend_G","Defend_G","Defend_G","Survivor","Neutralize","Toxin Wave","Hidden Blade","Footwork","Finisher","Finisher","Well Laid Plans","Adrenaline","Adrenaline","Blade Dance","Dagger Spray","Bouncing Flask+1","After Image+1","Dagger Spray","Distraction","Footwork+1","Flying Knee","Draining Mist+1","Bite","Bite","Bite","Bite","Bite","Bouncing Flask+1","Footwork+1","Hidden Blade+1","Sadistic Nature+1","Noxious Fumes+1","Fluid Movement+1","Catalyst+1","PiercingWail+1","Well Laid Plans+1","Parasite","Caltrops+1"],"relics":["Ring of the Snake","NeowsBlessing","Bird Faced Urn","Mirror","Regal Pillow","Vajra","Snake Skull","Ring of Peace","ReplayTheSpireMod:Ring of Addiction","White Beast Statue","Chameleon Ring","Replay:Bronze Core","Frozen Egg 2","CaptainsWheel","ReplayTheSpireMod:Ninjato","Divine Protection","ChewingGum","The Courier","Boot","Mercury Hourglass","ReplayTheSpireMod:Lightbulb","Potion Belt","Counterbalance"],"acts_visited":["Exordium","TheCity","TheBeyond","TheEnding"],"potions_floor_usage":[8,16,16,20,22,23,23,25,30,31,33,36,38,41,45,46,47,50,50,50,50,54,55,55,55],"damage_taken":[{"damage":0,"enemies":"Small Slimes","floor":1,"turns":1},{"damage":0,"enemies":"Cultist","floor":3,"turns":1},{"damage":0,"enemies":"2 Louse","floor":4,"turns":1},{"damage":25,"enemies":"Lagavulin","floor":6,"turns":10},{"damage":6,"enemies":"Blue Slaver","floor":7,"turns":5},{"damage":14,"enemies":"Replay:BlueRogue","floor":8,"turns":4},{"damage":5,"enemies":"Large Slime","floor":10,"turns":4},{"damage":4,"enemies":"Exordium Wildlife","floor":11,"turns":3},{"damage":10,"enemies":"3 Sentries","floor":12,"turns":5},{"damage":0,"enemies":"The Guardian","floor":16,"turns":6},{"damage":6,"enemies":"Chosen","floor":18,"turns":5},{"damage":0,"enemies":"3 Byrds","floor":20,"turns":3},{"damage":17,"enemies":"Cultist and Chosen","floor":22,"turns":7},{"damage":11,"enemies":"Gremlin Leader","floor":23,"turns":6},{"damage":4,"enemies":"Slavers","floor":25,"turns":7},{"damage":21,"enemies":"Snake Plant","floor":29,"turns":4},{"damage":0,"enemies":"Book of Stabbing","floor":30,"turns":5},{"damage":0,"enemies":"Centurion and Healer","floor":31,"turns":5},{"damage":6,"enemies":"Automaton","floor":33,"turns":8},{"damage":0,"enemies":"Orb Walker","floor":35,"turns":3},{"damage":13,"enemies":"3 Darklings","floor":36,"turns":3},{"damage":1,"enemies":"Spire Growth","floor":38,"turns":5},{"damage":0,"enemies":"R_Hoarder","floor":41,"turns":5},{"damage":0,"enemies":"Reptomancer","floor":45,"turns":5},{"damage":0,"enemies":"Sphere and 2 Shapes","floor":46,"turns":3},{"damage":0,"enemies":"R_Hoarder","floor":47,"turns":7},{"damage":0,"enemies":"Writhing Mass","floor":48,"turns":6},{"damage":7,"enemies":"Time Eater","floor":50,"turns":7},{"damage":33,"enemies":"Shield and Spear","floor":54,"turns":5},{"damage":50,"enemies":"The Heart","floor":55,"turns":10}],"seed_played":"941273480201963082","potions_obtained":[{"floor":1,"key":"Fire Potion"},{"floor":4,"key":"SteroidPotion"},{"floor":8,"key":"Reflective Coating"},{"floor":12,"key":"EssenceOfSteel"},{"floor":14,"key":"CunningPotion"},{"floor":14,"key":"Strength Potion"},{"floor":16,"key":"Dexterity Potion"},{"floor":18,"key":"SteroidPotion"},{"floor":20,"key":"BlessingOfTheForge"},{"floor":22,"key":"Doom Potion"},{"floor":23,"key":"SkillPotion"},{"floor":25,"key":"EssenceOfSteel"},{"floor":29,"key":"Toxic Potion"},{"floor":30,"key":"DistilledChaos"},{"floor":31,"key":"SpeedPotion"},{"floor":33,"key":"SteroidPotion"},{"floor":35,"key":"Dexterity Potion"},{"floor":36,"key":"SteroidPotion"},{"floor":38,"key":"Ancient Potion"},{"floor":41,"key":"Reflective Coating"},{"floor":45,"key":"Energy Potion"},{"floor":46,"key":"FearPotion"},{"floor":47,"key":"SteroidPotion"},{"floor":48,"key":"Toxic Potion"},{"floor":52,"key":"Explosive Potion"},{"floor":52,"key":"Reflective Coating"},{"floor":54,"key":"conspire:TimeTravelPotion"}],"is_trial":false,"path_per_floor":["M","?","M","M","$","E","M","E","T","M","M","E","R","?","R","B",null,"M","?","M","$","M","E","R","E","T","?","?","M","E","M","R","B",null,"M","M","?","M","?","R","E","R","T","$","E","M","E","M","R","B",null,"R","$","E","B",null],"character_chosen":"THE_SILENT","items_purchased":["Bird Faced Urn","Finisher","Frozen Egg 2","Noxious Fumes+1","Fluid Movement+1","Catalyst","Mercury Hourglass","Caltrops+1","Adrenaline Potion"],"campfire_rested":1,"item_purchase_floors":[5,5,21,44,44,44,44,53,53],"current_hp_per_floor":[70,70,70,70,70,45,43,33,33,28,28,22,58,58,58,62,70,66,66,68,68,53,50,50,54,54,47,40,35,47,50,50,46,50,50,39,39,49,49,49,50,50,50,50,48,48,48,48,48,48,48,48,48,19,13],"gold":73,"neow_bonus":"THREE_ENEMY_KILL","is_daily":false,"chose_seed":false,"campfire_upgraded":5,"win_rate":0.0,"timestamp":1608117961,"path_taken":["M","?","?","M","$","E","M","E","T","M","M","E","R","?","R","BOSS","M","?","M","$","M","E","R","E","T","?","?","M","E","M","R","BOSS","M","M","?","M","?","R","E","R","T","$","E","?","E","M","R","BOSS","R","$","E","BOSS"],"items_purchased_type":["Relic","Card","Relic","Card","Card","Card","Relic","Card","Potion"],"build_version":"2020-12-13","purchased_purges":1,"victory":true,"max_hp_per_floor":[70,70,70,70,70,70,70,70,70,70,70,70,70,70,70,70,70,70,70,68,68,68,68,68,68,68,47,52,50,50,50,50,50,50,50,50,50,50,50,50,50,50,50,50,48,48,48,48,48,48,48,48,48,46,46],"card_choices":[{"not_picked":["Endless Agony","Expertise"],"picked":"Toxin Wave","floor":1},{"not_picked":["Blade Dance","Expertise"],"picked":"Hidden Blade","floor":3},{"not_picked":["Flying Knee","Hidden Blade"],"picked":"Footwork","floor":4},{"not_picked":["PiercingWail","Backflip"],"picked":"Well Laid Plans","floor":6},{"not_picked":["Dagger Throw","Dagger Spray"],"picked":"Adrenaline","floor":7},{"not_picked":["Deadly Poison","Predator"],"picked":"Adrenaline","floor":8},{"not_picked":["ReplayTheSpireMod:Scrap Shanks","Sucker Punch"],"picked":"Blade Dance","floor":10},{"not_picked":["Deadly Poison","Reflex"],"picked":"Dagger Spray","floor":11},{"not_picked":["Blur","Prepared"],"picked":"Bouncing Flask","floor":12},{"not_picked":["Doppelganger","Unload"],"picked":"After Image","floor":16},{"not_picked":["PiercingWail","Deadly Poison"],"picked":"Dagger Spray","floor":18},{"not_picked":["Blade Dance","Acrobatics"],"picked":"Distraction","floor":20},{"not_picked":["Tactician","Dagger Throw"],"picked":"Footwork+1","floor":22},{"not_picked":["Quick Slash","Poisoned Stab"],"picked":"Flying Knee","floor":23},{"not_picked":["Tactician","ReplayTheSpireMod:Necrosis"],"picked":"Draining Mist","floor":25},{"not_picked":["Underhanded Strike","ReplayTheSpireMod:Exploit Weakness"],"picked":"Bouncing Flask","floor":29},{"not_picked":["Tactician+1","Deadly Poison","Outmaneuver"],"picked":"SKIP","floor":30},{"not_picked":["Concentrate","Flying Knee"],"picked":"Footwork+1","floor":31},{"not_picked":["Quick Slash","Sucker Punch"],"picked":"Hidden Blade+1","floor":35},{"not_picked":["Deadly Poison+1","Hidden Blade+1","Prepared"],"picked":"SKIP","floor":36},{"not_picked":["Forethought","Mayhem+1"],"picked":"Sadistic Nature+1","floor":37},{"not_picked":["Acrobatics","ReplayTheSpireMod:Shiv Toss+1","conspire:PoisonWeapons"],"picked":"SKIP","floor":38},{"not_picked":["Bane+1","Setup","Prepared"],"picked":"SKIP","floor":41},{"not_picked":["Setup","Choke","Poisoned Stab+1"],"picked":"SKIP","floor":45},{"not_picked":["Acrobatics+1","Sucker Punch"],"picked":"PiercingWail+1","floor":46},{"not_picked":["ReplayTheSpireMod:Shiv Toss","Backflip+1"],"picked":"Well Laid Plans+1","floor":47},{"not_picked":["Concentrate","Toxin Wave","Quick Slash+1"],"picked":"SKIP","floor":48},{"not_picked":["Underhanded Strike+1","Sucker Punch+1","Flying Knee+1"],"picked":"SKIP","floor":54}],"player_experience":352170,"relics_obtained":[{"floor":6,"key":"Mirror"},{"floor":8,"key":"Regal Pillow"},{"floor":9,"key":"Vajra"},{"floor":12,"key":"Snake Skull"},{"floor":14,"key":"Ring of Peace"},{"floor":14,"key":"ReplayTheSpireMod:Ring of Addiction"},{"floor":14,"key":"White Beast Statue"},{"floor":14,"key":"Chameleon Ring"},{"floor":23,"key":"CaptainsWheel"},{"floor":25,"key":"ReplayTheSpireMod:Ninjato"},{"floor":30,"key":"Divine Protection"},{"floor":41,"key":"The Courier"},{"floor":43,"key":"Boot"},{"floor":45,"key":"ReplayTheSpireMod:Lightbulb"},{"floor":47,"key":"Potion Belt"},{"floor":54,"key":"Counterbalance"}],"event_choices":[{"damage_healed":0,"gold_gain":275,"player_choice":"Desecrate","damage_taken":0,"max_hp_gain":0,"max_hp_loss":0,"event_name":"Golden Shrine","floor":2,"gold_loss":0,"cards_obtained":["Regret"]},{"damage_healed":0,"gold_gain":0,"player_choice":"Became a vampire","damage_taken":0,"max_hp_gain":0,"max_hp_loss":21,"event_name":"Vampires","floor":27,"gold_loss":0,"cards_obtained":["Bite","Bite","Bite","Bite","Bite"]},{"damage_healed":0,"gold_gain":0,"player_choice":"Shed Blood","damage_taken":12,"max_hp_gain":5,"max_hp_loss":0,"event_name":"Forgotten Altar","floor":28,"gold_loss":0},{"damage_healed":0,"gold_gain":0,"player_choice":"Memory 1","damage_taken":0,"max_hp_gain":0,"max_hp_loss":0,"event_name":"SensoryStone","floor":37,"gold_loss":0},{"cards_removed":["Defend_G"],"damage_healed":0,"gold_gain":0,"player_choice":"Removed Skill","damage_taken":0,"max_hp_gain":0,"max_hp_loss":0,"event_name":"Falling","floor":39,"gold_loss":0}],"is_beta":false,"boss_relics":[{"not_picked":["Astrolabe","ReplayTheSpireMod:DimensionalGlitch"],"picked":"Replay:Bronze Core"},{"not_picked":["Tiny House","Busted Crown"],"picked":"ChewingGum"}],"items_purged_floors":[5],"is_endless":false,"potions_floor_spawned":[1,4,8,12,16,18,20,22,23,25,29,30,31,33,35,36,38,41,45,46,47,48,54],"ascension_level":4}}