{"host":"eemx8njkng76fu5x","time":1608092564,"event":{"mods":["2.2 Compatiblity","BaseMod","Downfall","Minty Spire (QoL Compilation)","Permanent Neow","StSLib","Unceasing Turn Reminder","Unknown Chances"],"gold_per_floor":[99,118,43,59,71,99,99,122,150,75,75,92,192,21,38,135,135,135,150,150,178,197,211,293,325,338,263,263,278,278,70,80,185,185,185,185,218,231,231,231,312,343,343,377,312,366,505,374,389,389,389,421,250,250,250],"floor_reached":56,"playtime":4293,"items_purged":["champ:Strike","champ:Execute","champ:FaceSlap","champ:GladiatorsShout","champ:Defend"],"score":1602,"play_id":"ec84f5ea-b033-4159-b623-5dd4af70dcff","local_time":"20201216122244","is_ascension_mode":true,"campfire_choices":[{"floor":1.0,"key":"RECALL"},{"data":"champ:Lariat","floor":3.0,"key":"SMITH"},{"data":"champ:HoldFirm","floor":10.0,"key":"SMITH"},{"data":"champ:Haymaker","floor":18.0,"key":"SMITH"},{"data":"champ:CrownThrow","floor":20.0,"key":"SMITH"},{"data":"champ:ViciousMockery","floor":27,"key":"SMITH"},{"data":"champ:SteelEdge","floor":35,"key":"SMITH"},{"data":"champ:ShieldWall","floor":39,"key":"SMITH"},{"data":"champ:RageSigil","floor":43,"key":"PURGE"},{"data":"champ:GladiatorStyle","floor":54,"key":"SMITH"}],"circlet_count":0,"master_deck":["champ:Defend","champ:Defend","champ:Taunt+1","champ:HoldFirm+1","champ:Lariat+1","champ:ShieldWall+1","champ:ViciousMockery+1","champ:RapidStrikes","champ:SwordSigil","champ:Haymaker+1","champ:CrownThrow+1","champ:RisingSlash+1","champ:SwordSigil+1","champ:SteelEdge+1","champ:FocusedGladiator+1","expansioncontent:SuperHexaguard","champ:GladiatorStyle","champ:ShieldWall","champ:RapidStrikes","champ:GladiatorStyle+1"],"relics":["champ:ChampionCrown","downfall:HeartBlessingRed","Incense Burner","Odd Mushroom","Potion Belt","downfall:HeartBlessingBlue","Lee\u0027s Waffle","Velvet Choker","Bag of Marbles","champ:SpectersHand","Smiling Mask","downfall:HeartBlessingGreen","HandDrill","SacredBark","Pantograph","HornCleat","Peace Pipe","Anchor","Thread and Needle","Chemical X","Letter Opener"],"acts_visited":["Exordium","TheCity","TheBeyond","TheEnding"],"potions_floor_usage":[22,46,55,55,55,55,55],"damage_taken":[{"damage":14.0,"enemies":"Jaw Worm","floor":2.0,"turns":4.0},{"damage":9.0,"enemies":"Small Slimes","floor":4.0,"turns":5.0},{"damage":5.0,"enemies":"Cultist","floor":5.0,"turns":4.0},{"damage":23.0,"enemies":"Lagavulin","floor":6.0,"turns":9.0},{"damage":18.0,"enemies":"The Mushroom Lair","floor":8.0,"turns":5.0},{"damage":25.0,"enemies":"Gremlin Nob","floor":9.0,"turns":6.0},{"damage":5.0,"enemies":"3 Louse","floor":12.0,"turns":4.0},{"damage":43.0,"enemies":"downfall:Heads","floor":13.0,"turns":6.0},{"damage":1.0,"enemies":"downfall:FleeingMerchant","floor":14.0,"turns":4.0},{"damage":0.0,"enemies":"Blue Slaver","floor":15.0,"turns":2.0},{"damage":16.0,"enemies":"downfall:Ironclad","floor":16.0,"turns":10.0},{"damage":0.0,"enemies":"Shell Parasite","floor":19.0,"turns":3.0},{"damage":4.0,"enemies":"Gremlin Leader","floor":21.0,"turns":8.0},{"damage":14,"enemies":"3 Byrds","floor":22,"turns":3},{"damage":0,"enemies":"Snake Plant","floor":23,"turns":5},{"damage":2,"enemies":"Book of Stabbing","floor":25,"turns":8},{"damage":0,"enemies":"Cultist and Chosen","floor":26,"turns":5},{"damage":21,"enemies":"Chosen and Byrds","floor":29,"turns":5},{"damage":5,"enemies":"downfall:FleeingMerchant","floor":31,"turns":4},{"damage":4,"enemies":"Snake Plant","floor":32,"turns":3},{"damage":5,"enemies":"downfall:Defect","floor":33,"turns":6},{"damage":8,"enemies":"Nemesis","floor":37,"turns":7},{"damage":15,"enemies":"3 Shapes","floor":38,"turns":4},{"damage":0,"enemies":"Giant Head","floor":42,"turns":8},{"damage":4,"enemies":"Nemesis","floor":44,"turns":11},{"damage":0,"enemies":"downfall:FleeingMerchant","floor":45,"turns":4},{"damage":0,"enemies":"2 Orb Walkers","floor":46,"turns":3},{"damage":0,"enemies":"downfall:FleeingMerchant","floor":47,"turns":2},{"damage":0,"enemies":"3 Darklings","floor":49,"turns":4},{"damage":0,"enemies":"downfall:Watcher","floor":50,"turns":5},{"damage":0,"enemies":"downfall:CharBossMerchant","floor":52,"turns":7},{"damage":0,"enemies":"downfall:NeowBoss","floor":55,"turns":20}],"seed_played":"1302854957588716120","potions_obtained":[{"floor":2.0,"key":"Block Potion"},{"floor":4.0,"key":"SteroidPotion"},{"floor":5.0,"key":"Fire Potion"},{"floor":15.0,"key":"EntropicBrew"},{"floor":19.0,"key":"EssenceOfSteel"},{"floor":21.0,"key":"LiquidBronze"},{"floor":26,"key":"ColorlessPotion"},{"floor":32,"key":"DuplicationPotion"},{"floor":52,"key":"AttackPotion"}],"is_trial":false,"path_per_floor":["R","M","R","M","M","E","T","?","E","R","?","M","?","$","M","B",null,"R","M","R","E","M","M","T","E","M","R","?","M","?","$","M","B",null,"R","?","E","M","R","?","T","E","R","E","?","?","$","$","M","B",null,"E","$","R","B",null],"character_chosen":"THE_CHAMP","items_purchased":["Lee\u0027s Waffle","HandDrill","Chemical X","champ:ShieldWall","champ:GladiatorStyle","BlessingOfTheForge"],"campfire_rested":0,"item_purchase_floors":[14,31,47,48,53,53],"current_hp_per_floor":[81,77,77,73,73,60,60,51,38,48,48,48,29,98,98,82,98,98,98,98,94,85,85,85,83,83,83,83,67,67,67,63,63,98,98,98,95,85,85,85,85,85,85,81,81,81,81,81,81,98,98,98,98,98,98],"gold":250,"neow_bonus":"THREE_RARE_CARDS","is_daily":false,"chose_seed":false,"campfire_upgraded":8,"win_rate":0.0,"timestamp":1608092564,"path_taken":["R","M","R","M","M","E","T","?","E","R","?","?","?","$","M","BOSS","R","M","R","E","M","M","T","E","M","R","?","?","?","$","M","BOSS","R","?","E","M","R","?","T","E","R","E","?","?","$","$","M","BOSS","E","$","R","BOSS"],"items_purchased_type":["Relic","Relic","Relic","Card","Card","Potion"],"build_version":"2020-12-13","purchased_purges":5,"victory":true,"max_hp_per_floor":[81,81,81,81,81,81,81,81,81,91,91,91,91,98,98,98,98,98,98,98,98,98,98,98,98,98,98,98,98,98,98,98,98,98,98,98,98,98,98,98,98,98,98,98,98,98,98,98,98,98,98,98,98,98,98],"card_choices":[{"not_picked":["champ:StrikeOfGenius","champ:HeavySlash"],"picked":"champ:HoldFirm","floor":0.0},{"not_picked":["champ:FaceSlap","champ:PerfectedStrike"],"picked":"champ:Lariat","floor":2.0},{"not_picked":["champ:Backstep","champ:SwordSigil","champ:RageSigil"],"picked":"SKIP","floor":4.0},{"not_picked":["champ:RageSigil","champ:StrikeOfGenius"],"picked":"champ:ShieldWall","floor":5.0},{"not_picked":["champ:HeartStrike","champ:Backstep"],"picked":"champ:FaceSlap","floor":6.0},{"not_picked":["champ:SteelEdge","champ:BringItOn"],"picked":"champ:ViciousMockery","floor":9.0},{"not_picked":["champ:EndlessRage","champ:BerserkerStyle"],"picked":"champ:BladeFlurry","floor":12.0},{"not_picked":["champ:BerserkersShout","champ:DefensiveStyle"],"picked":"champ:RapidStrikes","floor":13.0},{"not_picked":["champ:Encircle","champ:StanceDance"],"picked":"champ:SwordSigil","floor":14.0},{"not_picked":["champ:PerfectForm","champ:BerserkerStyle"],"picked":"champ:Haymaker","floor":15.0},{"not_picked":["champ:SwordThrow","champ:ShieldThrow"],"picked":"champ:CrownThrow","floor":16.0},{"not_picked":["champ:Backstep+1","champ:FlashCut+1","champ:AdrenalArmor"],"picked":"SKIP","floor":19.0},{"not_picked":["champ:DefensiveShout+1","champ:IgnorePain"],"picked":"champ:RisingSlash+1","floor":21.0},{"not_picked":["champ:RecklessLeap","champ:Shatter","champ:Haymaker"],"picked":"SKIP","floor":22},{"not_picked":["champ:BringItOn","champ:ShieldSigil+1","champ:TornadoPunch"],"picked":"SKIP","floor":23},{"not_picked":["champ:EnragedBash+1","champ:DancingMaster","champ:StanceDance+1"],"picked":"SKIP","floor":25},{"not_picked":["champ:Encircle","champ:DeathBlow"],"picked":"champ:SwordSigil+1","floor":26},{"not_picked":["champ:FightOn","champ:IronFortress","champ:RisingSlash"],"picked":"SKIP","floor":29},{"not_picked":["champ:Encircle","champ:PreciseThrust"],"picked":"champ:GladiatorsShout","floor":31},{"not_picked":["champ:ShieldSlam","champ:FlashCut","champ:BladeFlurry"],"picked":"SKIP","floor":32},{"not_picked":["champ:EnchantShield","champ:VampiricStrike"],"picked":"champ:SteelEdge","floor":33},{"not_picked":["champ:Encircle","champ:FanOfKnives"],"picked":"champ:FocusedGladiator+1","floor":37},{"not_picked":["champ:StanceDance","champ:SwordSigil+1","champ:BringItOn+1"],"picked":"SKIP","floor":38},{"not_picked":["expansioncontent:GuardianWhirl","expansioncontent:LastStand"],"picked":"expansioncontent:SuperHexaguard","floor":40},{"not_picked":["champ:Circumvent+1","champ:SkillfulDodge","champ:Encircle"],"picked":"SKIP","floor":42},{"not_picked":["champ:BladeFlurry+1","champ:SkillfulDodge","champ:IronFortress+1"],"picked":"SKIP","floor":44},{"not_picked":["champ:Lariat","champ:DefensiveShout"],"picked":"champ:GladiatorStyle","floor":45},{"not_picked":["champ:HeartStrike","champ:CalledShot+1","champ:RecklessLeap+1"],"picked":"SKIP","floor":47},{"not_picked":["champ:GladiatorsShout+1","champ:TornadoPunch","champ:Duel"],"picked":"SKIP","floor":49},{"not_picked":["champ:FlashCut+1","champ:FocusedDefense"],"picked":"champ:RapidStrikes","floor":52}],"player_experience":362827,"relics_obtained":[{"floor":6.0,"key":"Incense Burner"},{"floor":8.0,"key":"Odd Mushroom"},{"floor":9.0,"key":"Potion Belt"},{"floor":21.0,"key":"Bag of Marbles"},{"floor":24,"key":"champ:SpectersHand"},{"floor":25,"key":"Smiling Mask"},{"floor":37,"key":"Pantograph"},{"floor":41,"key":"HornCleat"},{"floor":42,"key":"Peace Pipe"},{"floor":44,"key":"Anchor"},{"floor":46,"key":"Thread and Needle"},{"floor":52,"key":"Letter Opener"}],"event_choices":[{"damage_healed":0.0,"max_hp_gain":0.0,"max_hp_loss":0.0,"gold_gain":0.0,"event_name":"Mushrooms","player_choice":"Fought Mushrooms","floor":8.0,"gold_loss":0.0,"damage_taken":0.0},{"cards_removed":["champ:Strike"],"damage_healed":0.0,"max_hp_gain":0.0,"max_hp_loss":0.0,"gold_gain":0.0,"event_name":"Purifier","player_choice":"Purged","floor":11.0,"gold_loss":0.0,"damage_taken":0.0},{"cards_removed":["champ:BladeFlurry"],"damage_healed":0,"gold_gain":0,"player_choice":"Purged","damage_taken":0,"max_hp_gain":0,"max_hp_loss":0,"event_name":"Purifier","floor":30,"gold_loss":0},{"cards_removed":["champ:Defend"],"damage_healed":0,"gold_gain":0,"player_choice":"Removed Skill","damage_taken":0,"max_hp_gain":0,"max_hp_loss":0,"event_name":"Falling","floor":36,"gold_loss":0},{"damage_healed":0,"gold_gain":0,"player_choice":"Fight","damage_taken":0,"max_hp_gain":0,"max_hp_loss":0,"event_name":"Mysterious Sphere","floor":46,"gold_loss":0}],"is_beta":false,"boss_relics":[{"not_picked":["Busted Crown","Ectoplasm"],"picked":"Velvet Choker"},{"not_picked":["champ:ChampionCrownUpgraded","Philosopher\u0027s Stone"],"picked":"SacredBark"}],"items_purged_floors":[31,45,47,48,53],"is_endless":false,"potions_floor_spawned":[2,4,5,15,19,21,26,32,38,44,52],"ascension_level":2}}