{"host":"drk0p5jtlzl1xmwe","time":1608133525,"event":{"mods":["2.2 Compatiblity","AchievementEnabler","Act Like it!","Bard","BaseMod","Better Note","Better Vampires","Ekko","Friendly Minions","Hermit","Hubris","Infinite Spire","Luminous","Marisa????????","Minty Spire (QoL Compilation)","Rare Cards Sparkle","Relic Stats","Replay The Spire","Shade Mod","StSLib","The Animator","The Bug Knight","The Cursed","The Disciple","The Gatherer","The Servant 0.9.4","The Spell Scribe"],"gold_per_floor":[114,114,134,134,145,174,174,238,288,301,329,329,339,353,353,451,451,464,480,494,494,504,535,535,535,561,577,676,676,426,53,53,156,156,174,174,229,529,529,529,554,554,554,570,603,618,36,64,64,64],"floor_reached":51,"playtime":3374,"items_purged":["Strike_G","Defend_G"],"score":900,"play_id":"993c907d-b18a-4fef-a192-361f099343c0","local_time":"20201216154525","is_ascension_mode":true,"campfire_choices":[{"data":"Neutralize","floor":7.0,"key":"SMITH"},{"floor":12.0,"key":"REST"},{"floor":15.0,"key":"REST"},{"data":"ReplayTheSpireMod:Scrap Shanks","floor":25.0,"key":"SMITH"},{"data":"Accuracy","floor":29.0,"key":"SMITH"},{"floor":32.0,"key":"REST"},{"data":"Envenom","floor":40,"key":"SMITH"},{"data":"Footwork","floor":42,"key":"SMITH"},{"floor":49,"key":"REST"}],"circlet_count":0,"master_deck":["Strike_G","Strike_G+1","Strike_G+1","Defend_G","Defend_G+1","Defend_G","Defend_G","Survivor+1","Neutralize+1","Quick Slash+1","Accuracy+1","ReplayTheSpireMod:Scrap Shanks+1","Tactician+1","Cloak And Dagger+1","Backflip+1","Blade Dance+1","hubris:Sniper+1","Cloak And Dagger+1","Cloak And Dagger+1","Backflip+1","Calculated Gamble+1","ReplayTheSpireMod:Shiv Toss+1","Blade Dance+1","GremboGang+1","Envenom+1","Underhanded Strike","Footwork+1","Cloak And Dagger+1","Cloak And Dagger+1","Accuracy+1"],"relics":["Ring of the Snake","infinitespire:PuzzleCube","Toxic Egg 2","hubris:OldNail","Oddly Smooth Stone","Art of War","hubris:AncientText","hubris:Backtick","Shuriken","War Paint","hubris:ScarierMask","hubris:SphereOfDissonance","Replay:Wax Seal","Guide Book","Anchor","Black Star","hubris:Icosahedron","Thread and Needle","SacredBark","Prayer Wheel","infinitespire:Satchel","infinitespire:Lucky Rock","Frozen Egg 2","Kunai","HollowMod:LifeEnderRelic","Bottled Lightning","Whetstone","Paper Crane","CeramicFish"],"acts_visited":["Exordium","TheCity","TheBeyond"],"potions_floor_usage":[41,48,50,50],"damage_taken":[{"damage":0.0,"enemies":"2 Louse","floor":1.0,"turns":5.0},{"damage":0.0,"enemies":"Small Slimes","floor":3.0,"turns":4.0},{"damage":0.0,"enemies":"Jaw Worm","floor":5.0,"turns":6.0},{"damage":32.0,"enemies":"3 Sentries","floor":6.0,"turns":10.0},{"damage":22.0,"enemies":"3 Sentries","floor":8.0,"turns":9.0},{"damage":9.0,"enemies":"Lots of Slimes","floor":10.0,"turns":4.0},{"damage":2.0,"enemies":"HollowMod:MossKnight","floor":11.0,"turns":11.0},{"damage":3.0,"enemies":"Large Slime","floor":13.0,"turns":9.0},{"damage":0.0,"enemies":"Blue Slaver","floor":14.0,"turns":1.0},{"damage":25.0,"enemies":"The Guardian","floor":16.0,"turns":10.0},{"damage":0.0,"enemies":"Shell Parasite","floor":18.0,"turns":4.0},{"damage":12.0,"enemies":"Spheric Guardian","floor":19.0,"turns":4.0},{"damage":10.0,"enemies":"Snecko","floor":20.0,"turns":5.0},{"damage":1.0,"enemies":"3 Cultists","floor":22.0,"turns":4.0},{"damage":9.0,"enemies":"Book of Stabbing","floor":23.0,"turns":5.0},{"damage":3.0,"enemies":"Shelled Parasite and Fungi","floor":27.0,"turns":2.0},{"damage":8.0,"enemies":"Champ","floor":33.0,"turns":7.0},{"damage":0.0,"enemies":"3 Darklings","floor":35.0,"turns":3.0},{"damage":6.0,"enemies":"2 Orb Walkers","floor":37.0,"turns":4.0},{"damage":0,"enemies":"HollowMod:StalkingDevout","floor":41,"turns":1},{"damage":0,"enemies":"3 Shapes","floor":44,"turns":2},{"damage":10,"enemies":"Reptomancer","floor":45,"turns":5},{"damage":5,"enemies":"Transient","floor":46,"turns":5},{"damage":2,"enemies":"Giant Head","floor":48,"turns":5},{"damage":33,"enemies":"hubris:GrandSnecko","floor":50,"turns":8}],"seed_played":"-8197140900319800016","potions_obtained":[{"floor":1.0,"key":"Ancient Potion"},{"floor":6.0,"key":"Strength Potion"},{"floor":10.0,"key":"SkillPotion"},{"floor":13.0,"key":"DistilledChaos"},{"floor":19.0,"key":"Explosive Potion"},{"floor":20.0,"key":"Dexterity Potion"},{"floor":33.0,"key":"Energy Potion"},{"floor":35.0,"key":"Block Potion"},{"floor":37,"key":"ColorlessPotion"},{"floor":44,"key":"Reflective Coating"},{"floor":46,"key":"Swift Potion"}],"is_trial":false,"path_per_floor":["M","?","M","?","M","E","R","?","T","M","E","R","M","M","R","B",null,"M","M","M","AVR","M","E","?","R","T","M","?","R","?","$","R","B",null,"M","?","?","?","AVR","R","E","R","T","M","E","M","$","E","R","B",null],"character_chosen":"THE_SILENT","items_purchased":["Guide Book","Anchor","Accuracy+1","Bottled Lightning","Whetstone"],"campfire_rested":4,"item_purchase_floors":[31,31,47,47,47],"current_hp_per_floor":[70,70,70,70,70,38,38,16,16,7,5,26,23,23,44,19,70,70,58,48,48,47,38,38,38,38,35,35,35,35,35,56,48,70,70,70,64,64,64,64,64,64,64,64,54,49,49,47,68,35],"gold":64,"neow_bonus":"RANDOM_COMMON_RELIC","is_daily":false,"chose_seed":false,"campfire_upgraded":5,"win_rate":0.0,"timestamp":1608133525,"path_taken":["M","?","M","?","M","E","R","?","T","M","E","R","M","M","R","BOSS","M","M","M","AVR","M","E","?","R","T","M","?","R","?","$","R","BOSS","M","?","?","?","AVR","R","E","R","T","M","E","?","$","E","R","BOSS"],"items_purchased_type":["Relic","Relic","Card","Relic","Relic"],"build_version":"2020-12-13","purchased_purges":2,"victory":true,"max_hp_per_floor":[70,70,70,70,70,70,70,70,70,70,70,70,70,70,70,70,70,70,70,70,70,70,70,70,70,70,70,70,70,70,70,70,70,70,70,70,70,70,70,70,70,70,70,70,70,70,70,70,70,70],"relic_stats":{"counters":[25,133],"Shuriken":[57],"CeramicFish":0,"Prayer Wheel":2,"Art of War":[7],"Black Star":3,"Kunai":[14],"Whetstone":["Strike_G","Strike_G"],"War Paint":["Defend_G","Survivor"],"obtain_stats":[{"SacredBark":39,"CeramicFish":48,"Whetstone":47,"hubris:Backtick":17,"hubris:Icosahedron":36,"hubris:ScarierMask":21,"Prayer Wheel":39,"Kunai":45,"Toxic Egg 2":4,"Replay:Wax Seal":26,"Ring of the Snake":0,"HollowMod:LifeEnderRelic":45,"Guide Book":31,"Oddly Smooth Stone":8,"hubris:SphereOfDissonance":23,"Thread and Needle":37,"infinitespire:Lucky Rock":41,"War Paint":21,"Frozen Egg 2":43,"Paper Crane":48,"Anchor":31,"Shuriken":17,"infinitespire:Satchel":41,"Art of War":9,"Black Star":34,"Bottled Lightning":47,"infinitespire:PuzzleCube":0,"hubris:OldNail":6,"hubris:AncientText":11},{"SacredBark":19,"CeramicFish":24,"Whetstone":23,"hubris:Backtick":10,"hubris:Icosahedron":18,"hubris:ScarierMask":13,"Prayer Wheel":19,"Kunai":22,"Toxic Egg 2":2,"Replay:Wax Seal":15,"Ring of the Snake":0,"HollowMod:LifeEnderRelic":22,"Guide Book":16,"Oddly Smooth Stone":5,"hubris:SphereOfDissonance":15,"Thread and Needle":19,"infinitespire:Lucky Rock":20,"War Paint":13,"Frozen Egg 2":20,"Paper Crane":24,"Anchor":16,"Shuriken":10,"infinitespire:Satchel":20,"Art of War":5,"Black Star":17,"Bottled Lightning":23,"infinitespire:PuzzleCube":0,"hubris:OldNail":4,"hubris:AncientText":7},{"SacredBark":107,"CeramicFish":125,"Whetstone":120,"hubris:Backtick":69,"hubris:Icosahedron":103,"hubris:ScarierMask":82,"Prayer Wheel":107,"Kunai":115,"Toxic Egg 2":9,"Replay:Wax Seal":91,"Ring of the Snake":0,"HollowMod:LifeEnderRelic":115,"Guide Book":93,"Oddly Smooth Stone":34,"hubris:SphereOfDissonance":91,"Thread and Needle":107,"infinitespire:Lucky Rock":108,"War Paint":82,"Frozen Egg 2":108,"Paper Crane":125,"Anchor":93,"Shuriken":69,"infinitespire:Satchel":108,"Art of War":34,"Black Star":100,"Bottled Lightning":120,"infinitespire:PuzzleCube":0,"hubris:OldNail":25,"hubris:AncientText":49}],"Ring of the Snake":[50]},"card_choices":[{"not_picked":["Eviscerate","All Out Attack"],"picked":"Quick Slash","floor":1.0},{"not_picked":["Cloak And Dagger","Fluid Movement"],"picked":"Accuracy","floor":3.0},{"not_picked":["Backflip+1","Hidden Blade+1"],"picked":"ReplayTheSpireMod:Scrap Shanks","floor":5.0},{"not_picked":["Sucker Punch","Die Die Die"],"picked":"Tactician+1","floor":6.0},{"not_picked":["Flechettes","Dagger Throw"],"picked":"Cloak And Dagger+1","floor":8.0},{"not_picked":["Replay:Poison Smokescreen+1","Bouncing Flask+1","Underhanded Strike"],"picked":"SKIP","floor":10.0},{"not_picked":["Phantasmal Killer+1","hubris:Counter"],"picked":"Backflip+1","floor":11.0},{"not_picked":["Catalyst+1","Calculated Gamble+1"],"picked":"Blade Dance+1","floor":13.0},{"not_picked":["Poisoned Stab","Bane"],"picked":"hubris:Sniper+1","floor":14.0},{"not_picked":["Sneak Up+1","Expertise+1"],"picked":"Cloak And Dagger+1","floor":18.0},{"not_picked":["Bouncing Flask+1","Catalyst+1"],"picked":"Cloak And Dagger+1","floor":19.0},{"not_picked":["Catalyst+1","Acrobatics+1"],"picked":"Backflip+1","floor":20.0},{"not_picked":["Caltrops","ReplayTheSpireMod:Speed Training+1","Distraction+1"],"picked":"SKIP","floor":22.0},{"not_picked":["Crippling Poison+1","Concentrate+1"],"picked":"Calculated Gamble+1","floor":23.0},{"not_picked":["Cloak And Dagger+1","Sucker Punch"],"picked":"Blade Dance+1","floor":27.0},{"not_picked":["After Image","Malaise+1"],"picked":"Envenom","floor":33.0},{"not_picked":["Hidden Blade+1","Expertise+1"],"picked":"Underhanded Strike","floor":35.0},{"not_picked":["Deadly Poison+1","Bouncing Flask+1"],"picked":"Footwork","floor":41},{"not_picked":["All Out Attack+1","Acrobatics+1","Prepared+1"],"picked":"SKIP","floor":44},{"not_picked":["Underhanded Strike","Expertise+1","Endless Agony+1"],"picked":"SKIP","floor":44},{"not_picked":["Replay:Poison Smokescreen+1","Wraith Form v2+1"],"picked":"Cloak And Dagger+1","floor":45},{"not_picked":["Predator","Toxin Wave+1"],"picked":"Cloak And Dagger+1","floor":46},{"not_picked":["Sucker Punch","Underhanded Strike+1","Catalyst+1"],"picked":"SKIP","floor":46},{"not_picked":["Underhanded Strike+1","hubris:Sniper+1","ReplayTheSpireMod:The Works+1"],"picked":"SKIP","floor":48}],"player_experience":647205,"relics_obtained":[{"floor":4.0,"key":"Toxic Egg 2"},{"floor":6.0,"key":"hubris:OldNail"},{"floor":8.0,"key":"Oddly Smooth Stone"},{"floor":9.0,"key":"Art of War"},{"floor":11.0,"key":"hubris:AncientText"},{"floor":23.0,"key":"hubris:SphereOfDissonance"},{"floor":26.0,"key":"Replay:Wax Seal"},{"floor":37,"key":"Thread and Needle"},{"floor":41,"key":"infinitespire:Satchel"},{"floor":41,"key":"infinitespire:Lucky Rock"},{"floor":43,"key":"Frozen Egg 2"},{"floor":45,"key":"Kunai"},{"floor":45,"key":"HollowMod:LifeEnderRelic"},{"floor":48,"key":"Paper Crane"},{"floor":48,"key":"CeramicFish"}],"event_choices":[{"damage_healed":0.0,"max_hp_gain":0.0,"max_hp_loss":0.0,"gold_gain":0.0,"event_name":"Dead Adventurer","player_choice":"Searched \u00271\u0027 times","floor":8.0,"gold_loss":0.0,"damage_taken":0.0},{"damage_healed":0.0,"max_hp_gain":0.0,"max_hp_loss":0.0,"gold_gain":0.0,"event_name":"betterNote:BetterNote","player_choice":"Take","floor":24.0,"gold_loss":0.0,"damage_taken":0.0,"cards_obtained":["ReplayTheSpireMod:Shiv Toss"]},{"damage_healed":0.0,"max_hp_gain":0.0,"max_hp_loss":0.0,"gold_gain":99.0,"event_name":"Nest","player_choice":"Stole From Cult","floor":28.0,"gold_loss":0.0,"damage_taken":0.0},{"damage_healed":0.0,"max_hp_gain":0.0,"max_hp_loss":0.0,"gold_gain":0.0,"event_name":"Mysterious Sphere","player_choice":"Fight","floor":37.0,"gold_loss":0.0,"damage_taken":0.0},{"damage_healed":0,"gold_gain":300,"player_choice":"Gold","damage_taken":0,"max_hp_gain":0,"max_hp_loss":0,"event_name":"Wheel of Change","floor":38,"gold_loss":0}],"is_beta":false,"boss_relics":[{"not_picked":["Velvet Choker","Snecko Eye"],"picked":"hubris:Backtick"},{"not_picked":["hubris:VirtuousBlindfold","SlaversCollar"],"picked":"Black Star"}],"items_purged_floors":[31,47],"is_endless":false,"potions_floor_spawned":[1,6,10,13,19,20,33,35,37,44,46],"ascension_level":1}}