{"host":"esx1hwjnbftf3eqj","time":1608149002,"event":{"mods":["BaseMod","Colored Map","Minty Spire (QoL Compilation)","StSLib","Wandering Minibosses"],"gold_per_floor":[110,132,145,160,160,160,176,176,199,199,232,157,175,350,350,450,450,468,368,385,397,397,397,397,424,448,448,480,496,496,510,510,606,656,676,676,676,382,404,432,446,446,446,198,217,217,217],"floor_reached":46,"playtime":13444,"items_purged":["Strike_B","Doubt","Writhe","Defend_B"],"score":539,"play_id":"1916db6d-87e2-49b6-a9c0-e60c83e1e18b","local_time":"20201216120322","is_ascension_mode":true,"campfire_choices":[{"data":"Zap","floor":6,"key":"SMITH"},{"data":"Redo","floor":8,"key":"SMITH"},{"data":"Dualcast","floor":10,"key":"SMITH"},{"data":"BootSequence","floor":15,"key":"SMITH"},{"data":"Defragment","floor":23,"key":"SMITH"},{"data":"Thunder Strike","floor":27,"key":"SMITH"},{"data":"BootSequence","floor":30,"key":"SMITH"},{"data":"Sweeping Beam","floor":32,"key":"SMITH"},{"floor":42,"key":"REST"}],"circlet_count":0,"master_deck":["Defend_B","Defend_B","Zap+1","Dualcast+1","Self Repair","Ball Lightning+1","Rebound","Sweeping Beam+1","FTL","Cold Snap","BootSequence+1","Thunder Strike+1","Melter+1","Streamline+1","Creative AI+1","Heatsinks+1","BootSequence+1","Ball Lightning","Defragment+1","Machine Learning+1","BootSequence","Creative AI+1","Conserve Battery+1","Auto Shields","Storm+1","Dramatic Entrance","Auto Shields","Echo Form+1","Conserve Battery","Self Repair+1","Conserve Battery+1"],"relics":["Cracked Core","Orichalcum","Vajra","Astrolabe","Bag of Marbles","Frozen Egg 2","Pen Nib","Gambling Chip","Tiny House","MealTicket","Gremlin Horn"],"acts_visited":["Exordium","TheCity","TheBeyond"],"potions_floor_usage":[25,28,31,33,33,39],"damage_taken":[{"damage":4,"enemies":"2 Louse","floor":1,"turns":2},{"damage":11,"enemies":"Small Slimes","floor":2,"turns":5},{"damage":2,"enemies":"Jaw Worm","floor":3,"turns":3},{"damage":23,"enemies":"Large Slime","floor":4,"turns":5},{"damage":4,"enemies":"Red Slaver","floor":7,"turns":3},{"damage":21,"enemies":"Lagavulin","floor":11,"turns":4},{"damage":5,"enemies":"Exordium Thugs","floor":13,"turns":3},{"damage":19,"enemies":"Hexaghost","floor":16,"turns":11},{"damage":11,"enemies":"Chosen","floor":18,"turns":6},{"damage":24,"enemies":"3 Byrds","floor":20,"turns":5},{"damage":22,"enemies":"Snecko","floor":21,"turns":4},{"damage":18,"enemies":"Book of Stabbing","floor":25,"turns":5},{"damage":58,"enemies":"Slavers","floor":28,"turns":5},{"damage":0,"enemies":"Cultist and Chosen","floor":29,"turns":4},{"damage":0,"enemies":"Snake Plant","floor":31,"turns":2},{"damage":17,"enemies":"Collector","floor":33,"turns":7},{"damage":5,"enemies":"3 Shapes","floor":35,"turns":5},{"damage":17,"enemies":"Orb Walker","floor":39,"turns":4},{"damage":22,"enemies":"Nemesis","floor":40,"turns":6},{"damage":61,"enemies":"Sphere and 2 Shapes","floor":41,"turns":4},{"damage":40,"enemies":"Maw","floor":45,"turns":6},{"damage":24,"enemies":"Giant Head","floor":46,"turns":5}],"seed_played":"-4534815359748810476","potions_obtained":[{"floor":1,"key":"FairyPotion"},{"floor":4,"key":"CultistPotion"},{"floor":11,"key":"Dexterity Potion"},{"floor":21,"key":"Regen Potion"},{"floor":25,"key":"Energy Potion"},{"floor":28,"key":"FocusPotion"},{"floor":31,"key":"SneckoOil"},{"floor":34,"key":"DistilledChaos"},{"floor":45,"key":"PotionOfCapacity"}],"is_trial":false,"path_per_floor":["M","M","M","M","?","R","M","R","T","R","E","$","M","?","R","B",null,"M","$","M","M","?","R","?","E","T","R","E","M","R","M","R","B",null,"M","?","?","$","M","E","M","R","T","$","M","E"],"character_chosen":"DEFECT","items_purchased":["Storm+1","Dramatic Entrance","Conserve Battery","Self Repair+1"],"campfire_rested":1,"item_purchase_floors":[38,38,44,44],"current_hp_per_floor":[78,67,72,49,49,49,52,52,52,52,38,38,33,33,33,21,82,78,78,61,39,39,39,39,42,42,42,20,20,20,20,20,10,87,87,87,87,87,77,62,1,27,27,42,19,0,0],"gold":217,"neow_bonus":"TEN_PERCENT_HP_BONUS","is_daily":false,"chose_seed":false,"campfire_upgraded":8,"win_rate":0.0,"timestamp":1608149002,"path_taken":["M","M","M","M","?","R","M","R","T","R","E","$","M","?","R","BOSS","M","$","M","M","?","R","?","E","T","R","E","M","R","M","R","BOSS","M","?","?","$","M","E","M","R","T","$","M","E"],"items_purchased_type":["Card","Card","Card","Card"],"build_version":"2020-12-13","purchased_purges":4,"victory":false,"max_hp_per_floor":[82,82,82,82,82,82,82,82,82,82,82,82,82,82,82,82,82,82,82,82,82,82,82,82,82,82,82,82,82,82,82,82,82,87,87,87,87,87,87,87,87,87,87,87,87,87,87],"card_choices":[{"not_picked":["Chill","Rip and Tear"],"picked":"Self Repair","floor":1},{"not_picked":["Hello World","Reinforced Body"],"picked":"Ball Lightning","floor":2},{"not_picked":["Beam Cell","Recycle"],"picked":"Rebound","floor":3},{"not_picked":["Steam","Hologram"],"picked":"Sweeping Beam","floor":4},{"not_picked":["Sunder","Chill"],"picked":"Redo","floor":7},{"not_picked":["Compile Driver","Aggregate"],"picked":"Cold Snap","floor":11},{"not_picked":["Stack","Streamline"],"picked":"BootSequence","floor":13},{"not_picked":["Biased Cognition","Hyperbeam"],"picked":"Thunder Strike","floor":16},{"not_picked":["Recycle","Stack"],"picked":"Heatsinks+1","floor":18},{"not_picked":["Leap","Undo+1"],"picked":"BootSequence","floor":20},{"not_picked":["Cold Snap","Redo"],"picked":"Ball Lightning","floor":21},{"not_picked":["Fusion","Steam+1"],"picked":"Machine Learning+1","floor":25},{"not_picked":["Stack+1","Rebound+1","Beam Cell"],"picked":"SKIP","floor":28},{"not_picked":["Darkness","Barrage+1","Stack+1"],"picked":"SKIP","floor":29},{"not_picked":["Tempest","Static Discharge+1"],"picked":"BootSequence","floor":31},{"not_picked":["Meteor Strike","All For One"],"picked":"Creative AI+1","floor":33},{"not_picked":["Rip and Tear","Gash"],"picked":"Conserve Battery+1","floor":34},{"not_picked":["Cold Snap+1","Leap"],"picked":"Auto Shields","floor":35},{"not_picked":["Melter","Hologram","Cold Snap"],"picked":"SKIP","floor":39},{"not_picked":["Rebound+1","Consume+1"],"picked":"Auto Shields","floor":40},{"not_picked":["Glacier+1","FTL"],"picked":"Echo Form+1","floor":41},{"not_picked":["White Noise","Cold Snap+1"],"picked":"Conserve Battery+1","floor":45}],"player_experience":387780,"relics_obtained":[{"floor":9,"key":"Orichalcum"},{"floor":11,"key":"Vajra"},{"floor":25,"key":"Frozen Egg 2"},{"floor":26,"key":"Pen Nib"},{"floor":28,"key":"Gambling Chip"},{"floor":40,"key":"MealTicket"},{"floor":43,"key":"Gremlin Horn"}],"event_choices":[{"damage_healed":0,"gold_gain":0,"cards_transformed":["Strike_B"],"player_choice":"Change","damage_taken":0,"max_hp_gain":0,"max_hp_loss":0,"event_name":"Living Wall","floor":5,"gold_loss":0,"cards_obtained":["FTL"]},{"damage_healed":0,"gold_gain":175,"player_choice":"AGREE","damage_taken":0,"max_hp_gain":0,"max_hp_loss":0,"event_name":"Liars Game","floor":14,"gold_loss":0,"cards_obtained":["Doubt"]},{"damage_healed":0,"gold_gain":0,"player_choice":"Read","damage_taken":0,"max_hp_gain":0,"max_hp_loss":0,"event_name":"The Library","floor":22,"gold_loss":0,"cards_obtained":["Defragment"]},{"damage_healed":0,"gold_gain":0,"player_choice":"Opened","damage_taken":0,"relics_obtained":["Bag of Marbles"],"max_hp_gain":0,"max_hp_loss":0,"event_name":"The Mausoleum","floor":24,"gold_loss":0,"cards_obtained":["Writhe"]},{"cards_removed":["Redo"],"damage_healed":0,"gold_gain":0,"player_choice":"Removed Skill","damage_taken":0,"max_hp_gain":0,"max_hp_loss":0,"event_name":"Falling","floor":36,"gold_loss":0},{"damage_healed":0,"gold_gain":0,"player_choice":"Ignored","damage_taken":0,"max_hp_gain":0,"max_hp_loss":0,"event_name":"Tomb of Lord Red Mask","floor":37,"gold_loss":0}],"is_beta":false,"boss_relics":[{"not_picked":["Black Star","Ectoplasm"],"picked":"Astrolabe"},{"not_picked":["Velvet Choker","Runic Dome"],"picked":"Tiny House"}],"items_purged_floors":[12,19,38,44],"is_endless":false,"potions_floor_spawned":[1,4,11,21,25,28,31,45],"killed_by":"Giant Head","ascension_level":2}}