{"host":"hz5hj4ftqeo22kw2","time":1608146120,"event":{"mods":["BaseMod","Better Third Choice","Jorbs\u0027s Wanderer Trilogy","Minty Spire (QoL Compilation)","Permanent Neow","RNG Fix","Relic Stats","StSLib","everything is the same but u backflip on backflip","slay the spire mod where everything is the same but ironclad has a cowboy hat"],"gold_per_floor":[112,8,8,18,34,66,66,66,89,89,118,21,21,32,32,109,159,135,4,24,44,56,56,56,66,148,148,20,38,70,70,70],"floor_reached":31,"playtime":1892,"items_purged":["Strike_P"],"score":537,"play_id":"4fefacc1-3be4-4068-b56b-e5165abd99c3","local_time":"20201216141520","is_ascension_mode":true,"campfire_choices":[{"data":"ThirdEye","floor":7,"key":"SMITH"},{"data":"SashWhip","floor":10,"key":"SMITH"},{"floor":15,"key":"REST"},{"floor":23,"key":"REST"}],"circlet_count":0,"master_deck":["AscendersBane","Eruption+1","Vigilance+1","LikeWater+1","SashWhip+1","Nirvana","FlyingSleeves","ThirdEye+1","MentalFortress+1","FollowUp+1","ReachHeaven","LessonLearned","Wireheading+1","Vengeance+1","Consecrate","TalkToTheHand","Wallop","DeceiveReality+1","Meditate+1"],"relics":["Runic Pyramid","Orichalcum","Potion Belt","Thread and Needle","Boot","Meat on the Bone","Tiny House","Eternal Feather","War Paint"],"acts_visited":["Exordium","TheCity"],"potions_floor_usage":[16,18,20,22,25,30,30],"damage_taken":[{"damage":1,"enemies":"2 Louse","floor":1,"turns":3},{"damage":2,"enemies":"Jaw Worm","floor":4,"turns":4},{"damage":0,"enemies":"Cultist","floor":5,"turns":3},{"damage":7,"enemies":"Lagavulin","floor":6,"turns":6},{"damage":0,"enemies":"Gremlin Nob","floor":11,"turns":4},{"damage":13,"enemies":"Lots of Slimes","floor":14,"turns":5},{"damage":40,"enemies":"Hexaghost","floor":16,"turns":12},{"damage":6,"enemies":"2 Thieves","floor":18,"turns":4},{"damage":28,"enemies":"Shell Parasite","floor":20,"turns":5},{"damage":13,"enemies":"Snake Plant","floor":21,"turns":7},{"damage":42,"enemies":"Sentry and Sphere","floor":22,"turns":8},{"damage":16,"enemies":"Cultist and Chosen","floor":25,"turns":4},{"damage":3,"enemies":"Centurion and Healer","floor":29,"turns":6},{"damage":31,"enemies":"Book of Stabbing","floor":30,"turns":5},{"damage":30,"enemies":"Colosseum Slavers","floor":31,"turns":3}],"seed_played":"7964153057177510466","potions_obtained":[{"floor":1,"key":"ColorlessPotion"},{"floor":11,"key":"LiquidMemories"},{"floor":17,"key":"LiquidMemories"},{"floor":18,"key":"PowerPotion"},{"floor":22,"key":"FearPotion"},{"floor":29,"key":"GamblersBrew"}],"is_trial":false,"path_per_floor":["M","$","?","M","M","E","R","?","T","R","E","$","?","M","R","B",null,"M","$","M","M","M","R","?","M","T","?","$","M","E","?"],"character_chosen":"WATCHER","items_purchased":["SashWhip","MentalFortress","FollowUp","Consecrate","Regen Potion","SkillPotion","DeceiveReality"],"campfire_rested":2,"item_purchase_floors":[2,12,12,19,19,28,28],"current_hp_per_floor":[60,60,60,58,58,51,51,51,51,51,51,51,51,38,58,30,64,58,58,42,41,26,47,47,43,43,43,43,40,21,0,0],"gold":70,"neow_bonus":"BOSS_RELIC","is_daily":false,"chose_seed":false,"campfire_upgraded":2,"win_rate":0.0,"timestamp":1608146120,"path_taken":["M","$","?","M","M","E","R","?","T","R","E","?","?","M","R","BOSS","M","$","M","M","M","R","?","M","T","?","$","M","E","?"],"items_purchased_type":["Card","Card","Card","Card","Potion","Potion","Card"],"build_version":"2020-12-13","purchased_purges":1,"victory":false,"max_hp_per_floor":[68,68,68,68,68,68,68,68,68,68,68,68,68,68,68,68,73,73,73,73,73,73,73,73,73,73,73,73,73,73,73,73],"relic_stats":{"counters":[15,79],"Eternal Feather":0,"Orichalcum":[78],"War Paint":["Meditate","DeceiveReality"],"Boot":[38],"obtain_stats":[{"Potion Belt":6,"Tiny House":17,"Thread and Needle":8,"Eternal Feather":26,"PureWater":0,"Orichalcum":3,"War Paint":30,"Boot":9,"Runic Pyramid":0,"Meat on the Bone":11},{"Potion Belt":4,"Tiny House":7,"Thread and Needle":4,"Eternal Feather":12,"PureWater":0,"Orichalcum":1,"War Paint":14,"Boot":4,"Runic Pyramid":0,"Meat on the Bone":5},{"Potion Belt":16,"Tiny House":37,"Thread and Needle":16,"Eternal Feather":65,"PureWater":0,"Orichalcum":3,"War Paint":76,"Boot":16,"Runic Pyramid":0,"Meat on the Bone":20}],"Meat on the Bone":72},"card_choices":[{"not_picked":["Meditate","EmptyBody"],"picked":"LikeWater","floor":1},{"not_picked":["ReachHeaven","WreathOfFlame"],"picked":"Nirvana","floor":4},{"not_picked":["WreathOfFlame","BowlingBash"],"picked":"FlyingSleeves","floor":5},{"not_picked":["EmptyBody","Crescendo"],"picked":"ThirdEye","floor":6},{"not_picked":["ClearTheMind","Perseverance","Pray"],"picked":"SKIP","floor":11},{"not_picked":["FollowUp","Protect"],"picked":"ReachHeaven","floor":14},{"not_picked":["Wish","Blasphemy"],"picked":"LessonLearned","floor":16},{"not_picked":["Evaluate","Halt"],"picked":"Wireheading","floor":17},{"not_picked":["Crescendo","ClearTheMind"],"picked":"Vengeance+1","floor":18},{"not_picked":["Adaptation","JustLucky","ThirdEye"],"picked":"SKIP","floor":20},{"not_picked":["Prostrate","CutThroughFate","ConjureBlade"],"picked":"SKIP","floor":21},{"not_picked":["Nirvana","Evaluate"],"picked":"TalkToTheHand","floor":22},{"not_picked":["JustLucky","DeceiveReality"],"picked":"Wallop","floor":25},{"not_picked":["JustLucky","EmptyBody"],"picked":"Meditate","floor":29},{"not_picked":["SignatureMove","Protect+1","JustLucky"],"picked":"SKIP","floor":30}],"player_experience":422358,"relics_obtained":[{"floor":6,"key":"Potion Belt"},{"floor":9,"key":"Boot"},{"floor":11,"key":"Meat on the Bone"},{"floor":26,"key":"Eternal Feather"},{"floor":30,"key":"War Paint"}],"event_choices":[{"damage_healed":0,"gold_gain":0,"player_choice":"Gave Potion","damage_taken":0,"relics_obtained":["Orichalcum"],"max_hp_gain":0,"max_hp_loss":0,"event_name":"WeMeetAgain","floor":3,"gold_loss":0},{"damage_healed":0,"gold_gain":0,"player_choice":"Searched \u00271\u0027 times","damage_taken":0,"relics_obtained":["Thread and Needle"],"max_hp_gain":0,"max_hp_loss":0,"event_name":"Dead Adventurer","floor":8,"gold_loss":0},{"damage_healed":0,"gold_gain":0,"player_choice":"Upgraded","damage_taken":0,"max_hp_gain":0,"max_hp_loss":0,"event_name":"Upgrade Shrine","floor":13,"gold_loss":0,"cards_upgraded":["MentalFortress"]},{"damage_healed":0,"gold_gain":0,"player_choice":"Materialism","damage_taken":0,"max_hp_gain":0,"max_hp_loss":7,"event_name":"betterThird:BetterWriting","floor":24,"gold_loss":0},{"damage_healed":0,"gold_gain":0,"player_choice":"Ignored","damage_taken":0,"max_hp_gain":0,"max_hp_loss":0,"event_name":"Vampires","floor":27,"gold_loss":0},{"damage_healed":0,"gold_gain":0,"player_choice":"Fight","damage_taken":0,"max_hp_gain":0,"max_hp_loss":0,"event_name":"Colosseum","floor":31,"gold_loss":0}],"is_beta":false,"boss_relics":[{"not_picked":["Black Star","Ectoplasm"],"picked":"Tiny House"}],"items_purged_floors":[2],"is_endless":false,"potions_floor_spawned":[1,11,18,22,29],"killed_by":"Colosseum Slavers","ascension_level":17}}