{"host":"08sn1703g14rasc1","time":1608107758,"event":{"mods":["AchievementEnabler","BaseMod","Colored Map","Colored Powertips","Hermit","Minty Spire (QoL Compilation)","StSLib"],"gold_per_floor":[112,14,33,33,33,33,68,143,218,231,231,241,253,273,273,376,426,443,443,53,72,89,89,119,119,146,179,102,102,102,102,102,204,204,219,219,235,285,285,285,285],"floor_reached":40,"playtime":1249,"items_purged":["Strike_B","Defend_B"],"score":570,"play_id":"2cabb419-1df0-4f20-b575-b2028e50046f","local_time":"20201216003558","is_ascension_mode":true,"campfire_choices":[{"floor":6,"key":"RECALL"},{"floor":15,"key":"REST"},{"floor":23,"key":"REST"},{"floor":25,"key":"REST"},{"floor":30,"key":"REST"},{"floor":32,"key":"REST"}],"circlet_count":0,"master_deck":["Strike_B","Strike_B","Defend_B","Zap","Dualcast","Rip and Tear","Barrage","Ball Lightning","BootSequence+1","Steam+1","Reinforced Body+1","Gash","Stack+1","All For One","Scrape","Leap+1","Rainbow+1","Rainbow+1","Leap+1","Redo+1","Stack+1","Hello World","All For One","Biased Cognition","Steam+1","Madness+1","Madness+1","Capacitor","Machine Learning"],"relics":["Fusion Hammer","Lantern","Toxic Egg 2","Blue Candle","Tiny House","Runic Capacitor","Anchor","Gambling Chip","Oddly Smooth Stone","Omamori","SacredBark","Incense Burner","Bottled Flame"],"acts_visited":["Exordium","TheCity","TheBeyond"],"potions_floor_usage":[12,16,22,24,33,33,33,40],"damage_taken":[{"damage":0,"enemies":"Cultist","floor":1,"turns":3},{"damage":7,"enemies":"Jaw Worm","floor":3,"turns":2},{"damage":30,"enemies":"3 Sentries","floor":7,"turns":6},{"damage":7,"enemies":"Small Slimes","floor":10,"turns":3},{"damage":4,"enemies":"Exordium Wildlife","floor":12,"turns":4},{"damage":1,"enemies":"Looter","floor":13,"turns":3},{"damage":2,"enemies":"Red Slaver","floor":14,"turns":5},{"damage":23,"enemies":"Hexaghost","floor":16,"turns":10},{"damage":8,"enemies":"Spheric Guardian","floor":18,"turns":4},{"damage":5,"enemies":"3 Byrds","floor":21,"turns":5},{"damage":25,"enemies":"3 Cultists","floor":22,"turns":7},{"damage":33,"enemies":"Slavers","floor":24,"turns":7},{"damage":30,"enemies":"Book of Stabbing","floor":27,"turns":6},{"damage":50,"enemies":"Champ","floor":33,"turns":10},{"damage":0,"enemies":"3 Shapes","floor":35,"turns":5},{"damage":23,"enemies":"Orb Walker","floor":37,"turns":7},{"damage":0,"enemies":"Mind Bloom Boss Battle","floor":38,"turns":7},{"damage":47,"enemies":"Reptomancer","floor":40,"turns":2}],"seed_played":"6538198013005602822","potions_obtained":[{"floor":10,"key":"SkillPotion"},{"floor":12,"key":"BlessingOfTheForge"},{"floor":13,"key":"BlessingOfTheForge"},{"floor":14,"key":"DuplicationPotion"},{"floor":16,"key":"Block Potion"},{"floor":27,"key":"EssenceOfDarkness"},{"floor":38,"key":"FocusPotion"}],"is_trial":false,"path_per_floor":["M","$","M","$","$","R","E","T","T","M","?","M","M","M","R","B",null,"M","?","$","M","M","R","E","R","T","E","$","?","R","?","R","B",null,"M","?","M","?","T","E"],"character_chosen":"DEFECT","items_purchased":["Barrage","Runic Capacitor","Anchor","Regen Potion"],"campfire_rested":5,"item_purchase_floors":[2,20,20,28],"current_hp_per_floor":[68,68,61,61,61,61,31,31,31,24,24,20,19,17,39,16,65,57,57,57,52,27,51,18,42,42,12,12,12,36,62,80,45,71,71,61,38,38,38,0,0],"gold":285,"neow_bonus":"BOSS_RELIC","is_daily":false,"chose_seed":false,"campfire_upgraded":0,"win_rate":0.0,"timestamp":1608107758,"path_taken":["M","?","M","?","$","R","E","?","T","M","?","M","?","M","R","BOSS","M","?","$","?","M","R","E","R","T","E","$","?","R","?","R","BOSS","M","?","M","?","?","E"],"items_purchased_type":["Card","Relic","Relic","Potion"],"build_version":"2020-12-13","purchased_purges":2,"victory":false,"max_hp_per_floor":[75,75,75,75,75,75,75,75,75,75,75,75,75,75,75,75,80,80,80,80,80,80,80,80,80,80,80,80,80,80,80,80,80,80,80,80,80,80,80,80,80],"card_choices":[{"not_picked":["Redo","Darkness"],"picked":"Rip and Tear","floor":1},{"not_picked":["Conserve Battery","Reprogram"],"picked":"Ball Lightning","floor":3},{"not_picked":["Barrage","Aggregate"],"picked":"BootSequence","floor":7},{"not_picked":["Barrage","Rebound"],"picked":"Steam+1","floor":10},{"not_picked":["Barrage","Beam Cell"],"picked":"Reinforced Body+1","floor":12},{"not_picked":["Rebound","Barrage"],"picked":"Gash","floor":13},{"not_picked":["Compile Driver","Reprogram+1"],"picked":"Stack+1","floor":14},{"not_picked":["Creative AI","Rainbow+1"],"picked":"All For One","floor":16},{"not_picked":["Turbo+1","Hologram+1"],"picked":"Scrape","floor":17},{"not_picked":["Steam Power+1","Reinforced Body+1"],"picked":"Leap+1","floor":18},{"not_picked":["Sunder","Conserve Battery+1"],"picked":"Rainbow+1","floor":21},{"not_picked":["Turbo+1","Reinforced Body+1"],"picked":"Leap+1","floor":22},{"not_picked":["Rebound","Hello World"],"picked":"Redo+1","floor":24},{"not_picked":["Sweeping Beam","Redo+1"],"picked":"Stack+1","floor":27},{"not_picked":["Hyperbeam","Creative AI"],"picked":"Biased Cognition","floor":33},{"not_picked":["Compile Driver","Rebound"],"picked":"Steam+1","floor":35},{"not_picked":["Rebound+1","Auto Shields+1"],"picked":"Capacitor","floor":37},{"not_picked":["Scrape+1","Gash"],"picked":"Machine Learning","floor":38}],"player_experience":402081,"relics_obtained":[{"floor":7,"key":"Lantern"},{"floor":8,"key":"Toxic Egg 2"},{"floor":9,"key":"Blue Candle"},{"floor":24,"key":"Gambling Chip"},{"floor":26,"key":"Oddly Smooth Stone"},{"floor":27,"key":"Omamori"},{"floor":38,"key":"Incense Burner"},{"floor":39,"key":"Bottled Flame"}],"event_choices":[{"damage_healed":0,"gold_gain":0,"player_choice":"Ignored","damage_taken":0,"max_hp_gain":0,"max_hp_loss":0,"event_name":"Golden Wing","floor":11,"gold_loss":0},{"damage_healed":0,"gold_gain":0,"cards_transformed":["Strike_B"],"player_choice":"Transformed","damage_taken":0,"max_hp_gain":0,"max_hp_loss":0,"event_name":"Transmorgrifier","floor":19,"gold_loss":0,"cards_obtained":["Rainbow"]},{"damage_healed":0,"gold_gain":0,"cards_transformed":["Defend_B","Defend_B"],"player_choice":"Became Test Subject","damage_taken":0,"max_hp_gain":0,"max_hp_loss":0,"event_name":"Drug Dealer","floor":29,"gold_loss":0,"cards_obtained":["Hello World","All For One"]},{"damage_healed":26,"gold_gain":0,"player_choice":"Heal","damage_taken":0,"max_hp_gain":0,"max_hp_loss":0,"event_name":"The Library","floor":31,"gold_loss":0},{"damage_healed":0,"gold_gain":0,"player_choice":"Embrace Madness","damage_taken":10,"max_hp_gain":0,"max_hp_loss":0,"event_name":"Winding Halls","floor":36,"gold_loss":0,"cards_obtained":["Madness","Madness"]},{"damage_healed":0,"gold_gain":0,"player_choice":"Fight","damage_taken":0,"max_hp_gain":0,"max_hp_loss":0,"event_name":"MindBloom","floor":38,"gold_loss":0}],"is_beta":false,"boss_relics":[{"not_picked":["Velvet Choker","Snecko Eye"],"picked":"Tiny House"},{"not_picked":["Pandora\u0027s Box","SlaversCollar"],"picked":"SacredBark"}],"items_purged_floors":[2,20],"is_endless":false,"potions_floor_spawned":[10,12,13,14,16,18,21,27,38],"killed_by":"Reptomancer","ascension_level":7}}