{"host":"cjmwurvrz00ml9vd","time":1608153812,"event":{"mods":["2.2 Compatiblity","AchievementEnabler","Act Like it!","Aspiration","BaseMod","Beaked The Cultist","Better Third Choice","BetterRewards","Colored Powertips","Conspire","Downfall","Energized Spire","Marisa????????","Marked Mod","Minty Spire (QoL Compilation)","Replay The Spire","Say the Spire","StSLib","The Blackbeard","The Cursed","The Disciple","The Hierophant","The Jungle","The Necromancer","The Servant 0.9.4","TheFirefly","vexMod"],"gold_per_floor":[118,118,293,293,169,169,194,194,219,239,30,44,44,57,57,161,161,151,164,183,183,196,229,229,263,309,309,344,355,108,127,127,227,277,289,289,299,299,299,324,115,148,202,202,221,19,19,19,19,19],"floor_reached":51,"playtime":2387,"items_purged":["Doubt","Envenom+1","Shame"],"score":1118,"play_id":"163b2764-2ca5-45fd-8216-7f7e2d206778","local_time":"20201216222332","is_ascension_mode":true,"campfire_choices":[{"floor":6.0,"key":"REST"},{"floor":8.0,"key":"REST"},{"data":"Cloak And Dagger","floor":13.0,"key":"SMITH"},{"data":"Hidden Blade","floor":15.0,"key":"SMITH"},{"floor":32.0,"key":"REST"},{"floor":44.0,"key":"REST"},{"data":"Accuracy","floor":49.0,"key":"SMITH"}],"circlet_count":0,"master_deck":["AscendersBane","Strike_G","Strike_G+1","Strike_G","Strike_G","Strike_G+1","Defend_G","Defend_G+1","Defend_G","Defend_G","Defend_G+1","Survivor","Neutralize","Cloak And Dagger+1","Accuracy+1","Escape Plan+1","Hidden Blade+1","Adrenaline","conspire:DoublingDagger","Calculated Gamble","Escape Plan+1","Infinite Blades","AbeCurse","Finesse","Regret"],"relics":["Ring of the Snake","Chameleon Ring","ClockworkSouvenir","Gremlin Food","Kunai","vexMod:BarristanHead","Potion Belt","BargainBundle","Cursed Key","Lantern","MutagenicStrength","Replay:Rubber Ducky","Anchor","Ornamental Fan","vexMod:InvisibilityCloak","Tiny House","Quantum Egg","Mercury Hourglass","Blue Doll","Lee\u0027s Waffle"],"acts_visited":["Exordium","TheCity","TheBeyond"],"potions_floor_usage":[50,50,50,50],"damage_taken":[{"damage":1.0,"enemies":"2 Louse","floor":1.0,"turns":3.0},{"damage":17.0,"enemies":"Lagavulin","floor":7.0,"turns":10.0},{"damage":0.0,"enemies":"Small Slimes","floor":10.0,"turns":4.0},{"damage":1.0,"enemies":"Jaw Worm","floor":12.0,"turns":6.0},{"damage":7.0,"enemies":"2 Fungi Beasts","floor":14.0,"turns":3.0},{"damage":17.0,"enemies":"Slime Boss","floor":16.0,"turns":10.0},{"damage":8.0,"enemies":"2 Thieves","floor":18.0,"turns":4.0},{"damage":0.0,"enemies":"Spheric Guardian","floor":19.0,"turns":3.0},{"damage":1.0,"enemies":"Snecko","floor":20.0,"turns":5.0},{"damage":13.0,"enemies":"Cultist and Chosen","floor":22.0,"turns":7.0},{"damage":0.0,"enemies":"Gremlin Leader","floor":23.0,"turns":8.0},{"damage":9.0,"enemies":"Book of Stabbing","floor":25.0,"turns":5.0},{"damage":0.0,"enemies":"Slavers","floor":28.0,"turns":4.0},{"damage":0.0,"enemies":"Chosen and Byrds","floor":29.0,"turns":8.0},{"damage":0.0,"enemies":"Centurion and Healer","floor":31.0,"turns":4.0},{"damage":11.0,"enemies":"Pondfish","floor":33.0,"turns":18.0},{"damage":7.0,"enemies":"Orb Walker","floor":35.0,"turns":4.0},{"damage":12.0,"enemies":"3 Shapes","floor":37.0,"turns":4.0},{"damage":11.0,"enemies":"Reptomancer","floor":40.0,"turns":9.0},{"damage":21.0,"enemies":"R_Hoarder","floor":42.0,"turns":7.0},{"damage":25.0,"enemies":"Maw","floor":45.0,"turns":6.0},{"damage":55,"enemies":"Replay:Hell Engine","floor":50,"turns":13}],"seed_played":"-3910385137280736516","potions_obtained":[{"floor":10.0,"key":"Doom Potion"},{"floor":16.0,"key":"SteroidPotion"},{"floor":20.0,"key":"Explosive Potion"},{"floor":22.0,"key":"Slimebound:ThreeZeroPotion"},{"floor":27.0,"key":"GhostInAJar"},{"floor":27.0,"key":"FearPotion"},{"floor":28.0,"key":"Swift Potion"},{"floor":29.0,"key":"Guardian:BlockOnCardUsePotion"},{"floor":34.0,"key":"Fire Potion"},{"floor":42.0,"key":"Milkshake"}],"is_trial":false,"path_per_floor":["M","?","?","?","$","R","E","R","T","M","$","M","R","M","R","B",null,"M","M","M","?","M","E","?","E","T","R","E","M","$","M","R","B",null,"M","?","M","?","$","E","$","E","T","R","M","$","?","T","R","B",null],"character_chosen":"THE_SILENT","items_purchased":["Infinite Blades","Cloak And Dagger","Chameleon Ring","Accuracy","ClockworkSouvenir","Gremlin Food","Kunai","Escape Plan","Fruit Juice","Block Potion","BargainBundle","Venom Potion","ColorlessPotion","vexMod:InvisibilityCloak","Finesse","Lee\u0027s Waffle","Poison Potion"],"campfire_rested":4,"item_purchase_floors":[0,0,0,0,0,0,0,0,0,5,11,11,11,30,41,46,46],"current_hp_per_floor":[27,27,27,27,27,50,33,56,56,56,56,55,55,48,48,31,66,58,58,57,57,44,44,44,35,35,35,35,35,35,35,58,47,75,68,68,56,56,56,45,45,24,24,48,23,89,89,89,89,34],"gold":19,"neow_bonus":"","is_daily":false,"chose_seed":false,"campfire_upgraded":3,"win_rate":0.0,"timestamp":1608153812,"path_taken":["M","?","?","?","$","R","E","R","T","M","$","M","R","M","R","BOSS","M","M","M","?","M","E","?","E","T","R","E","M","$","M","R","BOSS","M","?","M","?","$","E","$","E","T","R","M","$","?","?","R","BOSS"],"items_purchased_type":["Card","Card","Relic","Card","Relic","Relic","Relic","Card","Potion","Potion","Relic","Potion","Potion","Relic","Card","Relic","Potion"],"build_version":"2020-12-13","purchased_purges":3,"victory":true,"max_hp_per_floor":[77,77,77,77,77,77,77,77,77,77,77,77,77,77,77,77,77,77,77,77,77,77,77,77,77,77,77,77,77,77,77,77,77,82,82,82,82,82,82,82,82,82,82,82,82,89,89,89,89,89],"card_choices":[{"not_picked":["Setup","Cloak And Dagger","Backflip"],"picked":"SKIP","floor":1.0},{"not_picked":["Bane","Quick Slash","Bouncing Flask"],"picked":"SKIP","floor":7.0},{"not_picked":["Cloak And Dagger","Hidden Blade","Blade Dance"],"picked":"SKIP","floor":10.0},{"not_picked":["Dagger Throw","Dodge and Roll","Caltrops"],"picked":"SKIP","floor":12.0},{"not_picked":["Backstab","Deadly Poison"],"picked":"Hidden Blade","floor":14.0},{"not_picked":["aspiration:Lunge","Glass Knife"],"picked":"Adrenaline","floor":16.0},{"not_picked":["PiercingWail","Quick Slash","Poisoned Stab+1"],"picked":"SKIP","floor":18.0},{"not_picked":["ReplayTheSpireMod:Scrap Shanks","Sucker Punch+1","Backflip"],"picked":"SKIP","floor":19.0},{"not_picked":["Deadly Poison","Poisoned Stab"],"picked":"conspire:DoublingDagger","floor":20.0},{"not_picked":["ReplayTheSpireMod:Tripwire","Backflip","PiercingWail"],"picked":"SKIP","floor":22.0},{"not_picked":["Quick Slash","ReplayTheSpireMod:Tripwire"],"picked":"Calculated Gamble","floor":23.0},{"not_picked":["Deadly Poison+1","Cloak And Dagger","Blade Dance"],"picked":"SKIP","floor":25.0},{"not_picked":["Dodge and Roll","Noxious Fumes+1"],"picked":"Escape Plan+1","floor":28.0},{"not_picked":["Poisoned Stab","Flying Knee","PiercingWail"],"picked":"SKIP","floor":29.0},{"not_picked":["Caltrops","ReplayTheSpireMod:From All Sides"],"picked":"Infinite Blades","floor":31.0},{"not_picked":["Flechettes","Poisoned Stab","Backflip"],"picked":"SKIP","floor":35.0},{"not_picked":["Crippling Poison","Endless Agony","Quick Slash"],"picked":"SKIP","floor":37.0},{"not_picked":["Choke","Dodge and Roll","All Out Attack"],"picked":"SKIP","floor":40.0},{"not_picked":["Backflip","Dash","Acrobatics+1"],"picked":"SKIP","floor":42.0},{"not_picked":["Terror","Prepared","Cloak And Dagger"],"picked":"SKIP","floor":45.0}],"player_experience":614620,"relics_obtained":[{"floor":7.0,"key":"vexMod:BarristanHead"},{"floor":9.0,"key":"Potion Belt"},{"floor":23.0,"key":"Lantern"},{"floor":25.0,"key":"Replay:Rubber Ducky"},{"floor":26.0,"key":"Anchor"},{"floor":28.0,"key":"Ornamental Fan"},{"floor":40.0,"key":"Quantum Egg"},{"floor":42.0,"key":"Mercury Hourglass"},{"floor":43.0,"key":"Blue Doll"}],"event_choices":[{"damage_healed":0.0,"max_hp_gain":0.0,"max_hp_loss":0.0,"gold_gain":175.0,"event_name":"betterThird:BetterSerpent","player_choice":"AGREE","floor":3.0,"gold_loss":0.0,"damage_taken":118.0},{"damage_healed":27.0,"max_hp_gain":0.0,"max_hp_loss":77.0,"gold_gain":0.0,"event_name":"betterThird:BetterShining","player_choice":"Leave","floor":4.0,"gold_loss":0.0,"damage_taken":0.0},{"damage_healed":0.0,"max_hp_gain":0.0,"max_hp_loss":0.0,"gold_gain":0.0,"event_name":"The Mausoleum","player_choice":"Ignored","floor":21.0,"gold_loss":0.0,"damage_taken":0.0},{"damage_healed":0.0,"max_hp_gain":0.0,"max_hp_loss":0.0,"gold_gain":0.0,"event_name":"Drug Dealer","player_choice":"Inject Mutagens","floor":24.0,"gold_loss":0.0,"damage_taken":0.0,"relics_obtained":["MutagenicStrength"]},{"damage_healed":0.0,"max_hp_gain":0.0,"max_hp_loss":0.0,"gold_gain":0.0,"event_name":"SensoryStone","player_choice":"Memory 1","floor":36.0,"gold_loss":0.0,"damage_taken":0.0},{"damage_healed":0.0,"max_hp_gain":0.0,"max_hp_loss":0.0,"gold_gain":0.0,"event_name":"Tomb of Lord Red Mask","player_choice":"Ignored","floor":38.0,"gold_loss":0.0,"damage_taken":0.0},{"damage_healed":0.0,"max_hp_gain":0.0,"max_hp_loss":0.0,"gold_gain":0.0,"event_name":"conspire:Investor","player_choice":"Leave","floor":47.0,"gold_loss":0.0,"damage_taken":0.0}],"is_beta":false,"boss_relics":[{"not_picked":["ReplayTheSpireMod:DimensionalGlitch","aspiration:DefectSkillbook"],"picked":"Cursed Key"},{"not_picked":["aspiration:RitualDagger","conspire:RoyalGoblet"],"picked":"Tiny House"}],"items_purged_floors":[5,11,41],"is_endless":false,"potions_floor_spawned":[10,16,20,22,28,29,42],"ascension_level":12}}