{"host":"nez9oevwwftwepnc","time":1608083980,"event":{"mods":["AchievementEnabler","Astrologer","BaseMod","Beaked The Cultist","Better Third Choice","Colored Map","Colored Powertips","Conspire","Downfall","Energized Spire","Hermit","Hubris","Infinite Spire","Mathematician","Minty Spire (QoL Compilation)","Permanent Neow","Quick Restart","Random Character Mod","Replay The Spire","Shop Mod","Spikes Relics","StSLib","The Bug Knight","The Construct","The Disciple","The Hayseed","The Hierophant","The Mystic","The Necromancer","The Runesmith","The Senshi","The Wild Card","TheArtist","slay the spire mod where everything is the same but ironclad has a cowboy hat","thorton","vexMod"],"gold_per_floor":[212,227,227,238,254,254,285,301,301,321,341,341,357,114,114,213,213,232,232,232,249,249,249,249,249,249,265,21,38,38,54,54,54,54],"floor_reached":33,"playtime":2249,"items_purged":["Strike_P","Defend_P"],"score":301,"play_id":"1b6f12f0-de8a-4774-a77c-d9d2a06a9e98","local_time":"20201215205940","is_ascension_mode":false,"campfire_choices":[{"data":"Eruption","floor":6,"key":"SMITH"},{"floor":15,"key":"REST"},{"data":"JustLucky","floor":23,"key":"SMITH"},{"data":"Judgement","floor":25,"key":"SMITH"},{"data":"FlurryOfBlows","floor":32,"key":"SMITH"}],"circlet_count":0,"master_deck":["Defend_P","Defend_P","Defend_P","Eruption+1","Vigilance","Halt","ClearTheMind","BattleHymn","Crescendo","SashWhip","FlurryOfBlows+1","JustLucky+1","FlurryOfBlows","Judgement+1","CurseOfTheBell","Tantrum","CarveReality+1","Slimebound:Tackle+1","Slimebound:Tackle+1","Slimebound:Tackle+1"],"relics":["PureWater","HornCleat","Replay:Rubber Ducky","Rawhide","hubris:Towel","BargainBundle","Calling Bell","ReplayTheSpireMod:Lightbulb","conspire:BottledYoYo","hubris:Zylophone","hubris:BottledHeart","betterThird:NestCultRelic","Snack Pack","Chemical X"],"acts_visited":["Exordium","TheCity"],"potions_floor_usage":[16,18,21],"damage_taken":[{"damage":1.0,"enemies":"2 Louse","floor":1.0,"turns":3.0},{"damage":0.0,"enemies":"Cultist","floor":2.0,"turns":3.0},{"damage":0.0,"enemies":"Jaw Worm","floor":4.0,"turns":3.0},{"damage":14.0,"enemies":"Large Slime","floor":5.0,"turns":10.0},{"damage":27,"enemies":"Gremlin Nob","floor":7,"turns":4},{"damage":16,"enemies":"3 Louse","floor":8,"turns":2},{"damage":0,"enemies":"Blue Slaver","floor":10,"turns":3},{"damage":1,"enemies":"Large Slime","floor":11,"turns":3},{"damage":0,"enemies":"2 Fungi Beasts","floor":13,"turns":3},{"damage":0,"enemies":"Hexaghost","floor":16,"turns":8},{"damage":22,"enemies":"conspire:FuzzyDice","floor":18,"turns":6},{"damage":0,"enemies":"Chosen","floor":21,"turns":4},{"damage":0,"enemies":"conspire:HollyBat","floor":27,"turns":7},{"damage":0,"enemies":"Centurion and Healer","floor":29,"turns":3},{"damage":0,"enemies":"3 Cultists","floor":31,"turns":4},{"damage":18,"enemies":"Collector","floor":33,"turns":3}],"seed_played":"-8691766078660058047","potions_obtained":[{"floor":2.0,"key":"BottledMiracle"},{"floor":8,"key":"AttackPotion"},{"floor":11,"key":"AttackPotion"},{"floor":16,"key":"Weak Potion"},{"floor":21,"key":"SteroidPotion"},{"floor":31,"key":"sneckomod:MuddlingPotion"}],"is_trial":false,"path_per_floor":["M","M","?","M","M","R","E","M","T","M","M","?","M","$","R","B",null,"M","AVR","?","M","?","R","?","R","T","M","$","M","$","M","R","B"],"character_chosen":"WATCHER","items_purchased":["BargainBundle","infinitespire:BlackPotion","PowerPotion","Elixir","Chemical X"],"campfire_rested":1,"item_purchase_floors":[14,14,14,14,28],"current_hp_per_floor":[71,71,71,71,57,57,30,14,14,14,13,13,13,13,34,34,72,50,50,1,1,1,1,1,1,1,1,1,1,1,1,1,0,0],"gold":54,"neow_bonus":"HUNDRED_GOLD","is_daily":false,"chose_seed":false,"campfire_upgraded":4,"win_rate":0.0,"timestamp":1608083980,"path_taken":["M","M","?","M","M","R","E","M","T","?","M","?","M","$","R","BOSS","M","AVR","?","M","?","R","?","R","T","M","?","M","$","M","R","BOSS"],"items_purchased_type":["Relic","Potion","Potion","Potion","Relic"],"build_version":"2020-12-13","purchased_purges":2,"victory":false,"max_hp_per_floor":[72,72,72,72,72,72,72,72,72,72,72,72,72,72,72,72,72,72,72,1,1,1,1,1,1,1,1,1,1,1,1,1,1,1],"card_choices":[{"not_picked":["WheelKick","Wallop"],"picked":"Halt","floor":1.0},{"not_picked":["Evaluate","Replay:AtTheReady"],"picked":"JustLucky","floor":2.0},{"not_picked":["WindmillStrike","BowlingBash"],"picked":"ClearTheMind","floor":4.0},{"not_picked":["Replay:DivineShield","EmptyFist"],"picked":"BattleHymn","floor":5.0},{"not_picked":["CrushJoints","Protect"],"picked":"Crescendo","floor":7},{"not_picked":["PathToVictory","WindmillStrike"],"picked":"SashWhip","floor":8},{"not_picked":["Collect","CutThroughFate"],"picked":"FlurryOfBlows","floor":10},{"not_picked":["Protect","Weave"],"picked":"JustLucky","floor":11},{"not_picked":["SandsOfTime","Study"],"picked":"FlurryOfBlows","floor":13},{"not_picked":["Vault","Replay:AllIn"],"picked":"Judgement","floor":16},{"not_picked":["Crescendo","CrushJoints"],"picked":"Tantrum","floor":18},{"not_picked":["FlyingSleeves","Protect"],"picked":"CarveReality+1","floor":21},{"not_picked":["Nirvana","CrushJoints","Judgement"],"picked":"SKIP","floor":27},{"not_picked":["DeceiveReality+1","Protect","Nirvana"],"picked":"SKIP","floor":29},{"not_picked":["CrushJoints","CarveReality","JustLucky"],"picked":"SKIP","floor":31}],"player_experience":497467,"relics_obtained":[{"floor":7,"key":"Replay:Rubber Ducky"},{"floor":9,"key":"Rawhide"},{"floor":17,"key":"ReplayTheSpireMod:Lightbulb"},{"floor":17,"key":"conspire:BottledYoYo"},{"floor":17,"key":"hubris:Zylophone"},{"floor":26,"key":"Snack Pack"}],"event_choices":[{"cards_removed":["JustLucky"],"damage_healed":0.0,"max_hp_gain":0.0,"max_hp_loss":0.0,"gold_gain":0.0,"event_name":"WeMeetAgain","player_choice":"Gave Card","floor":3.0,"gold_loss":0.0,"damage_taken":0.0,"relics_obtained":["HornCleat"]},{"damage_healed":0,"gold_gain":0,"player_choice":"Madness","damage_taken":0,"relics_obtained":["betterThird:NestCultRelic"],"max_hp_gain":0,"max_hp_loss":0,"event_name":"betterThird:BetterNest","floor":24,"gold_loss":0}],"is_beta":false,"boss_relics":[{"not_picked":["vexMod:EndlessSickness","Replay:Wanted Poster"],"picked":"Calling Bell"}],"items_purged_floors":[14,28],"is_endless":false,"potions_floor_spawned":[2,8,11,16,21,31],"killed_by":"Collector","ascension_level":0}}