{"host":"gu5bom8l9zwjg25u","time":1608143749,"event":{"mods":["AchievementEnabler","BaseMod","Better Altar","Better Match","Better Note","Better Sensory Stone","Better Skull","Better Third Choice","Better Vampires","Challenge The Spire","Colored Map","Colored Powertips","Conspire","Curses Come First","Downfall","Emptier Cage","Energized Spire","GifTheSpireLib","GungeonMod","Hubris","Infinite Spire","Mad Scientist","Marked Mod","Minty Spire (QoL Compilation)","Rare Cards Sparkle","Relic Sorter","Replay The Spire","Say the Spire","Shop Mod","Spicy Shops","StSLib","The Blackbeard","The Blue Laboratory","The Bug Knight","The Cursed","The Death Knight","The Hierophant","The Runesmith","The Servant 0.9.4","The Valiant","Uncapped"],"gold_per_floor":[99,144,189,234,234,234],"floor_reached":5,"playtime":395,"items_purged":[],"score":31,"play_id":"8dc5320b-a661-48d6-a74b-b6e0c512a2fc","local_time":"20201216203549","daily_mods":["Cursed Run","Diverse","Midas"],"is_ascension_mode":false,"campfire_choices":[{"floor":1,"key":"DIG"}],"circlet_count":0,"master_deck":["Strike_P","Strike_P","Strike_P","Strike_P","Defend_P","Defend_P","Defend_P","Defend_P","Eruption","Vigilance","MarkedMod:PinPointDefense","hierophant:DisplayOfPower","TheCursedMod:CursedMace"],"relics":["Cursed Key","Darkstone Periapt","Du-Vu Doll","The Courier"],"acts_visited":["Exordium"],"potions_floor_usage":[],"damage_taken":[{"damage":2,"enemies":"Jaw Worm","floor":2,"turns":5},{"damage":9,"enemies":"infinitespire:Voidling","floor":3,"turns":3},{"damage":4,"enemies":"2 Louse","floor":4,"turns":4},{"damage":21,"enemies":"3 Sentries","floor":5,"turns":6}],"seed_played":"4580661739168851385","potions_obtained":[{"floor":3,"key":"blueLaboratory:Moonshine"}],"is_trial":false,"path_per_floor":["R_BF","M","M","M","E"],"character_chosen":"WATCHER","items_purchased":[],"campfire_rested":0,"item_purchase_floors":[],"current_hp_per_floor":[72,70,65,61,40,40],"gold":234,"neow_bonus":"","is_daily":true,"chose_seed":false,"campfire_upgraded":0,"win_rate":0.0,"timestamp":1608143749,"path_taken":["R_BF","M","M","M","E"],"items_purchased_type":[],"build_version":"2020-12-13","purchased_purges":0,"victory":false,"max_hp_per_floor":[72,72,72,72,72,72],"card_choices":[{"not_picked":["HollowMod:AbyssShriek","champ:TornadoPunch"],"picked":"MarkedMod:PinPointDefense","floor":2},{"not_picked":["Blur","Potential"],"picked":"hierophant:DisplayOfPower","floor":3},{"not_picked":["DoubleEdge","HollowMod:LifebloodCocoon"],"picked":"TheCursedMod:CursedMace","floor":4}],"player_experience":314043,"relics_obtained":[{"floor":1,"key":"The Courier"}],"event_choices":[],"is_beta":false,"boss_relics":[],"items_purged_floors":[],"is_endless":false,"potions_floor_spawned":[3],"killed_by":"3 Sentries","ascension_level":0}}