{"host":"j0a1jfichhxu8b8p","time":1608111162,"event":{"mods":["BaseMod","Colored Map","DeckTracker","Keyboard Shortcuts","Minty Spire (QoL Compilation)","Permanent Neow","StSLib"],"gold_per_floor":[111,111,125,139,152,152,152,152],"floor_reached":7,"playtime":250,"items_purged":[],"score":84,"play_id":"ea60645f-4b0c-4db6-95e2-5b6c2861aa53","local_time":"20201216183242","is_ascension_mode":true,"campfire_choices":[{"data":"Uppercut","floor":6,"key":"SMITH"}],"circlet_count":0,"master_deck":["AscendersBane","Strike_R","Strike_R","Strike_R","Strike_R","Defend_R","Defend_R","Defend_R","Defend_R","Bash","Combust","Shrug It Off","Pommel Strike","Uppercut+1","Armaments"],"relics":["Burning Blood"],"acts_visited":["Exordium"],"potions_floor_usage":[],"damage_taken":[{"damage":10,"enemies":"2 Louse","floor":1,"turns":3},{"damage":0,"enemies":"Cultist","floor":3,"turns":3},{"damage":8,"enemies":"Jaw Worm","floor":4,"turns":4},{"damage":29,"enemies":"Large Slime","floor":5,"turns":8},{"damage":1,"enemies":"3 Sentries","floor":7,"turns":1}],"seed_played":"3287275517974371020","potions_obtained":[{"floor":3,"key":"CultistPotion"},{"floor":4,"key":"BlessingOfTheForge"}],"is_trial":false,"path_per_floor":["M","?","M","M","M","R","E"],"character_chosen":"IRONCLAD","items_purchased":[],"campfire_rested":0,"item_purchase_floors":[],"current_hp_per_floor":[64,64,70,68,45,45,44,44],"gold":152,"neow_bonus":"THREE_CARDS","is_daily":false,"chose_seed":false,"campfire_upgraded":1,"win_rate":0.0,"timestamp":1608111162,"path_taken":["M","?","M","?","M","R","E"],"items_purchased_type":[],"build_version":"2020-12-13","purchased_purges":0,"victory":false,"max_hp_per_floor":[75,75,75,75,75,75,75,75],"card_choices":[{"not_picked":["Clash","Havoc"],"picked":"Combust","floor":0},{"not_picked":["Warcry","Reckless Charge"],"picked":"Shrug It Off","floor":1},{"not_picked":["Havoc","Anger","Iron Wave"],"picked":"SKIP","floor":3},{"not_picked":["Pommel Strike","Iron Wave"],"picked":"Uppercut","floor":4},{"not_picked":["Perfected Strike","Clothesline"],"picked":"Armaments","floor":5}],"player_experience":318508,"relics_obtained":[],"event_choices":[{"damage_healed":0,"gold_gain":0,"cards_transformed":["Strike_R"],"player_choice":"Transformed","damage_taken":0,"max_hp_gain":0,"max_hp_loss":0,"event_name":"Transmorgrifier","floor":2,"gold_loss":0,"cards_obtained":["Pommel Strike"]}],"is_beta":false,"boss_relics":[],"items_purged_floors":[],"is_endless":false,"potions_floor_spawned":[3,4],"killed_by":"3 Sentries","ascension_level":19}}