{"host":"b94931fzay7ri6da","time":1608100419,"event":{"mods":["AchievementEnabler","BaseMod","Colored Map","Colored Powertips","Downfall","Minty Spire (QoL Compilation)","Quick Restart","StSLib","SuperFastMode"],"gold_per_floor":[116,136,147,222,397,417,417,417],"floor_reached":7,"playtime":320,"items_purged":[],"score":43,"play_id":"1a9b7507-40d2-46e6-ad76-1a51154a71d1","local_time":"20201216063339","is_ascension_mode":false,"campfire_choices":[],"circlet_count":0,"master_deck":["Strike_P","Strike_P","Strike_P","Strike_P","Defend_P","Defend_P","Defend_P","Defend_P","Eruption","Vigilance","PathToVictory","Study","Evaluate","Doubt","JustLucky"],"relics":["PureWater"],"acts_visited":["Exordium"],"potions_floor_usage":[7],"damage_taken":[{"damage":1,"enemies":"Jaw Worm","floor":1,"turns":3},{"damage":0,"enemies":"Small Slimes","floor":2,"turns":2},{"damage":13,"enemies":"Cultist","floor":3,"turns":4},{"damage":2,"enemies":"Blue Slaver","floor":6,"turns":6},{"damage":55,"enemies":"3 Sentries","floor":7,"turns":10}],"seed_played":"1438409858627833833","potions_obtained":[{"floor":2,"key":"EssenceOfSteel"},{"floor":6,"key":"Guardian:BlockOnCardUsePotion"}],"is_trial":false,"path_per_floor":["M","M","M","?","?","M","E"],"character_chosen":"WATCHER","items_purchased":[],"campfire_rested":0,"item_purchase_floors":[],"current_hp_per_floor":[78,78,65,54,54,52,0,0],"gold":417,"neow_bonus":"TEN_PERCENT_HP_BONUS","is_daily":false,"chose_seed":false,"campfire_upgraded":0,"win_rate":0.0,"timestamp":1608100419,"path_taken":["M","M","M","?","?","M","E"],"items_purchased_type":[],"build_version":"2020-12-13","purchased_purges":0,"victory":false,"max_hp_per_floor":[79,79,79,79,79,79,79,79],"card_choices":[{"not_picked":["Consecrate","JustLucky"],"picked":"PathToVictory","floor":1},{"not_picked":["Crescendo","Wallop"],"picked":"Study","floor":2},{"not_picked":["Weave","WreathOfFlame"],"picked":"Evaluate","floor":3},{"not_picked":["BattleHymn","ReachHeaven"],"picked":"JustLucky","floor":6}],"player_experience":292927,"relics_obtained":[],"event_choices":[{"damage_healed":0,"gold_gain":75,"player_choice":"Gather Gold","damage_taken":11,"max_hp_gain":0,"max_hp_loss":0,"event_name":"World of Goop","floor":4,"gold_loss":0},{"damage_healed":0,"gold_gain":175,"player_choice":"AGREE","damage_taken":0,"max_hp_gain":0,"max_hp_loss":0,"event_name":"Liars Game","floor":5,"gold_loss":0,"cards_obtained":["Doubt"]}],"is_beta":false,"boss_relics":[],"items_purged_floors":[],"is_endless":false,"potions_floor_spawned":[2,6],"killed_by":"3 Sentries","ascension_level":0}}