{"host":"0cm5wy4nhuju7tij","time":1608087849,"event":{"mods":["2.2 Compatiblity","AchievementEnabler","BaseMod","Better Third Choice","BetterRewards","CCEM","Colored Powertips","Curses Come First","Custom Start","Displayed Cursed Tome","Downfall","Energized Spire","Filter the Spire","Fireblade Mod","Highlight Path","Minty Spire (QoL Compilation)","Permanent Neow","Railgun Mod","Robot Space Explorer","Shop Mod","Spicy Shops","StSLib","The Elementalist","The Mystic","The Servant 0.9.4"],"gold_per_floor":[116,116,135,152,152,152,182,182,252,276,286,297,262,277,277,374,374,387,387,402,54,66,66,80,412,412,436,448,448],"floor_reached":28,"playtime":2117,"items_purged":["Strike_S","Defend_S"],"score":254,"play_id":"60f69f00-a2a0-45e0-84d9-dd723d93ce9a","local_time":"20201215220409","is_ascension_mode":true,"campfire_choices":[{"data":"MurderousAura","floor":6,"key":"SMITH"},{"floor":8,"key":"REST"},{"floor":15,"key":"REST"},{"data":"SoulSculpture","floor":23,"key":"SMITH"}],"circlet_count":0,"master_deck":["Strike_S","Strike_S+1","Strike_S","Defend_S","Defend_S","Defend_S","KidneyShot","Exchange","MurderousAura+1","Ricochet+1","Luminosity","Rearm","Defy","Defy","DoubleEdge","Desolation","SoulSculpture+1","GearUp","FastForward","Ricochet","Potential","Deadline+1","Shame","Rewind+1"],"relics":["Uniform","Broom","InkBottle","Odd Mushroom","energizedSpire:CursedPentagram","CCEMRelics:JestersCrown","Old Coin","MawBank"],"acts_visited":["Exordium","TheCity"],"potions_floor_usage":[12,16],"damage_taken":[{"damage":6,"enemies":"Jaw Worm","floor":1,"turns":4},{"damage":2,"enemies":"Cultist","floor":3,"turns":5},{"damage":0,"enemies":"Small Slimes","floor":4,"turns":4},{"damage":21,"enemies":"3 Sentries","floor":7,"turns":6},{"damage":28,"enemies":"The Mushroom Lair","floor":10,"turns":3},{"damage":5,"enemies":"3 Louse","floor":11,"turns":3},{"damage":0,"enemies":"Looter","floor":12,"turns":3},{"damage":4,"enemies":"Large Slime","floor":14,"turns":5},{"damage":12,"enemies":"Hexaghost","floor":16,"turns":8},{"damage":6,"enemies":"Chosen","floor":18,"turns":3},{"damage":11,"enemies":"3 Byrds","floor":20,"turns":6},{"damage":4,"enemies":"Sentry and Sphere","floor":22,"turns":6},{"damage":7,"enemies":"Snake Plant","floor":24,"turns":4},{"damage":14,"enemies":"Book of Stabbing","floor":25,"turns":5},{"damage":8,"enemies":"Centurion and Healer","floor":27,"turns":4},{"damage":26,"enemies":"Cultist and Chosen","floor":28,"turns":4}],"seed_played":"110919408852065744","potions_obtained":[{"floor":1,"key":"Block Potion"},{"floor":2,"key":"Dexterity Potion"},{"floor":2,"key":"Swift Potion"},{"floor":14,"key":"LiquidBronze"},{"floor":16,"key":"AttackPotion"}],"is_trial":false,"path_per_floor":["M","?","M","M","?","R","E","R","T","?","M","M","?","M","R","B",null,"M","?","M","$","M","R","M","E","T","M","M"],"character_chosen":"THE_SERVANT","items_purchased":["CCEMRelics:JestersCrown","Ricochet"],"campfire_rested":2,"item_purchase_floors":[21,21],"current_hp_per_floor":[59,59,57,57,44,44,23,42,42,14,9,9,25,21,40,28,65,59,65,54,54,50,50,43,29,29,21,0,0],"gold":448,"neow_bonus":"ONE_RANDOM_RARE_CARD","is_daily":false,"chose_seed":false,"campfire_upgraded":2,"win_rate":0.0,"timestamp":1608087849,"path_taken":["M","?","M","?","?","R","E","R","T","?","M","M","?","M","R","BOSS","M","?","M","$","M","R","M","E","T","M","?"],"items_purchased_type":["Relic","Card"],"build_version":"2020-12-13","purchased_purges":2,"victory":false,"max_hp_per_floor":[65,65,65,65,65,65,65,65,65,65,65,65,65,65,65,65,65,65,65,65,65,65,65,65,65,65,65,65,65],"card_choices":[{"not_picked":["Advance","ShatteredReality"],"picked":"Ricochet","floor":1},{"not_picked":["Spin","Replace"],"picked":"Luminosity","floor":3},{"not_picked":["BottledTime","Manipulate"],"picked":"Rearm","floor":4},{"not_picked":["KillingDoll","Spin"],"picked":"RealityMarble","floor":7},{"not_picked":["Ricochet","Sabotage"],"picked":"Defy","floor":10},{"not_picked":["Revamp","Unruled"],"picked":"Defy","floor":11},{"not_picked":["Collapse","Alleviate"],"picked":"DoubleEdge","floor":12},{"not_picked":["Snipe","Defy"],"picked":"Desolation","floor":14},{"not_picked":["KillingDoll","FloweringNight"],"picked":"SoulSculpture","floor":16},{"not_picked":["BottledTime+1","Rearm"],"picked":"GearUp","floor":18},{"not_picked":["Advance","BottledTime+1"],"picked":"FastForward","floor":20},{"not_picked":["TimeWarp+1","Unruled","Alleviate"],"picked":"SKIP","floor":22},{"not_picked":["Manipulate","ShatteredReality"],"picked":"Potential","floor":24},{"not_picked":["Rewind","LightFlow"],"picked":"Deadline+1","floor":25},{"not_picked":["DoubleEdge","Gouge"],"picked":"Rewind+1","floor":27}],"player_experience":217879,"relics_obtained":[{"floor":7,"key":"Broom"},{"floor":9,"key":"InkBottle"},{"floor":10,"key":"Odd Mushroom"},{"floor":25,"key":"Old Coin"},{"floor":26,"key":"MawBank"}],"event_choices":[{"damage_healed":0,"gold_gain":0,"player_choice":"Got Potions","damage_taken":0,"max_hp_gain":0,"max_hp_loss":0,"event_name":"Lab","floor":2,"gold_loss":0},{"damage_healed":57,"gold_gain":0,"player_choice":"Upgrade","damage_taken":13,"max_hp_gain":0,"max_hp_loss":65,"event_name":"betterThird:BetterShining","floor":5,"gold_loss":0,"cards_upgraded":["Ricochet","Strike_S"]},{"damage_healed":0,"gold_gain":0,"player_choice":"Fought Mushrooms","damage_taken":0,"max_hp_gain":0,"max_hp_loss":0,"event_name":"Mushrooms","floor":10,"gold_loss":0},{"damage_healed":16,"gold_gain":0,"player_choice":"Healed","damage_taken":0,"max_hp_gain":0,"max_hp_loss":0,"event_name":"The Cleric","floor":13,"gold_loss":35},{"cards_removed":["RealityMarble"],"damage_healed":6,"gold_gain":0,"player_choice":"Offered Uncommon","damage_taken":0,"max_hp_gain":0,"max_hp_loss":0,"event_name":"Bonfire Elementals","floor":19,"gold_loss":0}],"is_beta":false,"boss_relics":[{"not_picked":["Busted Crown","energizedSpire:NeverEndingSparkler"],"picked":"energizedSpire:CursedPentagram"}],"items_purged_floors":[21,21],"is_endless":false,"potions_floor_spawned":[1,4,7,14,16,18,24,27],"killed_by":"Cultist and Chosen","ascension_level":1}}