{"host":"Lincoln","time":1608156383,"event":{"mods":["AchievementEnabler","BaseMod","Minty Spire (QoL Compilation)","StSLib"],"gold_per_floor":[212,26,38,50,70,70,105,105,105,105,380,396,410,437,437,509,509,524,542,542,542,555,555,555],"floor_reached":23,"playtime":863,"items_purged":[],"score":365,"play_id":"ffe17a17-909b-4d92-8657-32d5512225c3","local_time":"20201216170623","is_ascension_mode":true,"campfire_choices":[{"data":"EmptyFist","floor":6,"key":"SMITH"},{"data":"Eruption","floor":8,"key":"SMITH"},{"floor":10,"key":"REST"},{"floor":15,"key":"REST"}],"circlet_count":0,"master_deck":["AscendersBane","Strike_P+1","Strike_P+1","Strike_P+1","Defend_P+1","Defend_P+1","Defend_P+1","Defend_P+1","Eruption+1","Vigilance","FollowUp","EmptyBody","EmptyFist+1","TalkToTheHand","FollowUp+1"],"relics":["PureWater","Strange Spoon","Toxic Egg 2","Mercury Hourglass","Bottled Flame","Empty Cage"],"acts_visited":["Exordium","TheCity"],"potions_floor_usage":[7,16,16,22],"damage_taken":[{"damage":0,"enemies":"2 Louse","floor":1,"turns":2},{"damage":6,"enemies":"Cultist","floor":3,"turns":5},{"damage":0,"enemies":"Small Slimes","floor":4,"turns":4},{"damage":16,"enemies":"3 Louse","floor":5,"turns":2},{"damage":11,"enemies":"3 Sentries","floor":7,"turns":10},{"damage":10,"enemies":"Red Slaver","floor":12,"turns":4},{"damage":2,"enemies":"Lots of Slimes","floor":13,"turns":2},{"damage":31,"enemies":"Lagavulin","floor":14,"turns":6},{"damage":16,"enemies":"Hexaghost","floor":16,"turns":9},{"damage":7,"enemies":"Shell Parasite","floor":18,"turns":6},{"damage":22,"enemies":"3 Byrds","floor":19,"turns":5},{"damage":17,"enemies":"3 Cultists","floor":22,"turns":5},{"damage":54,"enemies":"Shelled Parasite and Fungi","floor":23,"turns":2}],"seed_played":"-7947394240935418275","potions_obtained":[{"floor":4,"key":"Dexterity Potion"},{"floor":12,"key":"Energy Potion"},{"floor":13,"key":"EssenceOfSteel"},{"floor":14,"key":"Swift Potion"},{"floor":16,"key":"Explosive Potion"},{"floor":19,"key":"GamblersBrew"}],"is_trial":false,"path_per_floor":["M","$","M","M","M","R","E","R","T","R","?","M","M","E","R","B",null,"M","M","?","?","M","M"],"character_chosen":"WATCHER","items_purchased":["Strange Spoon","EmptyBody"],"campfire_rested":2,"item_purchase_floors":[2,2],"current_hp_per_floor":[61,61,55,55,39,39,28,28,28,48,48,38,36,5,25,9,53,46,24,24,24,7,0,0],"gold":555,"neow_bonus":"HUNDRED_GOLD","is_daily":false,"chose_seed":false,"campfire_upgraded":2,"win_rate":0.0,"timestamp":1608156383,"path_taken":["M","$","M","M","M","R","E","R","T","R","?","M","M","E","R","BOSS","M","?","?","?","?","?"],"items_purchased_type":["Relic","Card"],"build_version":"2020-12-07","purchased_purges":0,"victory":false,"max_hp_per_floor":[68,68,68,68,68,68,68,68,68,68,68,68,68,68,68,68,68,68,68,68,68,68,68,68],"card_choices":[{"not_picked":["Prostrate","Fasting2"],"picked":"FollowUp","floor":1},{"not_picked":["Indignation","Study"],"picked":"EmptyFist","floor":3},{"not_picked":["BowlingBash","Swivel","Evaluate"],"picked":"SKIP","floor":4},{"not_picked":["Evaluate","BowlingBash","ThirdEye"],"picked":"SKIP","floor":5},{"not_picked":["JustLucky","PathToVictory+1","FlurryOfBlows"],"picked":"SKIP","floor":7},{"not_picked":["Evaluate+1","Vault+1","Prostrate+1"],"picked":"SKIP","floor":12},{"not_picked":["CutThroughFate","ThirdEye+1"],"picked":"TalkToTheHand","floor":13},{"not_picked":["Indignation+1","EmptyFist","CrushJoints"],"picked":"SKIP","floor":14},{"not_picked":["CrushJoints","Halt+1","Wireheading"],"picked":"SKIP","floor":18},{"not_picked":["WaveOfTheHand+1","WheelKick"],"picked":"FollowUp+1","floor":19},{"not_picked":["LikeWater","PathToVictory+1","Vengeance+1"],"picked":"SKIP","floor":22}],"player_experience":2193892,"relics_obtained":[{"floor":7,"key":"Toxic Egg 2"},{"floor":9,"key":"Mercury Hourglass"},{"floor":14,"key":"Bottled Flame"}],"event_choices":[{"damage_healed":0,"gold_gain":275,"player_choice":"Desecrate","damage_taken":0,"max_hp_gain":0,"max_hp_loss":0,"event_name":"Golden Shrine","floor":11,"gold_loss":0,"cards_obtained":["Regret"]},{"damage_healed":0,"gold_gain":0,"player_choice":"Simplicity","damage_taken":0,"max_hp_gain":0,"max_hp_loss":0,"event_name":"Back to Basics","floor":20,"gold_loss":0,"cards_upgraded":["Strike_P","Strike_P","Strike_P","Defend_P","Defend_P","Defend_P","Defend_P"]},{"damage_healed":0,"gold_gain":0,"player_choice":"Leave","damage_taken":0,"max_hp_gain":0,"max_hp_loss":0,"event_name":"FaceTrader","floor":21,"gold_loss":0}],"is_beta":true,"boss_relics":[{"not_picked":["Ectoplasm","Snecko Eye"],"picked":"Empty Cage"}],"items_purged_floors":[],"is_endless":false,"potions_floor_spawned":[4,12,13,14,16,19],"killed_by":"Shelled Parasite and Fungi","ascension_level":16}}