{"host":"qw1m3zcvi888b4j7","time":1608083440,"event":{"mods":["BaseMod","Block Reminder","Colored Map","Colored Powertips","DeckTracker","Highlight Path","Hubris","Minty Spire (QoL Compilation)","Quick Restart","Rare Cards Sparkle","Relic Sorter","Relic Stats","Replay The Spire","StSLib","The Blue Laboratory","The Cursed"],"gold_per_floor":[112,130,10,10,10,10,45,57,57,57,73,99,99,115,115,220,220,240,165,165],"floor_reached":19,"playtime":1104,"items_purged":[],"score":195,"play_id":"bc4b8804-4cbb-4fb9-bdbf-65bdd5f8ca2f","local_time":"20201216025040","is_ascension_mode":true,"campfire_choices":[{"floor":6,"key":"RECALL"},{"floor":13,"key":"REST"},{"floor":15,"key":"REST"}],"circlet_count":0,"master_deck":["Strike_G","Strike_G","Strike_G","Strike_G","Strike_G","Defend_G","Defend_G","Defend_G","Defend_G","Defend_G","Survivor","Neutralize","Hidden Blade","ReplayTheSpireMod:Tripwire","Adrenaline","Adrenaline","Toxin Wave","hubris:SlightOfHand","Noxious Fumes","Die Die Die","Noxious Fumes","Catalyst","Replay:Poison Smokescreen","A Thousand Cuts","ReplayTheSpireMod:Shiv Toss"],"relics":["Honey Jar","hubris:Icosahedron","Dream Catcher","Anchor","ReplayTheSpireMod:Ninjato","Ornamental Fan","HoveringKite"],"acts_visited":["Exordium","TheCity"],"potions_floor_usage":[7,12,16,19],"damage_taken":[{"damage":10,"enemies":"Small Slimes","floor":1,"turns":3},{"damage":0,"enemies":"Jaw Worm","floor":2,"turns":3},{"damage":22,"enemies":"Gremlin Nob","floor":7,"turns":5},{"damage":0,"enemies":"2 Louse","floor":8,"turns":2},{"damage":3,"enemies":"Large Slime","floor":11,"turns":7},{"damage":5,"enemies":"3 Sentries","floor":12,"turns":6},{"damage":0,"enemies":"Looter","floor":14,"turns":3},{"damage":30,"enemies":"Hexaghost","floor":16,"turns":8},{"damage":37,"enemies":"Shell Parasite","floor":18,"turns":6},{"damage":34,"enemies":"2 Thieves","floor":19,"turns":3}],"seed_played":"3600609054374499665","potions_obtained":[{"floor":1,"key":"BlessingOfTheForge"},{"floor":8,"key":"blueLaboratory:BubblePotion"},{"floor":14,"key":"Strength Potion"},{"floor":18,"key":"blueLaboratory:PhilterOfMotion"}],"is_trial":false,"path_per_floor":["M","M","$","?","?","R","E","M","T","?","M","E","R","M","R","B",null,"M","M"],"character_chosen":"THE_SILENT","items_purchased":["Adrenaline"],"campfire_rested":2,"item_purchase_floors":[3],"current_hp_per_floor":[60,60,60,42,42,42,20,20,20,20,17,12,33,33,54,24,70,33,0,0],"gold":165,"neow_bonus":"BOSS_RELIC","is_daily":false,"chose_seed":false,"campfire_upgraded":0,"win_rate":0.0,"timestamp":1608083440,"path_taken":["M","M","$","?","?","R","E","M","T","?","M","E","R","M","R","BOSS","M","M"],"items_purchased_type":["Card"],"build_version":"2020-12-13","purchased_purges":0,"victory":false,"max_hp_per_floor":[70,70,70,70,70,70,70,70,70,70,70,70,70,70,70,70,70,70,70,70],"relic_stats":{"Dream Catcher":2,"counters":[10,46],"Ornamental Fan":[16],"HoveringKite":[2],"obtain_stats":[{"Dream Catcher":4,"Anchor":7,"ReplayTheSpireMod:Ninjato":9,"hubris:Icosahedron":10,"Ornamental Fan":12,"Honey Jar":0,"HoveringKite":17,"Ring of the Snake":0},{"Dream Catcher":2,"Anchor":3,"ReplayTheSpireMod:Ninjato":4,"hubris:Icosahedron":4,"Ornamental Fan":6,"Honey Jar":0,"HoveringKite":8,"Ring of the Snake":0},{"Dream Catcher":6,"Anchor":11,"ReplayTheSpireMod:Ninjato":13,"hubris:Icosahedron":13,"Ornamental Fan":26,"Honey Jar":0,"HoveringKite":37,"Ring of the Snake":0}]},"card_choices":[{"not_picked":["Riddle With Holes","Flying Knee","Poisoned Stab"],"picked":"Hidden Blade","floor":1},{"not_picked":["Poisoned Stab","Underhanded Strike","Slice"],"picked":"ReplayTheSpireMod:Tripwire","floor":2},{"not_picked":["Tools of the Trade","Quick Slash","hubris:SlightOfHand"],"picked":"Toxin Wave","floor":7},{"not_picked":["Sucker Punch","Well Laid Plans","Footwork"],"picked":"hubris:SlightOfHand","floor":8},{"not_picked":["Hidden Blade","Slice","Bouncing Flask"],"picked":"Noxious Fumes","floor":11},{"not_picked":["Bane","Hidden Blade","Backflip"],"picked":"Die Die Die","floor":12},{"not_picked":["Slice","Dodge and Roll","Poisoned Stab"],"picked":"Noxious Fumes","floor":13},{"not_picked":["Acrobatics","Blade Dance","Predator"],"picked":"Catalyst","floor":14},{"not_picked":["Deadly Poison","PiercingWail","Calculated Gamble"],"picked":"Replay:Poison Smokescreen","floor":15},{"not_picked":["Unload","Atom Bomb","ReplayTheSpireMod:Necrosis"],"picked":"A Thousand Cuts","floor":16},{"not_picked":["Acrobatics","Blade Dance","Infinite Blades"],"picked":"ReplayTheSpireMod:Shiv Toss","floor":18}],"player_experience":90217,"relics_obtained":[{"floor":7,"key":"Anchor"},{"floor":9,"key":"ReplayTheSpireMod:Ninjato"},{"floor":12,"key":"Ornamental Fan"}],"event_choices":[{"damage_healed":0,"gold_gain":0,"player_choice":"Success","damage_taken":18,"relics_obtained":["Dream Catcher"],"max_hp_gain":0,"max_hp_loss":0,"event_name":"Scrap Ooze","floor":4,"gold_loss":0},{"damage_healed":0,"gold_gain":0,"player_choice":"Ignored","damage_taken":0,"max_hp_gain":0,"max_hp_loss":0,"event_name":"Golden Wing","floor":5,"gold_loss":0}],"is_beta":false,"boss_relics":[{"not_picked":["Cursed Key","Kintsugi"],"picked":"HoveringKite"}],"items_purged_floors":[],"is_endless":false,"potions_floor_spawned":[1,8,14,18],"killed_by":"2 Thieves","ascension_level":2}}