{"host":"f0gpob8hq9vgebej","time":1608138175,"event":{"mods":["AchievementEnabler","BaseMod","Googly Eyes","Minty Spire (QoL Compilation)","Quick Restart","SuperFastMode"],"gold_per_floor":[18,28,39,39,52,52,64,64,64,139,172,172,194,207,207,306,306,319,48,62,161,177,177,193,193,193,193,212,212,223,249,249,354,354,372,382,19,33,51,51,76,76,103,103,153,170,179,189,189,189],"floor_reached":51,"playtime":1597,"items_purged":["Defend_G","Strike_G"],"score":1164,"play_id":"6c562c60-4003-4d43-9730-b4caafdca242","local_time":"20201217020255","is_ascension_mode":true,"campfire_choices":[{"data":"Tactician","floor":6.0,"key":"SMITH"},{"data":"After Image","floor":8.0,"key":"SMITH"},{"data":"Secret Technique","floor":12.0,"key":"SMITH"},{"floor":15.0,"key":"REST"},{"floor":23.0,"key":"REST"},{"data":"Apotheosis","floor":25.0,"key":"SMITH"},{"floor":27.0,"key":"REST"},{"floor":32,"key":"REST"},{"data":"Prepared","floor":40,"key":"SMITH"},{"floor":49,"key":"REST"}],"circlet_count":0,"master_deck":["Strike_G","Defend_G","Defend_G","Defend_G","Survivor","Neutralize","Secret Technique+1","Tactician+1","Blade Dance","Reflex","After Image+1","Prepared+1","Burst","PiercingWail","Apotheosis+1","Cloak And Dagger","Bouncing Flask+1","Footwork","Envenom","Accuracy+1","Concentrate+1","Sadistic Nature","Accuracy","Wraith Form v2"],"relics":["Ring of the Snake","Mango","Incense Burner","Odd Mushroom","Empty Cage","Paper Crane","FossilizedHelix","Runic Pyramid","Singing Bowl","CeramicFish","Torii"],"acts_visited":["Exordium","TheCity","TheBeyond"],"potions_floor_usage":[31,33,39,41,48,50,50],"damage_taken":[{"damage":6.0,"enemies":"2 Louse","floor":1.0,"turns":3.0},{"damage":1.0,"enemies":"Small Slimes","floor":2.0,"turns":4.0},{"damage":0.0,"enemies":"Jaw Worm","floor":3.0,"turns":5.0},{"damage":4.0,"enemies":"3 Louse","floor":5.0,"turns":4.0},{"damage":1.0,"enemies":"Blue Slaver","floor":7.0,"turns":6.0},{"damage":15.0,"enemies":"Lagavulin","floor":11.0,"turns":9.0},{"damage":12.0,"enemies":"The Mushroom Lair","floor":13.0,"turns":6.0},{"damage":4.0,"enemies":"Exordium Wildlife","floor":14.0,"turns":6.0},{"damage":38.0,"enemies":"Slime Boss","floor":16.0,"turns":22.0},{"damage":38.0,"enemies":"Chosen","floor":18.0,"turns":7.0},{"damage":0.0,"enemies":"Spheric Guardian","floor":20.0,"turns":5.0},{"damage":9.0,"enemies":"Snecko","floor":22.0,"turns":8.0},{"damage":25.0,"enemies":"3 Cultists","floor":24.0,"turns":10.0},{"damage":0.0,"enemies":"Snake Plant","floor":28.0,"turns":6.0},{"damage":26.0,"enemies":"Chosen and Byrds","floor":30.0,"turns":8.0},{"damage":7,"enemies":"Book of Stabbing","floor":31,"turns":8},{"damage":0,"enemies":"Collector","floor":33,"turns":12},{"damage":1,"enemies":"3 Shapes","floor":35,"turns":4},{"damage":0,"enemies":"Orb Walker","floor":36,"turns":4},{"damage":0,"enemies":"Maw","floor":38,"turns":4},{"damage":0,"enemies":"3 Darklings","floor":39,"turns":4},{"damage":0,"enemies":"Nemesis","floor":41,"turns":5},{"damage":0,"enemies":"Mind Bloom Boss Battle","floor":45,"turns":5},{"damage":20,"enemies":"Sphere and 2 Shapes","floor":46,"turns":5},{"damage":9,"enemies":"Writhing Mass","floor":48,"turns":4},{"damage":40,"enemies":"Time Eater","floor":50,"turns":9}],"seed_played":"3432218190217988156","potions_obtained":[{"floor":1.0,"key":"AttackPotion"},{"floor":2.0,"key":"Dexterity Potion"},{"floor":5.0,"key":"Dexterity Potion"},{"floor":20.0,"key":"FearPotion"},{"floor":22.0,"key":"Weak Potion"},{"floor":33,"key":"Strength Potion"},{"floor":35,"key":"AttackPotion"},{"floor":36,"key":"Energy Potion"},{"floor":45,"key":"Dexterity Potion"},{"floor":46,"key":"Dexterity Potion"}],"is_trial":false,"path_per_floor":["M","M","M","?","M","R","M","R","T","?","E","R","?","M","R","B",null,"M","$","M","?","M","R","M","R","T","R","M","?","M","E","R","B",null,"M","M","$","M","M","R","E","?","T","?","?","M","?","M","R","B",null],"character_chosen":"THE_SILENT","items_purchased":["Apotheosis","Cloak And Dagger","Sadistic Nature","Accuracy"],"campfire_rested":5,"item_purchase_floors":[19,19,37,37],"current_hp_per_floor":[57,56,56,49,45,45,44,44,58,47,32,32,20,16,41,3,64,26,26,26,26,17,42,17,17,17,42,42,42,16,9,34,34,72,71,71,71,71,71,71,73,73,73,73,75,57,57,50,76,36],"gold":189,"neow_bonus":"RANDOM_COLORLESS_2","is_daily":false,"chose_seed":false,"campfire_upgraded":5,"win_rate":0.0,"timestamp":1608138175,"path_taken":["M","M","M","?","M","R","M","R","T","?","E","R","?","M","R","BOSS","M","$","M","?","M","R","M","R","T","R","M","?","M","E","R","BOSS","M","M","$","M","M","R","E","?","T","?","?","?","?","M","R","BOSS"],"items_purchased_type":["Card","Card","Card","Card"],"build_version":"2020-12-13","purchased_purges":2,"victory":true,"max_hp_per_floor":[70,70,70,70,70,70,70,70,84,84,84,84,84,84,84,84,84,84,84,84,84,84,84,84,84,84,84,84,84,84,84,84,84,84,84,84,84,84,84,84,86,82,82,82,84,86,86,88,88,88],"card_choices":[{"not_picked":["Chrysalis","Thinking Ahead"],"picked":"Secret Technique","floor":0.0},{"not_picked":["Footwork","Deadly Poison"],"picked":"Tactician","floor":1.0},{"not_picked":["Dagger Spray","Distraction"],"picked":"Blade Dance","floor":2.0},{"not_picked":["Dodge and Roll","Concentrate","Bane"],"picked":"SKIP","floor":3.0},{"not_picked":["Acrobatics","Underhanded Strike"],"picked":"Reflex","floor":5.0},{"not_picked":["Setup","Distraction"],"picked":"After Image","floor":7.0},{"not_picked":["Deflect","Sucker Punch","Expertise"],"picked":"SKIP","floor":11.0},{"not_picked":["Deflect","Cloak And Dagger"],"picked":"Prepared","floor":13.0},{"not_picked":["Expertise","Outmaneuver"],"picked":"Poisoned Stab","floor":14.0},{"not_picked":["Tools of the Trade","Die Die Die"],"picked":"Burst","floor":16.0},{"not_picked":["Masterful Stab","Skewer"],"picked":"PiercingWail","floor":18.0},{"not_picked":["PiercingWail","Poisoned Stab","Dodge and Roll"],"picked":"SKIP","floor":20.0},{"not_picked":["Deflect","Finisher","Dagger Spray+1"],"picked":"SKIP","floor":22.0},{"not_picked":["Deadly Poison+1","Underhanded Strike"],"picked":"Bouncing Flask+1","floor":24.0},{"not_picked":["Deadly Poison","Slice"],"picked":"Footwork","floor":28.0},{"not_picked":["All Out Attack","Footwork+1","Distraction+1"],"picked":"SKIP","floor":30.0},{"not_picked":["Dagger Throw","Burst","Quick Slash"],"picked":"SKIP","floor":31},{"not_picked":["Night Terror","After Image"],"picked":"Envenom","floor":33},{"not_picked":["Catalyst","Dagger Spray"],"picked":"Accuracy+1","floor":35},{"not_picked":["Dagger Throw+1","Outmaneuver"],"picked":"Concentrate+1","floor":36},{"not_picked":["Distraction+1","Backflip+1","Deadly Poison"],"picked":"SKIP","floor":38},{"not_picked":["Quick Slash+1","Dagger Throw","Skewer"],"picked":"SKIP","floor":39},{"not_picked":["Outmaneuver","Underhanded Strike","Catalyst"],"picked":"Singing Bowl","floor":41},{"not_picked":["Backstab+1","Choke","Prepared+1"],"picked":"Singing Bowl","floor":45},{"not_picked":["Poisoned Stab","Deadly Poison+1","Sucker Punch+1"],"picked":"Singing Bowl","floor":46},{"not_picked":["Sucker Punch","Prepared","Dodge and Roll"],"picked":"Singing Bowl","floor":48}],"player_experience":157544,"relics_obtained":[{"floor":9.0,"key":"Mango"},{"floor":11.0,"key":"Incense Burner"},{"floor":13.0,"key":"Odd Mushroom"},{"floor":26.0,"key":"Paper Crane"},{"floor":31,"key":"FossilizedHelix"},{"floor":41,"key":"Singing Bowl"},{"floor":43,"key":"CeramicFish"},{"floor":45,"key":"Torii"}],"event_choices":[{"cards_removed":["Strike_G"],"damage_healed":0.0,"max_hp_gain":0.0,"max_hp_loss":0.0,"gold_gain":0.0,"event_name":"Golden Wing","player_choice":"Card Removal","floor":4.0,"gold_loss":0.0,"damage_taken":7.0},{"damage_healed":0.0,"max_hp_gain":0.0,"max_hp_loss":0.0,"gold_gain":75.0,"event_name":"World of Goop","player_choice":"Gather Gold","floor":10.0,"gold_loss":0.0,"damage_taken":11.0},{"damage_healed":0.0,"max_hp_gain":0.0,"max_hp_loss":0.0,"gold_gain":0.0,"event_name":"Mushrooms","player_choice":"Fought Mushrooms","floor":13.0,"gold_loss":0.0,"damage_taken":0.0},{"damage_healed":0.0,"max_hp_gain":0.0,"max_hp_loss":0.0,"gold_gain":99.0,"event_name":"Nest","player_choice":"Stole From Cult","floor":21.0,"gold_loss":0.0,"damage_taken":0.0},{"cards_removed":["Strike_G"],"damage_healed":0.0,"max_hp_gain":0.0,"max_hp_loss":0.0,"gold_gain":0.0,"event_name":"Back to Basics","player_choice":"Elegance","floor":29.0,"gold_loss":0.0,"damage_taken":0.0},{"damage_healed":0,"gold_gain":0,"player_choice":"Max HP","damage_taken":0,"max_hp_gain":0,"max_hp_loss":4,"event_name":"Winding Halls","floor":42,"gold_loss":0},{"cards_removed":["Poisoned Stab"],"damage_healed":0,"gold_gain":0,"player_choice":"Removed Attack","damage_taken":0,"max_hp_gain":0,"max_hp_loss":0,"event_name":"Falling","floor":44,"gold_loss":0},{"damage_healed":0,"gold_gain":0,"player_choice":"Fight","damage_taken":0,"max_hp_gain":0,"max_hp_loss":0,"event_name":"MindBloom","floor":45,"gold_loss":0},{"damage_healed":0,"gold_gain":0,"player_choice":"1 cards matched","damage_taken":0,"max_hp_gain":0,"max_hp_loss":0,"event_name":"Match and Keep!","floor":47,"gold_loss":0,"cards_obtained":["Wraith Form v2"]}],"is_beta":false,"boss_relics":[{"not_picked":["Runic Dome","WristBlade"],"picked":"Empty Cage"},{"not_picked":["Tiny House","Astrolabe"],"picked":"Runic Pyramid"}],"items_purged_floors":[19,37],"is_endless":false,"potions_floor_spawned":[1,2,5,20,22,33,35,36,45,46],"ascension_level":9}}