{"host":"f0gpob8hq9vgebej","time":1608130488,"event":{"mods":["AchievementEnabler","BaseMod","Googly Eyes","Minty Spire (QoL Compilation)","Quick Restart","SuperFastMode"],"gold_per_floor":[211,211,231,156,172,198,198,273,320,339,75,75,89,115,115,215,215,225,239,257,257,267,267,301,391,391,406,406,126,161,179,179,281,281,293,90,108,108,128,128,128],"floor_reached":40,"playtime":903,"items_purged":["Strike_G","Defend_G","Strike_G","Defend_G"],"score":648,"play_id":"f06a3ecd-7af8-4b9d-9929-f8a43fd94e46","local_time":"20201216235448","is_ascension_mode":true,"campfire_choices":[{"data":"Crippling Poison","floor":7.0,"key":"SMITH"},{"data":"Apotheosis","floor":12.0,"key":"SMITH"},{"floor":15.0,"key":"REST"},{"floor":23.0,"key":"REST"},{"floor":28.0,"key":"REST"},{"floor":32.0,"key":"REST"}],"circlet_count":0,"master_deck":["Strike_G","Strike_G","Defend_G","Defend_G","Defend_G+1","Survivor+1","Neutralize","Flying Knee","Crippling Poison+1","Blade Dance","Backflip","All Out Attack","Apotheosis+1","Poisoned Stab","After Image","CurseOfTheBell","Calculated Gamble","Escape Plan","PiercingWail","Phantasmal Killer","Wraith Form v2","Backflip+1","Storm of Steel","Acrobatics+1","Prepared","Tactician"],"relics":["Ring of the Snake","Pen Nib","Strawberry","Akabeko","Calling Bell","Ancient Tea Set","Molten Egg 2","Turnip","War Paint","Du-Vu Doll","Bottled Lightning","SacredBark"],"acts_visited":["Exordium","TheCity","TheBeyond"],"potions_floor_usage":[],"damage_taken":[{"damage":0.0,"enemies":"2 Louse","floor":1.0,"turns":3.0},{"damage":7.0,"enemies":"Small Slimes","floor":3.0,"turns":3.0},{"damage":0.0,"enemies":"Cultist","floor":5.0,"turns":4.0},{"damage":24.0,"enemies":"Gremlin Nob","floor":6.0,"turns":5.0},{"damage":5.0,"enemies":"Blue Slaver","floor":10.0,"turns":3.0},{"damage":2.0,"enemies":"Red Slaver","floor":13.0,"turns":3.0},{"damage":7.0,"enemies":"Lagavulin","floor":14.0,"turns":6.0},{"damage":15.0,"enemies":"The Guardian","floor":16.0,"turns":12.0},{"damage":2.0,"enemies":"3 Byrds","floor":18.0,"turns":4.0},{"damage":10.0,"enemies":"Shell Parasite","floor":19.0,"turns":6.0},{"damage":6.0,"enemies":"Centurion and Healer","floor":20.0,"turns":7.0},{"damage":16.0,"enemies":"Shelled Parasite and Fungi","floor":22.0,"turns":6.0},{"damage":19.0,"enemies":"Slavers","floor":24.0,"turns":4.0},{"damage":5.0,"enemies":"Cultist and Chosen","floor":27.0,"turns":6.0},{"damage":0.0,"enemies":"Book of Stabbing","floor":30.0,"turns":6.0},{"damage":0.0,"enemies":"Centurion and Healer","floor":31.0,"turns":5.0},{"damage":2.0,"enemies":"Collector","floor":33.0,"turns":8.0},{"damage":5.0,"enemies":"Orb Walker","floor":35.0,"turns":5.0},{"damage":10,"enemies":"3 Darklings","floor":37,"turns":5},{"damage":33,"enemies":"Jaw Worm Horde","floor":39,"turns":5},{"damage":25,"enemies":"Sphere and 2 Shapes","floor":40,"turns":3}],"seed_played":"2331001113954585055","potions_obtained":[{"floor":6.0,"key":"FearPotion"},{"floor":14.0,"key":"FearPotion"},{"floor":16.0,"key":"CunningPotion"},{"floor":20.0,"key":"SpeedPotion"},{"floor":22.0,"key":"SkillPotion"},{"floor":24.0,"key":"BlessingOfTheForge"},{"floor":27.0,"key":"PowerPotion"},{"floor":35.0,"key":"LiquidMemories"},{"floor":39,"key":"Energy Potion"}],"is_trial":false,"path_per_floor":["M","?","M","$","M","E","R","?","T","M","$","R","M","E","R","B",null,"M","M","M","?","M","R","E","?","T","M","R","$","E","M","R","B",null,"M","$","M","?","M","M"],"character_chosen":"THE_SILENT","items_purchased":["Apotheosis","Phantasmal Killer","Prepared"],"campfire_rested":4,"item_purchase_floors":[11,29,36],"current_hp_per_floor":[63,63,56,56,56,32,32,21,28,23,23,23,21,14,37,22,63,61,51,45,45,29,52,33,21,21,16,39,39,39,39,62,60,73,68,68,58,58,25,0,0],"gold":128,"neow_bonus":"HUNDRED_GOLD","is_daily":false,"chose_seed":false,"campfire_upgraded":2,"win_rate":0.0,"timestamp":1608130488,"path_taken":["M","?","M","$","M","E","R","?","T","M","$","R","M","E","R","BOSS","M","M","M","?","M","R","E","?","T","?","R","$","E","M","R","BOSS","M","$","M","?","M","M"],"items_purchased_type":["Card","Card","Card"],"build_version":"2020-12-13","purchased_purges":4,"victory":false,"max_hp_per_floor":[70,70,70,70,70,70,70,70,77,77,77,77,77,77,77,77,77,77,77,77,77,77,77,77,77,77,77,77,77,77,77,77,77,77,77,77,77,77,77,77,77],"card_choices":[{"not_picked":["Cloak And Dagger","Eviscerate"],"picked":"Flying Knee","floor":1.0},{"not_picked":["Flechettes","Noxious Fumes"],"picked":"Crippling Poison","floor":3.0},{"not_picked":["Reflex","Dodge and Roll"],"picked":"Blade Dance","floor":5.0},{"not_picked":["Finisher","Footwork"],"picked":"Backflip","floor":6.0},{"not_picked":["Infinite Blades","Quick Slash"],"picked":"All Out Attack","floor":10.0},{"not_picked":["Cloak And Dagger","Outmaneuver"],"picked":"Poisoned Stab","floor":13.0},{"not_picked":["Cloak And Dagger","Dagger Throw","Underhanded Strike"],"picked":"SKIP","floor":14.0},{"not_picked":["Glass Knife","Night Terror"],"picked":"After Image","floor":16.0},{"not_picked":["Backflip+1","Well Laid Plans","Deflect"],"picked":"SKIP","floor":18.0},{"not_picked":["Expertise","Crippling Poison"],"picked":"Calculated Gamble","floor":19.0},{"not_picked":["Cloak And Dagger","Bane+1"],"picked":"Escape Plan","floor":20.0},{"not_picked":["Bane+1","Dagger Throw+1","Dash+1"],"picked":"SKIP","floor":22.0},{"not_picked":["Well Laid Plans","Crippling Poison+1","Predator+1"],"picked":"SKIP","floor":24.0},{"not_picked":["Finisher+1","Outmaneuver"],"picked":"PiercingWail","floor":27.0},{"not_picked":["Flechettes+1","Backstab+1"],"picked":"Wraith Form v2","floor":30.0},{"not_picked":["Predator+1","Expertise"],"picked":"Backflip+1","floor":31.0},{"not_picked":["Bullet Time","Die Die Die+1"],"picked":"Storm of Steel","floor":33.0},{"not_picked":["Crippling Poison+1","Deflect+1"],"picked":"Acrobatics+1","floor":35.0},{"not_picked":["Dagger Spray+1","Outmaneuver+1","Quick Slash+1"],"picked":"SKIP","floor":37},{"not_picked":["Flying Knee+1","Prepared","Quick Slash+1"],"picked":"SKIP","floor":39}],"player_experience":153179,"relics_obtained":[{"floor":6.0,"key":"Pen Nib"},{"floor":9.0,"key":"Strawberry"},{"floor":14.0,"key":"Akabeko"},{"floor":17.0,"key":"Ancient Tea Set"},{"floor":17.0,"key":"Molten Egg 2"},{"floor":17.0,"key":"Turnip"},{"floor":24.0,"key":"War Paint"},{"floor":26.0,"key":"Du-Vu Doll"},{"floor":30.0,"key":"Bottled Lightning"}],"event_choices":[{"damage_healed":0.0,"max_hp_gain":0.0,"max_hp_loss":0.0,"gold_gain":0.0,"event_name":"Shining Light","player_choice":"Ignored","floor":2.0,"gold_loss":0.0,"damage_taken":0.0},{"damage_healed":0.0,"max_hp_gain":0.0,"max_hp_loss":0.0,"gold_gain":75.0,"event_name":"World of Goop","player_choice":"Gather Gold","floor":8.0,"gold_loss":0.0,"damage_taken":11.0},{"damage_healed":0.0,"max_hp_gain":0.0,"max_hp_loss":0.0,"gold_gain":0.0,"event_name":"Cursed Tome","player_choice":"Ignored","floor":21.0,"gold_loss":0.0,"damage_taken":0.0},{"damage_healed":0.0,"max_hp_gain":0.0,"max_hp_loss":0.0,"gold_gain":90.0,"event_name":"Knowing Skull","player_choice":"GOLD ","floor":25.0,"potions_obtained":[],"gold_loss":0.0,"damage_taken":12.0,"cards_obtained":[]},{"damage_healed":0,"gold_gain":0,"cards_transformed":["Strike_G"],"player_choice":"Transformed","damage_taken":0,"max_hp_gain":0,"max_hp_loss":0,"event_name":"Transmorgrifier","floor":38,"gold_loss":0,"cards_obtained":["Tactician"]}],"is_beta":false,"boss_relics":[{"not_picked":["Fusion Hammer","Ectoplasm"],"picked":"Calling Bell"},{"not_picked":["Coffee Dripper","Runic Dome"],"picked":"SacredBark"}],"items_purged_floors":[4,11,29,36],"is_endless":false,"potions_floor_spawned":[6,14,16,20,22,24,27,35,39],"killed_by":"Sphere and 2 Shapes","ascension_level":8}}