{"host":"deadgod","time":1608088575,"event":{"mods":["2.2 Compatiblity","BaseMod","Bestiary","Colored Map","Minty Spire (QoL Compilation)","Permanent Neow","Relic Filter","Relic Sorter","StSLib","The Alterego","The Dragon Tamer","UnlockEverythingMod","Waifu the Spire","¡i?ª«¥dµP¡jREMEMod"],"gold_per_floor":[118,118,118,43,43,43,77,152,152,173,173,173,186,204,204,329,329,342,342,363,352,451,462,457,457,482,235,235,235,258,198,198,327,327,351,351,374,392,415,415,453,483,483,483,501,834,851,866,866,871,871,871,435,470,130],"floor_reached":56,"playtime":7706,"items_purged":["alterego_mod:Strike","alterego_mod:Strike","alterego_mod:Strike"],"score":1274,"play_id":"4faa446a-b6f9-4649-8fa5-78e1734cb6e0","local_time":"20201216111615","is_ascension_mode":false,"campfire_choices":[{"data":"alterego_mod:Impale","floor":6.0,"key":"SMITH"},{"data":"alterego_mod:PainIsPleasure","floor":12.0,"key":"SMITH"},{"data":"alterego_mod:Table","floor":15.0,"key":"SMITH"},{"data":"alterego_mod:1TonWallop","floor":25.0,"key":"SMITH"},{"data":"alterego_mod:Stockings","floor":29.0,"key":"SMITH"},{"data":"alterego_mod:Palingenesis","floor":32.0,"key":"SMITH"},{"data":"alterego_mod:Venus","floor":40.0,"key":"SMITH"},{"data":"alterego_mod:Weigh","floor":44.0,"key":"SMITH"},{"floor":49,"key":"RECALL"},{"data":"alterego_mod:Pet","floor":52,"key":"SMITH"}],"circlet_count":0,"master_deck":["alterego_mod:Defend","alterego_mod:Defend","alterego_mod:Impale+1","alterego_mod:BigMeatyClaws","alterego_mod:BrynhildrsRune","alterego_mod:RidiculouslyBig","alterego_mod:Defend","alterego_mod:PainIsPleasure+1","alterego_mod:Bunnysuit","alterego_mod:Stockings+1","alterego_mod:Table+1","alterego_mod:InsideBaseball","alterego_mod:GachaTicket","alterego_mod:TrashNCrash","alterego_mod:BreastValley","alterego_mod:Schoolgirl+1","alterego_mod:1TonWallop+1","alterego_mod:PresenceConcealment+1","alterego_mod:InsideBaseball","alterego_mod:Palingenesis+1","alterego_mod:Venus+1","alterego_mod:Pet+1","alterego_mod:Weigh+1","alterego_mod:MaintainEyeContact","alterego_mod:Mirror","alterego_mod:Cushion+1","alterego_mod:Pet+1"],"relics":["alterego_mod:MasochisticConstitution","REME_ComplimentaryCards","CaptainsWheel","REME_HandOfSuture","Mummified Hand","Coffee Dripper","Anchor","DollysMirror","SlaversCollar","Potion Belt","Dream Catcher","Centennial Puzzle","REME_OnlineShoppingPlatform","Vajra"],"acts_visited":["Exordium","TheCity","TheBeyond","TheEnding"],"potions_floor_usage":[55,55,55,55,55,55,55,55,55,55,55,55,55,55,55,55,55],"damage_taken":[{"damage":2.0,"enemies":"Jaw Worm","floor":1.0,"turns":6.0},{"damage":34.0,"enemies":"3 Sentries","floor":7.0,"turns":14.0},{"damage":0.0,"enemies":"Small Slimes","floor":10.0,"turns":11.0},{"damage":0.0,"enemies":"2 Louse","floor":13.0,"turns":8.0},{"damage":0.0,"enemies":"Blue Slaver","floor":14.0,"turns":7.0},{"damage":12.0,"enemies":"Hexaghost","floor":16.0,"turns":18.0},{"damage":6.0,"enemies":"3 Byrds","floor":18.0,"turns":1.0},{"damage":0.0,"enemies":"Chosen","floor":20.0,"turns":5.0},{"damage":3.0,"enemies":"Centurion and Healer","floor":21.0,"turns":6.0},{"damage":22.0,"enemies":"Slavers","floor":23.0,"turns":8.0},{"damage":5.0,"enemies":"3 Cultists","floor":24.0,"turns":5.0},{"damage":0.0,"enemies":"Snecko","floor":30.0,"turns":1.0},{"damage":2.0,"enemies":"Centurion and Healer","floor":31.0,"turns":8.0},{"damage":32.0,"enemies":"Automaton","floor":33.0,"turns":9.0},{"damage":8.0,"enemies":"3 Shapes","floor":35.0,"turns":9.0},{"damage":0.0,"enemies":"3 Darklings","floor":37.0,"turns":7.0},{"damage":20.0,"enemies":"Writhing Mass","floor":38.0,"turns":10.0},{"damage":0.0,"enemies":"4 Shapes","floor":39.0,"turns":3.0},{"damage":16.0,"enemies":"Nemesis","floor":41.0,"turns":9.0},{"damage":19.0,"enemies":"Jaw Worm Horde","floor":42.0,"turns":5.0},{"damage":11.0,"enemies":"Transient","floor":45.0,"turns":5.0},{"damage":0,"enemies":"Spire Growth","floor":47,"turns":6},{"damage":1,"enemies":"Sphere and 2 Shapes","floor":48,"turns":7},{"damage":53,"enemies":"Donu and Deca","floor":50,"turns":12},{"damage":0,"enemies":"Shield and Spear","floor":54,"turns":8},{"damage":0,"enemies":"The Heart","floor":55,"turns":6}],"seed_played":"6604302160004166042","potions_obtained":[{"floor":7.0,"key":"DistilledChaos"},{"floor":10.0,"key":"LiquidBronze"},{"floor":18.0,"key":"Fire Potion"},{"floor":20.0,"key":"Dexterity Potion"},{"floor":39.0,"key":"EssenceOfSteel"},{"floor":42.0,"key":"CultistPotion"},{"floor":48,"key":"SkillPotion"}],"is_trial":false,"path_per_floor":["M","?","?","$","?","R","E","?","T","M","?","R","M","M","R","B",null,"M","?","M","M","?","E","M","R","T","$","?","R","M","M","R","B",null,"M","?","M","M","M","R","E","M","T","R","M","?","M","M","R","B",null,"R","$","E","B",null],"character_chosen":"The_Alterego","items_purchased":["DollysMirror","Centennial Puzzle","REME_OnlineShoppingPlatform"],"campfire_rested":0,"item_purchase_floors":[27,53,53],"current_hp_per_floor":[62,62,46,46,51,51,32,21,21,28,28,28,42,42,42,38,71,66,66,66,71,71,69,72,72,72,72,72,72,72,71,71,45,77,77,77,78,75,75,75,66,69,69,69,71,71,82,82,82,31,84,84,84,84,84],"gold":130,"neow_bonus":"ONE_RARE_RELIC","is_daily":false,"chose_seed":false,"campfire_upgraded":9,"win_rate":0.0,"timestamp":1608088575,"path_taken":["M","?","?","?","?","R","E","?","T","?","?","R","?","M","R","BOSS","M","?","M","M","?","E","M","R","T","$","?","R","M","M","R","BOSS","M","?","M","M","M","R","E","M","T","R","M","?","M","M","R","BOSS","R","$","E","BOSS"],"items_purchased_type":["Relic","Relic","Relic"],"build_version":"2020-11-17","purchased_purges":3,"victory":true,"max_hp_per_floor":[64,64,64,64,69,69,70,70,70,70,70,70,70,70,70,71,71,72,72,72,73,73,74,75,75,75,75,75,75,75,76,76,77,77,78,78,78,79,79,79,80,81,81,81,82,82,82,83,83,84,84,84,84,84,84],"card_choices":[{"not_picked":["alterego_mod:Bounce","alterego_mod:DeftHands"],"picked":"alterego_mod:RidiculouslyBig","floor":1.0},{"not_picked":["alterego_mod:1TonWallop","alterego_mod:Skirt"],"picked":"alterego_mod:PainIsPleasure","floor":7.0},{"not_picked":["alterego_mod:Complex","alterego_mod:Belle"],"picked":"alterego_mod:Bunnysuit","floor":10.0},{"not_picked":["alterego_mod:Lingerie","alterego_mod:Complex"],"picked":"alterego_mod:Stockings","floor":13.0},{"not_picked":["alterego_mod:HighServant","alterego_mod:Lingerie"],"picked":"alterego_mod:Table","floor":14.0},{"not_picked":["alterego_mod:Valkyrie","alterego_mod:STier"],"picked":"alterego_mod:InsideBaseball","floor":16.0},{"not_picked":["alterego_mod:Bloomers","alterego_mod:Jiggle"],"picked":"alterego_mod:GachaTicket","floor":18.0},{"not_picked":["alterego_mod:Cycle","alterego_mod:Punishment"],"picked":"alterego_mod:Schoolgirl+1","floor":20.0},{"not_picked":["alterego_mod:Punishment","alterego_mod:PerceptionDisorder"],"picked":"alterego_mod:1TonWallop","floor":21.0},{"not_picked":["alterego_mod:1TonWallop","alterego_mod:GoddessCore"],"picked":"alterego_mod:PresenceConcealment+1","floor":23.0},{"not_picked":["alterego_mod:Bounce","alterego_mod:BustOut+1","alterego_mod:Lingerie"],"picked":"SKIP","floor":24.0},{"not_picked":["alterego_mod:PerceptionDisorder","alterego_mod:BiFurious+1","alterego_mod:Punishment"],"picked":"SKIP","floor":30.0},{"not_picked":["alterego_mod:Rip","alterego_mod:Birthday"],"picked":"alterego_mod:Palingenesis","floor":31.0},{"not_picked":["alterego_mod:ClassAdvantage","alterego_mod:Vow"],"picked":"alterego_mod:Venus","floor":33.0},{"not_picked":["alterego_mod:HighServant+1","alterego_mod:1TonWallop+1"],"picked":"alterego_mod:Pet","floor":35.0},{"not_picked":["alterego_mod:Palingenesis","alterego_mod:Valentines"],"picked":"alterego_mod:Belle+1","floor":37.0},{"not_picked":["alterego_mod:Complex+1","alterego_mod:HighServant","alterego_mod:DiscoLights"],"picked":"SKIP","floor":38.0},{"not_picked":["alterego_mod:Complex","alterego_mod:HighServant"],"picked":"alterego_mod:Weigh","floor":39.0},{"not_picked":["alterego_mod:Birthday","alterego_mod:DestructionOfProperty"],"picked":"alterego_mod:MaintainEyeContact","floor":41.0},{"not_picked":["alterego_mod:Bloomers","alterego_mod:Birthday"],"picked":"alterego_mod:Mirror","floor":42.0},{"not_picked":["alterego_mod:Punishment+1","alterego_mod:Maid+1"],"picked":"alterego_mod:Cushion+1","floor":45.0},{"not_picked":["alterego_mod:HighServant+1","alterego_mod:Maid+1","alterego_mod:GoddessCore+1"],"picked":"SKIP","floor":47},{"not_picked":["alterego_mod:DestructionOfProperty","alterego_mod:Bloomers+1"],"picked":"alterego_mod:Pet+1","floor":48},{"not_picked":["alterego_mod:TrashNCrash","alterego_mod:Cycle","alterego_mod:SakuraPetals"],"picked":"SKIP","floor":54}],"player_experience":5011,"relics_obtained":[{"floor":7.0,"key":"REME_HandOfSuture"},{"floor":9.0,"key":"Mummified Hand"},{"floor":23.0,"key":"Anchor"},{"floor":41.0,"key":"Potion Belt"},{"floor":43.0,"key":"Dream Catcher"},{"floor":54,"key":"Vajra"}],"event_choices":[{"damage_healed":0.0,"max_hp_gain":0.0,"max_hp_loss":0.0,"gold_gain":0.0,"event_name":"Golden Idol","player_choice":"Take Damage","floor":3.0,"gold_loss":0.0,"damage_taken":16.0,"relics_obtained":["Golden Idol"]},{"damage_healed":0.0,"max_hp_gain":5.0,"max_hp_loss":0.0,"gold_gain":0.0,"event_name":"Big Fish","player_choice":"Donut","floor":5.0,"gold_loss":0.0,"damage_taken":0.0},{"damage_healed":0.0,"max_hp_gain":0.0,"max_hp_loss":0.0,"gold_gain":75.0,"event_name":"World of Goop","player_choice":"Gather Gold","floor":8.0,"gold_loss":0.0,"damage_taken":11.0},{"cards_removed":["alterego_mod:Defend"],"damage_healed":0.0,"max_hp_gain":0.0,"max_hp_loss":0.0,"gold_gain":0.0,"event_name":"Purifier","player_choice":"Purged","floor":11.0,"gold_loss":0.0,"damage_taken":0.0},{"damage_healed":0.0,"max_hp_gain":0.0,"max_hp_loss":0.0,"gold_gain":0.0,"cards_transformed":["alterego_mod:Strike","alterego_mod:Defend"],"event_name":"Drug Dealer","player_choice":"Became Test Subject","floor":19.0,"gold_loss":0.0,"damage_taken":0.0,"cards_obtained":["alterego_mod:TrashNCrash","alterego_mod:BreastValley"]},{"damage_healed":0.0,"max_hp_gain":0.0,"max_hp_loss":0.0,"gold_gain":99.0,"event_name":"Nest","player_choice":"Stole From Cult","floor":22.0,"gold_loss":0.0,"damage_taken":0.0},{"damage_healed":0.0,"max_hp_gain":0.0,"max_hp_loss":0.0,"gold_gain":0.0,"event_name":"Ghosts","player_choice":"Ignored","floor":28.0,"gold_loss":0.0,"damage_taken":0.0},{"damage_healed":0.0,"max_hp_gain":0.0,"max_hp_loss":0.0,"gold_gain":0.0,"event_name":"Tomb of Lord Red Mask","player_choice":"Ignored","floor":36.0,"gold_loss":0.0,"damage_taken":0.0},{"damage_healed":0,"gold_gain":333,"player_choice":"Gave Idol","damage_taken":0,"max_hp_gain":0,"max_hp_loss":0,"event_name":"The Moai Head","floor":46,"relics_lost":["Golden Idol"],"gold_loss":0}],"is_beta":true,"boss_relics":[{"not_picked":["Busted Crown","REME_DuelDisc"],"picked":"Coffee Dripper"},{"not_picked":["Cursed Key","REME_DemonsWealth"],"picked":"SlaversCollar"}],"items_purged_floors":[4,27,53],"is_endless":false,"potions_floor_spawned":[7,10,18,20,23,33,38,39,42,48],"ascension_level":0}}