{"host":"kh6fvhxn285ncg0o","time":1608080953,"event":{"mods":["Act Like it!","BaseMod","Colored Map","Friendly Minions","Keyboard Shortcuts","Minty Spire (QoL Compilation)","Quick Restart","Relic Stats","StSLib","SuperFastMode"],"gold_per_floor":[116,132,57,77,77,77,105,105,105,138,138,63,63,83,83,179,179,193,265,238,258,5,5,5,5],"floor_reached":24,"playtime":487,"items_purged":["Strike_R","Rampage"],"score":408,"play_id":"1ca2c507-7810-4c3f-b7e9-d3e588c028b0","local_time":"20201216100913","is_ascension_mode":true,"campfire_choices":[{"data":"Bash","floor":6.0,"key":"SMITH"},{"floor":8.0,"key":"REST"},{"data":"Metallicize","floor":15.0,"key":"SMITH"},{"data":"Evolve","floor":23,"key":"SMITH"}],"circlet_count":0,"master_deck":["AscendersBane","Defend_R","Defend_R","Defend_R","Defend_R","Bash+1","Evolve+1","Metallicize+1","Dropkick","Reckless Charge+1","Burning Pact"],"relics":["Empty Cage","FossilizedHelix","Magic Flower","Tiny Chest","Golden Idol","Mark of Pain","Gremlin Horn","Membership Card"],"acts_visited":["Exordium","TheCity"],"potions_floor_usage":[21],"damage_taken":[{"damage":1.0,"enemies":"Cultist","floor":1.0,"turns":3.0},{"damage":5.0,"enemies":"Small Slimes","floor":2.0,"turns":4.0},{"damage":7.0,"enemies":"2 Louse","floor":4.0,"turns":4.0},{"damage":29.0,"enemies":"Lagavulin","floor":7.0,"turns":7.0},{"damage":24.0,"enemies":"Gremlin Nob","floor":10.0,"turns":4.0},{"damage":0.0,"enemies":"Looter","floor":14.0,"turns":4.0},{"damage":8.0,"enemies":"The Guardian","floor":16.0,"turns":13.0},{"damage":12.0,"enemies":"3 Byrds","floor":18.0,"turns":4.0},{"damage":19.0,"enemies":"2 Thieves","floor":20.0,"turns":4.0},{"damage":13,"enemies":"Centurion and Healer","floor":21,"turns":7},{"damage":16,"enemies":"Cultist and Chosen","floor":24,"turns":4}],"seed_played":"6022945617334644723","potions_obtained":[{"floor":1.0,"key":"LiquidBronze"},{"floor":10.0,"key":"AttackPotion"},{"floor":14.0,"key":"PowerPotion"},{"floor":20.0,"key":"HeartOfIron"}],"is_trial":false,"path_per_floor":["M","M","?","M","?","R","E","R","T","E","?","$","?","M","R","B",null,"M","T","M","M","$","R","M"],"character_chosen":"IRONCLAD","items_purchased":["Membership Card","Burning Pact"],"campfire_rested":1,"item_purchase_floors":[22,22],"current_hp_per_floor":[67,62,62,55,48,48,19,41,41,17,17,17,22,22,22,14,58,46,46,27,14,14,14,0,0],"gold":5,"neow_bonus":"BOSS_RELIC","is_daily":false,"chose_seed":false,"campfire_upgraded":3,"win_rate":0.0,"timestamp":1608080953,"path_taken":["M","?","?","M","?","R","E","R","T","E","?","$","?","?","R","BOSS","M","?","?","M","$","R","M"],"items_purchased_type":["Relic","Card"],"build_version":"2020-12-13","purchased_purges":2,"victory":false,"max_hp_per_floor":[75,75,75,75,75,75,75,75,75,75,68,68,73,73,73,73,73,73,73,73,73,73,73,73,73],"relic_stats":{"Gremlin Horn":[2,2],"counters":[11,58],"Golden Idol":33,"Magic Flower":[0],"Tiny Chest":1,"obtain_stats":[{"Gremlin Horn":19,"Golden Idol":11,"Magic Flower":9,"Tiny Chest":10,"Mark of Pain":17,"Membership Card":22,"Empty Cage":0,"Burning Blood":0,"FossilizedHelix":7},{"Gremlin Horn":8,"Golden Idol":5,"Magic Flower":4,"Tiny Chest":5,"Mark of Pain":7,"Membership Card":10,"Empty Cage":0,"Burning Blood":0,"FossilizedHelix":4},{"Gremlin Horn":43,"Golden Idol":22,"Magic Flower":18,"Tiny Chest":22,"Mark of Pain":39,"Membership Card":54,"Empty Cage":0,"Burning Blood":0,"FossilizedHelix":18}]},"card_choices":[{"not_picked":["Anger","Sword Boomerang"],"picked":"Rampage","floor":1.0},{"not_picked":["Thunderclap","Pommel Strike"],"picked":"Evolve","floor":2.0},{"not_picked":["Dual Wield","Armaments","Iron Wave"],"picked":"SKIP","floor":4.0},{"not_picked":["Dual Wield","Armaments","Iron Wave"],"picked":"SKIP","floor":4.0},{"not_picked":["Anger","Searing Blow","Sword Boomerang"],"picked":"SKIP","floor":7.0},{"not_picked":["Seeing Red","Carnage"],"picked":"Metallicize","floor":10.0},{"not_picked":["True Grit","Iron Wave"],"picked":"Dropkick","floor":14.0},{"not_picked":["Sword Boomerang","Uppercut","Sentinel"],"picked":"SKIP","floor":18.0},{"not_picked":["Combust","Perfected Strike+1","Iron Wave"],"picked":"SKIP","floor":20.0},{"not_picked":["Power Through","Body Slam"],"picked":"Reckless Charge+1","floor":21}],"player_experience":3186557,"relics_obtained":[{"floor":7.0,"key":"FossilizedHelix"},{"floor":9.0,"key":"Magic Flower"},{"floor":10.0,"key":"Tiny Chest"},{"floor":19.0,"key":"Gremlin Horn"}],"event_choices":[{"cards_removed":["Strike_R"],"damage_healed":0.0,"max_hp_gain":0.0,"max_hp_loss":0.0,"gold_gain":0.0,"event_name":"The Cleric","player_choice":"Card Removal","floor":3.0,"gold_loss":75.0,"damage_taken":0.0},{"cards_removed":["Strike_R"],"damage_healed":0.0,"max_hp_gain":0.0,"max_hp_loss":0.0,"gold_gain":0.0,"event_name":"Golden Wing","player_choice":"Card Removal","floor":5.0,"gold_loss":0.0,"damage_taken":7.0},{"damage_healed":0.0,"max_hp_gain":0.0,"max_hp_loss":7.0,"gold_gain":0.0,"event_name":"Golden Idol","player_choice":"Lose Max HP","floor":11.0,"gold_loss":0.0,"damage_taken":0.0,"relics_obtained":["Golden Idol"]},{"damage_healed":0.0,"max_hp_gain":5.0,"max_hp_loss":0.0,"gold_gain":0.0,"event_name":"Big Fish","player_choice":"Donut","floor":13.0,"gold_loss":0.0,"damage_taken":0.0}],"is_beta":false,"boss_relics":[{"not_picked":["Philosopher\u0027s Stone","SacredBark"],"picked":"Mark of Pain"}],"items_purged_floors":[12,22],"is_endless":false,"potions_floor_spawned":[1,10,14,20],"killed_by":"Cultist and Chosen","ascension_level":20}}