{"host":"mkv3lj8gfkr85ioo","time":1608080816,"event":{"mods":["AchievementEnabler","BaseMod","Colored Map","Minty Spire (QoL Compilation)","SuperFastMode"],"gold_per_floor":[116,134,209,209,226,259,271,293,331,32,44,61,11,28,28,126,126,142,67,77,176,176,176,203,215,241,41,55,55,55,5,5,5,5],"floor_reached":33,"playtime":973,"items_purged":["Strike_G","Strike_G"],"score":309,"play_id":"5a24f408-9f1d-40d0-94b2-edfb4dfd33ad","local_time":"20201216100656","is_ascension_mode":true,"campfire_choices":[{"data":"Neutralize","floor":7,"key":"SMITH"},{"floor":15,"key":"REST"},{"floor":23,"key":"REST"},{"floor":32,"key":"REST"}],"circlet_count":0,"master_deck":["Strike_G","Defend_G","Defend_G","Defend_G","Defend_G","Defend_G","Survivor","Neutralize+1","Backstab","Cloak And Dagger","Footwork","Storm of Steel","Backflip","Crippling Poison","Expertise","Accuracy+1","Infinite Blades","After Image","Blade Dance","Cloak And Dagger","Blade Dance"],"relics":["Ring of the Snake","NeowsBlessing","MawBank","Smiling Mask","Calipers","WristBlade","Regal Pillow","Bag of Preparation"],"acts_visited":["Exordium","TheCity"],"potions_floor_usage":[6,6,24,24,24,30,33],"damage_taken":[{"damage":0.0,"enemies":"Cultist","floor":1.0,"turns":1.0},{"damage":0.0,"enemies":"Jaw Worm","floor":2.0,"turns":1.0},{"damage":0.0,"enemies":"Small Slimes","floor":5.0,"turns":1.0},{"damage":22,"enemies":"Gremlin Nob","floor":6,"turns":4},{"damage":4,"enemies":"Red Slaver","floor":8,"turns":6},{"damage":7,"enemies":"Exordium Thugs","floor":11,"turns":5},{"damage":5,"enemies":"Looter","floor":12,"turns":4},{"damage":0,"enemies":"3 Louse","floor":14,"turns":3},{"damage":37,"enemies":"The Guardian","floor":16,"turns":12},{"damage":18,"enemies":"3 Byrds","floor":18,"turns":5},{"damage":8,"enemies":"Chosen","floor":20,"turns":5},{"damage":27,"enemies":"Slavers","floor":24,"turns":6},{"damage":22,"enemies":"Shelled Parasite and Fungi","floor":25,"turns":4},{"damage":0,"enemies":"Centurion and Healer","floor":28,"turns":5},{"damage":0,"enemies":"Snake Plant","floor":30,"turns":1},{"damage":43,"enemies":"Automaton","floor":33,"turns":6}],"seed_played":"2947381184061324308","potions_obtained":[{"floor":1.0,"key":"Regen Potion"},{"floor":2.0,"key":"ColorlessPotion"},{"floor":12,"key":"Swift Potion"},{"floor":16,"key":"FearPotion"},{"floor":20,"key":"Poison Potion"},{"floor":25,"key":"Dexterity Potion"}],"is_trial":false,"path_per_floor":["M","M","?","?","M","E","R","M","T","$","M","M","?","M","R","B",null,"M","?","M","?","?","R","E","M","T","$","M","?","M","$","R","B"],"character_chosen":"THE_SILENT","items_purchased":["Calipers","SteroidPotion","SmokeBomb"],"campfire_rested":3,"item_purchase_floors":[10,27,27],"current_hp_per_floor":[70,70,59,59,59,49,49,45,45,45,38,33,33,33,54,17,70,52,52,44,44,31,53,26,4,4,4,4,4,4,4,41,0,0],"gold":5,"neow_bonus":"THREE_ENEMY_KILL","is_daily":false,"chose_seed":false,"campfire_upgraded":1,"win_rate":0.0,"timestamp":1608080816,"path_taken":["M","?","?","?","M","E","R","?","T","?","M","M","?","M","R","BOSS","M","?","M","?","?","R","E","M","T","$","M","?","?","?","R","BOSS"],"items_purchased_type":["Relic","Potion","Potion"],"build_version":"2020-12-13","purchased_purges":2,"victory":false,"max_hp_per_floor":[70,70,70,70,70,70,70,70,70,70,70,70,70,70,70,70,70,70,70,70,70,75,75,75,75,75,75,75,75,75,75,75,75,75],"card_choices":[{"not_picked":["Distraction","Outmaneuver"],"picked":"Backstab","floor":1.0},{"not_picked":["Backflip","Bouncing Flask"],"picked":"Cloak And Dagger","floor":2.0},{"not_picked":["Bouncing Flask","Flying Knee"],"picked":"Backflip","floor":5.0},{"not_picked":["Masterful Stab","Poisoned Stab"],"picked":"Crippling Poison","floor":6},{"not_picked":["Cloak And Dagger","Bouncing Flask"],"picked":"Expertise","floor":8},{"not_picked":["Dagger Throw","Dash","Sucker Punch"],"picked":"SKIP","floor":11},{"not_picked":["Outmaneuver","Tactician"],"picked":"Accuracy","floor":12},{"not_picked":["Dash","Wraith Form v2"],"picked":"Infinite Blades","floor":14},{"not_picked":["Grand Finale","A Thousand Cuts"],"picked":"After Image","floor":16},{"not_picked":["PiercingWail","Acrobatics"],"picked":"Blade Dance","floor":18},{"not_picked":["Infinite Blades+1","Expertise+1"],"picked":"Cloak And Dagger","floor":20},{"not_picked":["Slice","Corpse Explosion"],"picked":"Blade Dance","floor":24},{"not_picked":["Sucker Punch+1","Flying Knee","Poisoned Stab+1"],"picked":"SKIP","floor":25},{"not_picked":["Dagger Spray","Underhanded Strike","Prepared+1"],"picked":"SKIP","floor":28}],"player_experience":152772,"relics_obtained":[{"floor":6,"key":"MawBank"},{"floor":9,"key":"Smiling Mask"},{"floor":24,"key":"Regal Pillow"},{"floor":26,"key":"Bag of Preparation"}],"event_choices":[{"damage_healed":0.0,"max_hp_gain":0.0,"max_hp_loss":0.0,"gold_gain":75.0,"event_name":"World of Goop","player_choice":"Gather Gold","floor":3.0,"gold_loss":0.0,"damage_taken":11.0},{"damage_healed":0.0,"max_hp_gain":0.0,"max_hp_loss":0.0,"gold_gain":0.0,"event_name":"Match and Keep!","player_choice":"2 cards matched","floor":4.0,"gold_loss":0.0,"damage_taken":0.0,"cards_obtained":["Footwork","Storm of Steel"]},{"cards_removed":["Strike_G"],"damage_healed":0,"gold_gain":0,"player_choice":"Card Removal","damage_taken":0,"max_hp_gain":0,"max_hp_loss":0,"event_name":"The Cleric","floor":13,"gold_loss":50},{"cards_removed":["Strike_G"],"damage_healed":0,"gold_gain":0,"player_choice":"Gave Gold","damage_taken":0,"max_hp_gain":0,"max_hp_loss":0,"event_name":"Beggar","floor":19,"gold_loss":75},{"damage_healed":0,"gold_gain":99,"player_choice":"Stole From Cult","damage_taken":0,"max_hp_gain":0,"max_hp_loss":0,"event_name":"Nest","floor":21,"gold_loss":0},{"damage_healed":0,"gold_gain":0,"player_choice":"Shed Blood","damage_taken":18,"max_hp_gain":5,"max_hp_loss":0,"event_name":"Forgotten Altar","floor":22,"gold_loss":0},{"damage_healed":0,"gold_gain":0,"player_choice":"Forge","damage_taken":0,"max_hp_gain":0,"max_hp_loss":0,"event_name":"Accursed Blacksmith","floor":29,"gold_loss":0,"cards_upgraded":["Accuracy"]}],"is_beta":false,"boss_relics":[{"not_picked":["Sozu","Calling Bell"],"picked":"WristBlade"}],"items_purged_floors":[27,31],"is_endless":false,"potions_floor_spawned":[1,2,12,16,20,25],"killed_by":"Automaton","ascension_level":3}}