{"host":"owox7x4ngjt9htcc","time":1608094498,"event":{"mods":["BaseMod","Colored Map","DeckTracker","Keyboard Shortcuts","Minty Spire (QoL Compilation)","SuperFastMode"],"gold_per_floor":[114,114,129,129,144,174,174,204,229,244,244,259,274,80,80,180,180,195,210,225,240,255,285,285,315,340,370,370,285,285,210,210,310,310,325,325,143,1142,792,792,807,837,837,852,882,338,368,383,383,383],"floor_reached":51,"playtime":1610,"items_purged":["FTL"],"score":1205,"play_id":"4bbb6472-a068-4c7a-820a-77b042d41aee","local_time":"20201216135458","daily_mods":["SealedDeck","ControlledChaos","Terminal"],"is_ascension_mode":false,"campfire_choices":[{"data":"Coolheaded","floor":7.0,"key":"SMITH"},{"data":"Hologram","floor":11,"key":"SMITH"},{"data":"Hologram","floor":15,"key":"SMITH"},{"floor":24,"key":"REST"},{"data":"Hologram","floor":28,"key":"SMITH"},{"data":"Capacitor","floor":30,"key":"SMITH"},{"data":"Loop","floor":32,"key":"SMITH"},{"data":"Rebound","floor":49,"key":"PURGE"}],"circlet_count":0,"master_deck":["Stack","Undo","Ball Lightning","Storm","Conserve Battery","Ball Lightning","Coolheaded+1","Aggregate","Ball Lightning","Hologram+1","Go for the Eyes","Undo","Hologram+1","Loop+1","Hologram+1","Capacitor+1","White Noise","Seek","Defragment+1","Core Surge","Coolheaded+1","Mayhem","Conserve Battery","Loop","White Noise","Heatsinks","Double Energy+1","Turbo+1","Turbo+1","Mayhem","Turbo+1","Static Discharge","Sadistic Nature","Compile Driver","Coolheaded+1","Turbo+1"],"relics":["Cracked Core","Frozen Eye","Symbiotic Virus","Kunai","Art of War","Membership Card","SacredBark","Potion Belt","InkBottle","Omamori","Pantograph","Peace Pipe","Fusion Hammer","Ornamental Fan","Bottled Tornado","Juzu Bracelet","Chemical X","Toxic Egg 2","Shuriken","HornCleat","DollysMirror","MealTicket","Mercury Hourglass","StrikeDummy"],"acts_visited":["Exordium","TheCity","TheBeyond"],"potions_floor_usage":[27,45,46,48,50,50,50,50,50,50,50,50],"damage_taken":[{"damage":0.0,"enemies":"Jaw Worm","floor":1.0,"turns":2.0},{"damage":0.0,"enemies":"Cultist","floor":3.0,"turns":3.0},{"damage":0.0,"enemies":"2 Louse","floor":5.0,"turns":2.0},{"damage":9.0,"enemies":"Gremlin Nob","floor":6.0,"turns":3.0},{"damage":0,"enemies":"3 Sentries","floor":8,"turns":6},{"damage":0,"enemies":"Gremlin Gang","floor":10,"turns":3},{"damage":0,"enemies":"2 Fungi Beasts","floor":12,"turns":3},{"damage":0,"enemies":"3 Louse","floor":13,"turns":2},{"damage":0,"enemies":"Slime Boss","floor":16,"turns":5},{"damage":0,"enemies":"Chosen","floor":18,"turns":3},{"damage":0,"enemies":"Shell Parasite","floor":19,"turns":4},{"damage":0,"enemies":"3 Cultists","floor":20,"turns":5},{"damage":3,"enemies":"Snake Plant","floor":21,"turns":3},{"damage":10,"enemies":"Chosen and Byrds","floor":22,"turns":5},{"damage":12,"enemies":"Slavers","floor":23,"turns":6},{"damage":0,"enemies":"Book of Stabbing","floor":25,"turns":4},{"damage":19,"enemies":"Slavers","floor":27,"turns":5},{"damage":0,"enemies":"Champ","floor":33,"turns":5},{"damage":2,"enemies":"Orb Walker","floor":35,"turns":3},{"damage":0,"enemies":"3 Shapes","floor":41,"turns":4},{"damage":0,"enemies":"Giant Head","floor":42,"turns":4},{"damage":0,"enemies":"Maw","floor":44,"turns":4},{"damage":1,"enemies":"Reptomancer","floor":45,"turns":3},{"damage":0,"enemies":"Nemesis","floor":47,"turns":5},{"damage":0,"enemies":"4 Shapes","floor":48,"turns":4},{"damage":0,"enemies":"Donu and Deca","floor":50,"turns":1}],"seed_played":"4580661739168851385","potions_obtained":[{"floor":3.0,"key":"PowerPotion"},{"floor":10,"key":"Weak Potion"},{"floor":16,"key":"FocusPotion"},{"floor":23,"key":"EntropicBrew"},{"floor":33,"key":"Block Potion"},{"floor":41,"key":"PotionOfCapacity"},{"floor":45,"key":"LiquidMemories"}],"is_trial":false,"path_per_floor":["M","?","M","?","M","E","R","E","T","M","R","M","M","$","R","B",null,"M","M","M","M","M","E","R","E","T","E","R","?","R","?","R","B",null,"M","?","$","?","$","?","M","E","T","M","E","$","E","M","R","B",null],"character_chosen":"DEFECT","items_purchased":["Membership Card","Hologram","Loop","Ornamental Fan","Conserve Battery","Loop","Bottled Tornado","White Noise","Juzu Bracelet","Heatsinks","Chemical X","DollysMirror","MealTicket","Mercury Hourglass","Turbo+1","Static Discharge","Sadistic Nature","Fruit Juice","SkillPotion","Compile Driver"],"campfire_rested":1,"item_purchase_floors":[14,14,14,37,37,37,39,39,39,39,39,46,46,46,46,46,46,46,46,46],"current_hp_per_floor":[73,72,71,70,69,60,60,60,60,60,60,60,60,60,59,58,57,56,55,54,51,41,29,44,44,44,25,25,25,25,25,25,41,40,38,38,37,36,35,34,33,32,31,30,29,38,37,36,35,34],"gold":383,"neow_bonus":"","is_daily":true,"chose_seed":false,"campfire_upgraded":6,"win_rate":0.0,"timestamp":1608094498,"path_taken":["M","?","?","?","M","E","R","E","T","M","R","M","M","$","R","BOSS","M","M","M","M","?","E","R","E","T","E","R","?","R","?","R","BOSS","M","?","$","?","$","?","M","E","T","M","E","$","E","M","R","BOSS"],"items_purchased_type":["Relic","Card","Card","Relic","Card","Card","Relic","Card","Relic","Card","Relic","Relic","Relic","Relic","Card","Card","Card","Potion","Potion","Card"],"build_version":"2020-12-13","purchased_purges":1,"victory":true,"max_hp_per_floor":[73,72,71,70,69,68,67,66,65,64,63,62,61,60,59,58,57,56,55,54,53,52,51,50,49,48,47,46,45,44,43,42,41,40,39,38,37,36,35,34,33,32,31,30,29,38,37,36,35,34],"card_choices":[{"not_picked":["Hello World","Consume","Cold Snap"],"picked":"SKIP","floor":1.0},{"not_picked":["Leap","Conserve Battery"],"picked":"Ball Lightning","floor":3.0},{"not_picked":["Fusion","Steam"],"picked":"Hologram","floor":5.0},{"not_picked":["Redo","Static Discharge"],"picked":"Go for the Eyes","floor":6.0},{"not_picked":["Compile Driver","Chaos"],"picked":"Undo","floor":8},{"not_picked":["Force Field","Darkness"],"picked":"Auto Shields","floor":10},{"not_picked":["Beam Cell","Auto Shields"],"picked":"FTL","floor":12},{"not_picked":["Streamline","Beam Cell","Consume"],"picked":"SKIP","floor":13},{"not_picked":["Reboot","Hyperbeam"],"picked":"Rainbow","floor":16},{"not_picked":["Beam Cell","Rebound"],"picked":"Hologram","floor":18},{"not_picked":["Steam+1","Thunder Strike","Leap"],"picked":"SKIP","floor":19},{"not_picked":["Aggregate+1","Force Field+1"],"picked":"Capacitor","floor":20},{"not_picked":["Beam Cell+1","Double Energy"],"picked":"White Noise","floor":21},{"not_picked":["Skim","Barrage","Darkness"],"picked":"SKIP","floor":22},{"not_picked":["Sweeping Beam","Hologram"],"picked":"Seek","floor":23},{"not_picked":["Ball Lightning+1","Steam+1"],"picked":"Defragment+1","floor":25},{"not_picked":["Doom and Gloom","Cold Snap+1","Sweeping Beam"],"picked":"SKIP","floor":27},{"not_picked":["Meteor Strike","Seek"],"picked":"Core Surge","floor":33},{"not_picked":["Sweeping Beam","Redo+1"],"picked":"Coolheaded+1","floor":35},{"not_picked":["Secret Technique","Finesse"],"picked":"Mayhem","floor":36},{"not_picked":["Skim+1","Cold Snap"],"picked":"Double Energy+1","floor":41},{"not_picked":["Beam Cell","Capacitor+1"],"picked":"Turbo+1","floor":42},{"not_picked":["Streamline","Scrape+1","Redo+1"],"picked":"SKIP","floor":44},{"not_picked":["Fission+1","Gash+1"],"picked":"Turbo+1","floor":45},{"not_picked":["Fusion+1","Barrage+1"],"picked":"Coolheaded+1","floor":47},{"not_picked":["Leap+1","Go for the Eyes+1"],"picked":"Turbo+1","floor":48}],"player_experience":839911,"relics_obtained":[{"floor":6.0,"key":"Symbiotic Virus"},{"floor":8,"key":"Kunai"},{"floor":9,"key":"Art of War"},{"floor":23,"key":"Potion Belt"},{"floor":25,"key":"InkBottle"},{"floor":26,"key":"Omamori"},{"floor":27,"key":"Pantograph"},{"floor":42,"key":"Toxic Egg 2"},{"floor":43,"key":"Shuriken"},{"floor":45,"key":"HornCleat"},{"floor":47,"key":"StrikeDummy"}],"event_choices":[{"cards_removed":["Gash"],"damage_healed":0.0,"max_hp_gain":0.0,"max_hp_loss":0.0,"gold_gain":0.0,"event_name":"Wheel of Change","player_choice":"Card Removal","floor":2.0,"gold_loss":0.0,"damage_taken":0.0},{"damage_healed":0.0,"max_hp_gain":0.0,"max_hp_loss":0.0,"gold_gain":0.0,"event_name":"Purifier","player_choice":"Ignored","floor":4.0,"gold_loss":0.0,"damage_taken":0.0},{"damage_healed":0,"gold_gain":0,"player_choice":"Obtained Relic","damage_taken":0,"relics_obtained":["Peace Pipe"],"max_hp_gain":0,"max_hp_loss":0,"event_name":"Addict","floor":29,"gold_loss":85},{"cards_removed":["Auto Shields"],"damage_healed":0,"gold_gain":0,"player_choice":"Gave Gold","damage_taken":0,"max_hp_gain":0,"max_hp_loss":0,"event_name":"Beggar","floor":31,"gold_loss":75},{"damage_healed":0,"gold_gain":0,"player_choice":"Memory 1","damage_taken":0,"max_hp_gain":0,"max_hp_loss":0,"event_name":"SensoryStone","floor":36,"gold_loss":0},{"damage_healed":0,"gold_gain":999,"player_choice":"Gold","damage_taken":0,"max_hp_gain":0,"max_hp_loss":0,"event_name":"MindBloom","floor":38,"gold_loss":0,"cards_obtained":["Normality","Normality"]},{"cards_removed":["Rainbow"],"damage_healed":0,"gold_gain":0,"player_choice":"Removed Skill","damage_taken":0,"max_hp_gain":0,"max_hp_loss":0,"event_name":"Falling","floor":40,"gold_loss":0}],"is_beta":false,"boss_relics":[{"not_picked":["Philosopher\u0027s Stone","Astrolabe"],"picked":"SacredBark"},{"not_picked":["Empty Cage","FrozenCore"],"picked":"Fusion Hammer"}],"items_purged_floors":[46],"is_endless":false,"potions_floor_spawned":[3,10,16,18,19,23,33,41,45],"ascension_level":0}}