{"host":"jr9f8lmgw9kaplsw","time":1608146819,"event":{"mods":["AchievementEnabler","BaseMod","BetterRewards","Colored Map","Hubris","Minty Spire (QoL Compilation)","Replay The Spire","Shop Mod","StSLib","The Cursed"],"gold_per_floor":[114,114,129,129,144,174,174,204,229,229,292,327,182,27,27,132,132,152,172,172,101,101,136,171,206,231,266,16,71,71,71,71,176,176,196,196,114,134,134,154,154,189,189,209,253,185,185,214,214,223],"floor_reached":51,"playtime":2913,"items_purged":[],"score":995,"play_id":"7d12d676-94c0-4a17-9a08-5e8b399b3b3a","local_time":"20201216142659","daily_mods":["SealedDeck","Flight","Terminal"],"is_ascension_mode":false,"campfire_choices":[{"data":"TheCursedMod:CursedStaff","floor":7.0,"key":"SMITH"},{"data":"TheCursedMod:LuckyCharm","floor":10.0,"key":"SMITH"},{"floor":15.0,"key":"DIG"},{"floor":30.0,"key":"REST"},{"data":"hubris:DuctTapeCard","floor":32.0,"key":"SMITH"}],"circlet_count":0,"master_deck":["TheCursedMod:SpitefulStrike+1","TheCursedMod:Stigma+1","TheCursedMod:WearCloak+1","TheCursedMod:CursedMace+1","TheCursedMod:Stretching+1","TheCursedMod:CursedAmulet+1","TheCursedMod:CircleOfCorruption+1","TheCursedMod:HellfireBreathing+1","TheCursedMod:CircleOfBlood+1","TheCursedMod:WearCloak+1","TheCursedMod:CursedStaff+1","TheCursedMod:LuckyCharm+1","hubris:Greed","TheCursedMod:ShockAndAwe+1","TheCursedMod:NeowsMight+1","TheCursedMod:AntiAging+1","TheCursedMod:CircleOfFlame+1","TheCursedMod:LuckyCharm+1","TheCursedMod:SpitefulPray+1","TheCursedMod:StunningStrike+1","TheCursedMod:CursedMace+1","TheCursedMod:WearCloak+1","ReplayTheSpireMod:Splinters","TheCursedMod:CircleOfFlame+1","TheCursedMod:LuckyCharm+1","TheCursedMod:ForbiddenAlchemy+1","TheCursedMod:VitalStrike+1","TheCursedMod:HellfireBreathing+1","Madness+1","Madness+1","TheCursedMod:CircleOfCorruption+1","TheCursedMod:CircleOfCorruption+1","TheCursedMod:HellfireBreathing+1","hubris:DuctTapeCard","TheCursedMod:SurpriseAttack+1","hubris:Greed"],"relics":["TheCursedMod:BlackMagic101","hubris:SphereOfDissonance","ReplayTheSpireMod:TigerMarble","Art of War","Mango","Iron Hammer","Philosopher\u0027s Stone","Enchiridion","Regal Pillow","Pen Nib","Centennial Puzzle","Replay:WaspNest","hubris:DuctTape","Strawberry","Busted Crown","Orichalcum","Mummified Hand","CeramicFish","Mark of the Bloom"],"acts_visited":["Exordium","TheCity","TheBeyond"],"potions_floor_usage":[48,48,48,48,50,50,50,50,50,50],"damage_taken":[{"damage":0.0,"enemies":"Jaw Worm","floor":1.0,"turns":2.0},{"damage":0.0,"enemies":"Cultist","floor":3.0,"turns":3.0},{"damage":0.0,"enemies":"2 Louse","floor":5.0,"turns":3.0},{"damage":1.0,"enemies":"Gremlin Nob","floor":6.0,"turns":4.0},{"damage":11.0,"enemies":"3 Sentries","floor":8.0,"turns":7.0},{"damage":0.0,"enemies":"Replay:BlueRogue","floor":12.0,"turns":5.0},{"damage":8.0,"enemies":"Fading Forest","floor":16.0,"turns":11.0},{"damage":0.0,"enemies":"Spheric Guardian","floor":18.0,"turns":1.0},{"damage":0.0,"enemies":"Chosen","floor":19.0,"turns":1.0},{"damage":0.0,"enemies":"Replay:Snechameleon","floor":23.0,"turns":3.0},{"damage":21.0,"enemies":"Gremlin Leader","floor":24.0,"turns":4.0},{"damage":7.0,"enemies":"Slavers","floor":25.0,"turns":6.0},{"damage":23.0,"enemies":"Gremlin Leader","floor":27.0,"turns":5.0},{"damage":0.0,"enemies":"Automaton","floor":33.0,"turns":12.0},{"damage":2.0,"enemies":"3 Shapes","floor":35.0,"turns":4.0},{"damage":0.0,"enemies":"Orb Walker","floor":38.0,"turns":1.0},{"damage":0.0,"enemies":"Writhing Mass","floor":40.0,"turns":2.0},{"damage":0.0,"enemies":"Nemesis","floor":42.0,"turns":1.0},{"damage":0.0,"enemies":"Transient","floor":44.0,"turns":5.0},{"damage":13.0,"enemies":"Reptomancer","floor":45.0,"turns":4.0},{"damage":0,"enemies":"Jaw Worm Horde","floor":48,"turns":3},{"damage":40,"enemies":"Awakened One","floor":50,"turns":10}],"seed_played":"4580661739168851385","potions_obtained":[{"floor":3.0,"key":"Dexterity Potion"},{"floor":6.0,"key":"PowerPotion"},{"floor":19.0,"key":"Regen Potion"},{"floor":33.0,"key":"Energy Potion"},{"floor":42.0,"key":"TheCursedMod:DregsPotion"},{"floor":48,"key":"Death Potion"},{"floor":49,"key":"LiquidBronze"},{"floor":49,"key":"Flashbang"}],"is_trial":false,"path_per_floor":["M","?","M","?","M","E","R","E","T","R","?","E","$","$","R_BF","B",null,"M","M","?","$","?","E","E","E","T","E","$","?","R","$","R","B",null,"M","?","$","M","?","M","?","E","T","M","E","$","?","M","R_BF","B",null],"character_chosen":"THE_CURSED","items_purchased":["TheCursedMod:ShockAndAwe","TheCursedMod:NeowsMight","TheCursedMod:SpitefulPray","hubris:DuctTape","TheCursedMod:HellfireBreathing","TheCursedMod:HellfireBreathing"],"campfire_rested":1,"item_purchase_floors":[13,14,21,28,37,46],"current_hp_per_floor":[73,72,71,70,69,68,67,56,56,56,56,72,72,72,72,65,71,73,72,71,70,54,56,50,53,53,37,37,44,76,75,74,76,75,75,75,74,73,72,71,62,71,70,71,58,58,58,58,58,18],"gold":223,"neow_bonus":"","is_daily":true,"chose_seed":false,"campfire_upgraded":3,"win_rate":0.0,"timestamp":1608146819,"path_taken":["M","?","?","?","?","E","R","E","T","R","?","E","$","$","R_BF","BOSS","M","M","?","$","?","E","E","E","T","E","$","?","R","?","R","BOSS","M","?","$","?","?","?","?","E","T","M","E","$","?","M","R_BF","BOSS"],"items_purchased_type":["Card","Card","Card","Relic","Card","Card"],"build_version":"2020-12-13","purchased_purges":0,"victory":true,"max_hp_per_floor":[73,72,71,70,69,68,67,66,65,64,63,76,75,74,73,72,71,73,72,71,70,69,68,70,71,70,72,71,77,76,75,74,76,75,76,75,74,73,72,71,70,71,70,71,70,69,68,70,69,71],"card_choices":[{"not_picked":["TheCursedMod:SpitefulPlan","TheCursedMod:CircleOfBlood"],"picked":"TheCursedMod:SurpriseAttack","floor":1.0},{"not_picked":["TheCursedMod:Obscuration","TheCursedMod:SurpriseAttack"],"picked":"TheCursedMod:CircleOfBlood","floor":3.0},{"not_picked":["TheCursedMod:SpitefulStrike","TheCursedMod:Stigma"],"picked":"TheCursedMod:WearCloak","floor":5.0},{"not_picked":["TheCursedMod:CircleOfCorruption","TheCursedMod:SurpriseAttack"],"picked":"TheCursedMod:CursedStaff","floor":6.0},{"not_picked":["TheCursedMod:CursedShiv","TheCursedMod:CollectTribute"],"picked":"TheCursedMod:LuckyCharm","floor":8.0},{"not_picked":["TheCursedMod:BlessingInDisguise","TheCursedMod:ReleasedKnowledge","TheCursedMod:RavingStaff"],"picked":"SKIP","floor":12.0},{"not_picked":["TheCursedMod:ManaCirculation","TheCursedMod:OutForBlood"],"picked":"TheCursedMod:AntiAging","floor":16.0},{"not_picked":["TheCursedMod:SpreadPlague","TheCursedMod:Wield"],"picked":"TheCursedMod:CircleOfFlame+1","floor":18.0},{"not_picked":["TheCursedMod:CursedArmor","TheCursedMod:SoulCrush"],"picked":"TheCursedMod:LuckyCharm","floor":19.0},{"not_picked":["TheCursedMod:TroublousMinions","TheCursedMod:Stigma"],"picked":"TheCursedMod:StunningStrike","floor":23.0},{"not_picked":["TheCursedMod:BloodBarrier","TheCursedMod:SaltUponWound+1"],"picked":"TheCursedMod:CursedMace+1","floor":24.0},{"not_picked":["TheCursedMod:FleshFromBone","TheCursedMod:TroublousMinions"],"picked":"TheCursedMod:WearCloak","floor":25.0},{"not_picked":["TheCursedMod:SpitefulStrike+1","TheCursedMod:EmpowerCircles","TheCursedMod:UltimatePain"],"picked":"SKIP","floor":27.0},{"not_picked":["TheCursedMod:CircleOfBlood+1","TheCursedMod:Mangle"],"picked":"TheCursedMod:CircleOfFlame","floor":29.0},{"not_picked":["TheCursedMod:SoulReap","TheCursedMod:ManaBullet"],"picked":"TheCursedMod:LuckyCharm","floor":29.0},{"not_picked":["TheCursedMod:DemonicPact","TheCursedMod:ManaCirculation"],"picked":"TheCursedMod:ForbiddenAlchemy","floor":33.0},{"not_picked":[],"picked":"TheCursedMod:VitalStrike+1","floor":35.0},{"not_picked":["TheCursedMod:SpitefulPlan+1"],"picked":"SKIP","floor":38.0},{"not_picked":["TheCursedMod:SpitefulStrike+1"],"picked":"SKIP","floor":40.0},{"not_picked":[],"picked":"TheCursedMod:CircleOfCorruption+1","floor":42.0},{"not_picked":["TheCursedMod:ReleasedKnowledge+1"],"picked":"SKIP","floor":44.0},{"not_picked":[],"picked":"TheCursedMod:CircleOfCorruption+1","floor":45.0},{"not_picked":[],"picked":"TheCursedMod:SurpriseAttack+1","floor":48}],"player_experience":2771416,"relics_obtained":[{"floor":6.0,"key":"hubris:SphereOfDissonance"},{"floor":8.0,"key":"ReplayTheSpireMod:TigerMarble"},{"floor":9.0,"key":"Art of War"},{"floor":12.0,"key":"Mango"},{"floor":15.0,"key":"Iron Hammer"},{"floor":22.0,"key":"Enchiridion"},{"floor":23.0,"key":"Regal Pillow"},{"floor":25.0,"key":"Pen Nib"},{"floor":26.0,"key":"Centennial Puzzle"},{"floor":27.0,"key":"Replay:WaspNest"},{"floor":29.0,"key":"Strawberry"},{"floor":42.0,"key":"Orichalcum"},{"floor":43.0,"key":"Mummified Hand"},{"floor":45.0,"key":"CeramicFish"}],"event_choices":[{"cards_removed":["TheCursedMod:CursedAmulet"],"damage_healed":0.0,"max_hp_gain":0.0,"max_hp_loss":0.0,"gold_gain":0.0,"event_name":"Wheel of Change","player_choice":"Card Removal","floor":2.0,"gold_loss":0.0,"damage_taken":0.0},{"damage_healed":0.0,"max_hp_gain":0.0,"max_hp_loss":0.0,"gold_gain":0.0,"event_name":"Purifier","player_choice":"Ignored","floor":4.0,"gold_loss":0.0,"damage_taken":0.0},{"damage_healed":0.0,"max_hp_gain":0.0,"max_hp_loss":0.0,"gold_gain":63.0,"event_name":"Golden Wing","player_choice":"Gained Gold","floor":11.0,"gold_loss":0.0,"damage_taken":0.0},{"damage_healed":0.0,"max_hp_gain":0.0,"max_hp_loss":0.0,"gold_gain":0.0,"event_name":"Cursed Tome","player_choice":"Obtained Book","floor":22.0,"gold_loss":0.0,"damage_taken":16.0},{"damage_healed":0.0,"max_hp_gain":0.0,"max_hp_loss":0.0,"gold_gain":0.0,"event_name":"Transmorgrifier","player_choice":"Ignored","floor":36.0,"gold_loss":0.0,"damage_taken":0.0},{"damage_healed":0.0,"max_hp_gain":0.0,"max_hp_loss":0.0,"gold_gain":0.0,"event_name":"The Woman in Blue","player_choice":"Bought 0 Potions","floor":39.0,"gold_loss":0.0,"damage_taken":0.0},{"damage_healed":0.0,"max_hp_gain":0.0,"max_hp_loss":0.0,"gold_gain":0.0,"event_name":"Winding Halls","player_choice":"Embrace Madness","floor":41.0,"gold_loss":0.0,"damage_taken":9.0,"cards_obtained":["Madness","Madness"]},{"damage_healed":0.0,"max_hp_gain":0.0,"max_hp_loss":0.0,"gold_gain":0.0,"event_name":"MindBloom","player_choice":"Upgrade","floor":47.0,"gold_loss":0.0,"damage_taken":0.0,"cards_upgraded":["TheCursedMod:SpitefulStrike","TheCursedMod:Stigma","TheCursedMod:WearCloak","TheCursedMod:CursedMace","TheCursedMod:Stretching","TheCursedMod:CursedAmulet","TheCursedMod:CircleOfCorruption","TheCursedMod:HellfireBreathing","TheCursedMod:CircleOfBlood","TheCursedMod:WearCloak","TheCursedMod:ShockAndAwe","TheCursedMod:NeowsMight","TheCursedMod:AntiAging","TheCursedMod:LuckyCharm","TheCursedMod:SpitefulPray","TheCursedMod:StunningStrike","TheCursedMod:WearCloak","TheCursedMod:CircleOfFlame","TheCursedMod:LuckyCharm","TheCursedMod:ForbiddenAlchemy","TheCursedMod:HellfireBreathing","Madness","Madness","TheCursedMod:HellfireBreathing"],"relics_obtained":["Mark of the Bloom"]}],"is_beta":false,"boss_relics":[{"not_picked":["Runic Pyramid","hubris:GrandSneckoEye"],"picked":"Philosopher\u0027s Stone"},{"not_picked":["Honey Jar","Sozu"],"picked":"Busted Crown"}],"items_purged_floors":[],"is_endless":false,"potions_floor_spawned":[3,6,19,23,33,38,40,42,48],"ascension_level":0}}