{"host":"90jl2h70xtuoeg0i","time":1608160730,"event":{"mods":["AchievementEnabler","BaseMod","Colored Map","Colored Powertips","Minty Spire (QoL Compilation)","Relic Stats","ojb\u0027s Better Paths Mod","ojb\u0027s Info Mod"],"gold_per_floor":[113,124,124,135,155,155,189,206,206,206,79,94,109,120,120,120,120],"floor_reached":16,"playtime":1720,"items_purged":["Pain"],"score":212,"play_id":"b76dc3a2-823c-4e47-a9b0-190f477a6bff","local_time":"20201216181850","is_ascension_mode":true,"campfire_choices":[{"data":"Masterful Stab","floor":6,"key":"SMITH"},{"floor":15,"key":"REST"}],"circlet_count":0,"master_deck":["AscendersBane","Strike_G","Strike_G","Defend_G","Defend_G","Defend_G","Defend_G","Survivor","Neutralize","Underhanded Strike+1","Corpse Explosion+1","Underhanded Strike+1","Dagger Throw","Masterful Stab+1","Acrobatics","Crippling Poison","Adrenaline","All Out Attack","Accuracy","Deflect","PiercingWail","Leg Sweep"],"relics":["Astrolabe","WarpedTongs","InkBottle","Nunchaku"],"acts_visited":["Exordium"],"potions_floor_usage":[7,12,16],"damage_taken":[{"damage":3,"enemies":"Small Slimes","floor":1,"turns":3},{"damage":0,"enemies":"Cultist","floor":2,"turns":3},{"damage":1,"enemies":"Jaw Worm","floor":4,"turns":2},{"damage":0,"enemies":"Red Slaver","floor":5,"turns":2},{"damage":31,"enemies":"Lagavulin","floor":7,"turns":4},{"damage":1,"enemies":"2 Fungi Beasts","floor":8,"turns":3},{"damage":0,"enemies":"Gremlin Gang","floor":12,"turns":2},{"damage":4,"enemies":"3 Louse","floor":13,"turns":2},{"damage":4,"enemies":"Blue Slaver","floor":14,"turns":2},{"damage":35,"enemies":"Slime Boss","floor":16,"turns":6}],"seed_played":"1814838559637282127","potions_obtained":[{"floor":1,"key":"Ancient Potion"},{"floor":4,"key":"AttackPotion"},{"floor":5,"key":"AttackPotion"},{"floor":7,"key":"Dexterity Potion"}],"is_trial":false,"path_per_floor":["M","M","?","M","M","R","E","M","T","?","$","M","M","M","R","B"],"character_chosen":"THE_SILENT","items_purchased":["Deflect"],"campfire_rested":1,"item_purchase_floors":[11],"current_hp_per_floor":[56,56,56,55,55,55,24,23,23,23,23,23,19,15,34,0,0],"gold":120,"neow_bonus":"BOSS_RELIC","is_daily":false,"chose_seed":false,"campfire_upgraded":1,"win_rate":0.0,"timestamp":1608160730,"path_taken":["M","M","?","M","M","R","E","?","T","?","$","M","?","M","R","BOSS"],"items_purchased_type":["Card"],"build_version":"2020-12-13","purchased_purges":1,"victory":false,"max_hp_per_floor":[66,66,66,66,66,66,66,66,66,66,66,66,66,66,66,66,66],"relic_stats":{"Nunchaku":[2],"counters":[10,29],"Astrolabe":["Underhanded Strike","Corpse Explosion","Underhanded Strike"],"obtain_stats":[{"Nunchaku":9,"Astrolabe":0,"InkBottle":7,"Ring of the Snake":0,"WarpedTongs":3},{"Nunchaku":6,"Astrolabe":0,"InkBottle":5,"Ring of the Snake":0,"WarpedTongs":2},{"Nunchaku":17,"Astrolabe":0,"InkBottle":14,"Ring of the Snake":0,"WarpedTongs":6}],"InkBottle":[5],"WarpedTongs":[23]},"card_choices":[{"not_picked":["Leg Sweep","Dodge and Roll"],"picked":"Dagger Throw","floor":1},{"not_picked":["Calculated Gamble","Finisher"],"picked":"Masterful Stab","floor":2},{"not_picked":["Flechettes","Cloak And Dagger"],"picked":"Acrobatics","floor":4},{"not_picked":["Poisoned Stab","Flying Knee"],"picked":"Crippling Poison","floor":5},{"not_picked":["Prepared","Dodge and Roll"],"picked":"Adrenaline","floor":7},{"not_picked":["Prepared","Acrobatics"],"picked":"All Out Attack","floor":8},{"not_picked":["Outmaneuver","Calculated Gamble"],"picked":"PiercingWail","floor":12},{"not_picked":["Acrobatics","Skewer","Quick Slash"],"picked":"SKIP","floor":13},{"not_picked":["Blur","Sucker Punch"],"picked":"Leg Sweep","floor":14}],"player_experience":1320629,"relics_obtained":[{"floor":7,"key":"InkBottle"},{"floor":9,"key":"Nunchaku"}],"event_choices":[{"damage_healed":0,"gold_gain":0,"player_choice":"Rummage","damage_taken":0,"relics_obtained":["WarpedTongs"],"max_hp_gain":0,"max_hp_loss":0,"event_name":"Accursed Blacksmith","floor":3,"gold_loss":0,"cards_obtained":["Pain"]},{"damage_healed":0,"gold_gain":0,"cards_transformed":["Strike_G"],"player_choice":"Transformed","damage_taken":0,"max_hp_gain":0,"max_hp_loss":0,"event_name":"Transmorgrifier","floor":10,"gold_loss":0,"cards_obtained":["Accuracy"]}],"is_beta":false,"boss_relics":[],"items_purged_floors":[11],"is_endless":false,"potions_floor_spawned":[1,4,5,7],"killed_by":"Slime Boss","ascension_level":20}}