{"host":"y9c31ugcc5enwcvp","time":1608161158,"event":{"mods":["Act Like it!","BaseMod","Better Match","Better Note","Better Skull","Better Third Choice","Better Vampires","Colored Powertips","Downfall","Gremlin Skip","Hermit","Minty Spire (QoL Compilation)","Rare Cards Sparkle","Relic Stats","Small Relic Pack","Spicy Shops","StSLib","The Bug Knight","The Construct","The Cursed","The Disciple","The Judge","The Servant 0.9.4","The Wild Card","Unceasing Turn Reminder","Waifu the Spire","slay the spire mod where everything is the same but ironclad has a cowboy hat"],"gold_per_floor":[109,127,140,156,58,58,58],"floor_reached":6,"playtime":451,"items_purged":["construct:Strike_Gold"],"score":38,"play_id":"8fb14a40-ee1d-4a0c-9944-227a08c434e7","local_time":"20201216172558","is_ascension_mode":false,"campfire_choices":[],"circlet_count":0,"master_deck":["construct:Strike_Gold","construct:Strike_Gold","construct:Strike_Gold","construct:Strike_Gold","construct:Defend_Gold","construct:Defend_Gold","construct:Defend_Gold","construct:Defend_Gold","construct:Defend_Gold","construct:AttackMode","construct:DefenseMode","construct:SuppressiveFire","construct:ClusterMines","construct:ChargeShot","construct:PointDefense","construct:Autoturret"],"relics":["construct:Cogwheel","NeowsBlessing"],"acts_visited":["Exordium"],"potions_floor_usage":[6],"damage_taken":[{"damage":0,"enemies":"Cultist","floor":1,"turns":2},{"damage":0,"enemies":"2 Louse","floor":2,"turns":1},{"damage":0,"enemies":"Jaw Worm","floor":3,"turns":1},{"damage":38,"enemies":"Gremlin Gang","floor":4,"turns":4},{"damage":0,"enemies":"Lagavulin","floor":6,"turns":4}],"seed_played":"-4327142042538928955","potions_obtained":[{"floor":2,"key":"SteroidPotion"}],"is_trial":false,"path_per_floor":["M","M","M","M","$","E"],"character_chosen":"THE_CONSTRUCT_MOD","items_purchased":["construct:Autoturret"],"campfire_rested":0,"item_purchase_floors":[5],"current_hp_per_floor":[85,85,85,47,47,47,47],"gold":58,"neow_bonus":"THREE_ENEMY_KILL","is_daily":false,"chose_seed":false,"campfire_upgraded":0,"win_rate":0.0,"timestamp":1608161158,"path_taken":["M","M","M","M","?","E"],"items_purchased_type":["Card"],"build_version":"2020-12-13","purchased_purges":1,"victory":false,"max_hp_per_floor":[85,85,85,85,85,85,85],"relic_stats":{"counters":[5,12],"obtain_stats":[{"NeowsBlessing":0,"construct:Cogwheel":0},{"NeowsBlessing":0,"construct:Cogwheel":0},{"NeowsBlessing":0,"construct:Cogwheel":0}]},"card_choices":[{"not_picked":["construct:Backfire","construct:ScopeCore"],"picked":"construct:SuppressiveFire","floor":1},{"not_picked":["construct:ScrapCannon","construct:Antimatter"],"picked":"construct:ClusterMines","floor":2},{"not_picked":["construct:Forcefield","construct:SaveState"],"picked":"construct:ChargeShot","floor":3},{"not_picked":["construct:ScrapCannon","construct:Backfire"],"picked":"construct:PointDefense","floor":4}],"player_experience":97372,"relics_obtained":[],"event_choices":[],"is_beta":false,"boss_relics":[],"items_purged_floors":[5],"is_endless":false,"potions_floor_spawned":[2],"killed_by":"Lagavulin","ascension_level":0}}