{"host":"i9o21tdcc8l3o4rw","time":1608143407,"event":{"mods":["2.2 Compatiblity","Act Like it!","BaseMod","BetterRewards","Colored Map","Colored Powertips","Hermit","Hubris","Marisa????????","Menagerie","Minty Spire (QoL Compilation)","Replay The Spire","Shop Mod","StSLib","The Disciple","The Necromancer","The Servant 0.9.4"],"gold_per_floor":[109,127,141,157,8,8,18,53,53,53,53,64,74,74,74,177,177,161,101,115,8,8,8,27,27,27,27,46,46,64,24,24,126,126,145,145,158,158,12,12,12,12],"floor_reached":41,"playtime":19290,"items_purged":[],"score":393,"play_id":"dce91e2e-0109-4dcf-980e-e0bfc3112738","local_time":"20201216193007","is_ascension_mode":false,"campfire_choices":[{"data":"Distraction","floor":6,"key":"SMITH"},{"floor":11,"key":"REST"},{"floor":15,"key":"REST"},{"floor":23,"key":"REST"},{"floor":25,"key":"REST"},{"data":"Crippling Poison","floor":27,"key":"SMITH"},{"floor":29,"key":"REST"},{"floor":32,"key":"REST"},{"floor":40,"key":"REST"}],"circlet_count":0,"master_deck":["Strike_G","Strike_G","Strike_G+1","Strike_G","Defend_G","Defend_G","Defend_G","Defend_G","Defend_G","Survivor","Neutralize","Catalyst","Replay:Poison Smokescreen","Dagger Spray","Quick Slash","Distraction+1","ReplayTheSpireMod:Private Reserves","Dagger Spray","Outmaneuver","Poisoned Stab","Dodge and Roll","Hidden Blade","A Thousand Cuts","Slice+1","Slice+1","Crippling Poison+1","Dash","Poisoned Stab","Deadly Poison","Leg Sweep","Bouncing Flask","Wraith Form v2","Bane+1","Poisoned Stab+1"],"relics":["Ring of the Snake","hubris:DeckOfHolding","Letter Opener","Replay:Multitool","hubris:MysteriousPyramids","hubris:Backtick","Ice Cream","hubris:Towel","TwistedFunnel"],"acts_visited":["Exordium","TheCity","TheBeyond"],"potions_floor_usage":[20,20,28,33,33],"damage_taken":[{"damage":0,"enemies":"Small Slimes","floor":1,"turns":3},{"damage":2,"enemies":"Cultist","floor":2,"turns":4},{"damage":1,"enemies":"2 Louse","floor":3,"turns":2},{"damage":0,"enemies":"Looter","floor":4,"turns":4},{"damage":0,"enemies":"2 Fungi Beasts","floor":7,"turns":2},{"damage":45,"enemies":"Gremlin Nob","floor":8,"turns":5},{"damage":4,"enemies":"Lots of Slimes","floor":12,"turns":2},{"damage":0,"enemies":"Blue Slaver","floor":13,"turns":3},{"damage":51,"enemies":"Fading Forest","floor":16,"turns":11},{"damage":21,"enemies":"2 Thieves","floor":18,"turns":4},{"damage":19,"enemies":"Spheric Guardian","floor":20,"turns":4},{"damage":19,"enemies":"3 Cultists","floor":24,"turns":6},{"damage":22,"enemies":"Centurion and Healer","floor":28,"turns":7},{"damage":13,"enemies":"Chosen and Byrds","floor":30,"turns":5},{"damage":58,"enemies":"hubris:MusketHawk","floor":33,"turns":11},{"damage":72,"enemies":"3 Darklings","floor":35,"turns":7},{"damage":14,"enemies":"Orb Walker","floor":37,"turns":4},{"damage":28,"enemies":"Sphere and 2 Shapes","floor":41,"turns":6}],"seed_played":"8388461413744233480","potions_obtained":[{"floor":1,"key":"CunningPotion"},{"floor":2,"key":"FearPotion"},{"floor":12,"key":"Elixir"},{"floor":13,"key":"SpeedPotion"},{"floor":16,"key":"Fire Potion"},{"floor":20,"key":"FairyPotion"},{"floor":28,"key":"Energy Potion"},{"floor":30,"key":"FearPotion"}],"is_trial":false,"path_per_floor":["M","M","M","M","$","R","M","E","T","?","R","M","M","?","R","B",null,"M","?","M","$","?","R","M","R","T","R","M","R","M","$","R","B",null,"M","?","M","?","$","R","M"],"character_chosen":"THE_SILENT","items_purchased":["ReplayTheSpireMod:Private Reserves","Dagger Spray","Crippling Poison","Dash","Bouncing Flask","TwistedFunnel"],"campfire_rested":7,"item_purchase_floors":[5,5,21,21,31,39],"current_hp_per_floor":[70,68,67,67,67,67,67,22,22,22,43,39,39,39,60,29,70,49,49,30,30,30,51,32,53,53,53,31,52,39,39,60,2,70,20,20,6,6,6,27,0,0],"gold":12,"neow_bonus":"TRANSFORM_CARD","is_daily":false,"chose_seed":false,"campfire_upgraded":2,"win_rate":0.0,"timestamp":1608143407,"path_taken":["M","M","M","M","$","R","M","E","T","?","R","?","M","?","R","BOSS","M","?","M","$","?","R","M","R","T","R","M","R","M","$","R","BOSS","M","?","M","?","$","R","M"],"items_purchased_type":["Card","Card","Card","Card","Card","Relic"],"build_version":"2020-11-29","purchased_purges":0,"victory":false,"max_hp_per_floor":[70,70,70,70,70,70,70,70,70,70,70,70,70,70,70,70,70,70,70,70,70,70,70,70,70,70,70,70,70,70,70,70,70,70,70,70,70,70,70,70,70,70],"card_choices":[{"not_picked":["Well Laid Plans","ReplayTheSpireMod:Speed Training"],"picked":"Replay:Poison Smokescreen","floor":1},{"not_picked":["hubris:SlightOfHand","Backflip"],"picked":"Dagger Spray","floor":2},{"not_picked":["Hidden Blade","ReplayTheSpireMod:Tripwire"],"picked":"Quick Slash","floor":3},{"not_picked":["Dodge and Roll","Heel Hook"],"picked":"Distraction","floor":4},{"not_picked":["Tactician","Backflip"],"picked":"Outmaneuver","floor":7},{"not_picked":["Terror","Deflect"],"picked":"Poisoned Stab","floor":8},{"not_picked":["hubris:SlightOfHand","PiercingWail"],"picked":"Dodge and Roll","floor":12},{"not_picked":["Flechettes","ReplayTheSpireMod:Scrap Shanks"],"picked":"Hidden Blade","floor":13},{"not_picked":["Replay:Bag of Tricks","Adrenaline"],"picked":"A Thousand Cuts","floor":16},{"not_picked":["Outmaneuver","Leg Sweep+1"],"picked":"Slice+1","floor":18},{"not_picked":["hubris:Counter+1","PiercingWail"],"picked":"Slice+1","floor":20},{"not_picked":["Well Laid Plans+1","Acrobatics"],"picked":"Poisoned Stab","floor":24},{"not_picked":["Underhanded Strike","Deflect"],"picked":"Deadly Poison","floor":28},{"not_picked":["Flying Knee","Dagger Spray"],"picked":"Leg Sweep","floor":30},{"not_picked":["Phantasmal Killer","ReplayTheSpireMod:From All Sides"],"picked":"Wraith Form v2","floor":33},{"not_picked":["Deflect","Outmaneuver+1"],"picked":"Bane+1","floor":35},{"not_picked":["Reflex+1","Flying Knee"],"picked":"Poisoned Stab+1","floor":37}],"player_experience":86090,"relics_obtained":[{"floor":8,"key":"hubris:DeckOfHolding"},{"floor":9,"key":"Letter Opener"},{"floor":26,"key":"hubris:MysteriousPyramids"}],"event_choices":[{"damage_healed":0,"gold_gain":0,"player_choice":"Gave Potion","damage_taken":0,"relics_obtained":["Replay:Multitool"],"max_hp_gain":0,"max_hp_loss":0,"event_name":"WeMeetAgain","floor":10,"gold_loss":0}],"is_beta":false,"boss_relics":[{"not_picked":["Busted Crown","Runic Dome","ReplayTheSpireMod:DimensionalGlitch"]},{"not_picked":["hubris:VirtuousBlindfold","Ring of Chaos"],"picked":"hubris:Backtick"}],"items_purged_floors":[],"is_endless":false,"potions_floor_spawned":[1,2,12,13,16,18,20,28,30],"killed_by":"Sphere and 2 Shapes","ascension_level":0}}