{"host":"y89x8uui45kcjy42","time":1608125240,"event":{"mods":["2.2 Compatiblity","BaseMod","CapriCore","Colored Map","Colored Powertips","Custom Start","Friendly Minions","Highlight Path","Keyboard Shortcuts","Minty Spire (QoL Compilation)","Relic Stats","Slay the Relics Exporter","StSLib","SuperFastMode","The Gatherer","Waifu the Spire"],"gold_per_floor":[119,79,89,89,114,114,135,153,221,221,240,269,344,344,344,464,464,479,218,218,241,256,256,294,294,341,362,383,383,383,421,421,546,546,559,577,577,598,447,482,482,482,509,521,866,878,890,937,949,961,973,985,0,35,35],"floor_reached":56,"playtime":1995,"items_purged":["Gatherer:Strike_Gatherer","Gatherer:Strike_Gatherer","Gatherer:Strike_Gatherer"],"score":1356,"play_id":"e0b1564f-b01e-471b-9111-7265b491f880","local_time":"20201216222720","is_ascension_mode":true,"metric_token":1053,"campfire_choices":[{"data":"Gatherer:DrugPower","floor":6.0,"key":"SMITH"},{"data":"Gatherer:Centralize","floor":10.0,"key":"SMITH"},{"data":"Gatherer:FlowerPower","floor":15.0,"key":"SMITH"},{"data":"Apotheosis","floor":23.0,"key":"SMITH"},{"data":"Gatherer:SpareBottle","floor":25.0,"key":"SMITH"},{"floor":32.0,"key":"REST"},{"data":"Gatherer:BomberForm","floor":41.0,"key":"SMITH"},{"floor":44.0,"key":"RECALL"},{"floor":49,"key":"REST"},{"data":"Gatherer:UpgradeBag","floor":52,"key":"SMITH"}],"circlet_count":0,"master_deck":["Gatherer:Defend_Gatherer","Gatherer:Defend_Gatherer","Gatherer:Defend_Gatherer","Gatherer:Defend_Gatherer","Gatherer:Defend_Gatherer","Gatherer:Centralize+1","Gatherer:FlowerWhip+1","Gatherer:FlowerShield+1","Gatherer:DrugPower+1","Gatherer:FlowerPower+2","Apotheosis+1","Gatherer:SpareBottle+1","Gatherer:SmartManeuver+1","Gatherer:Nutrients+1","Gatherer:AlchemyTrial+1","Necronomicurse","Gatherer:BomberForm+1","Gatherer:UpgradeBag+1","Gatherer:Liquidism","Gatherer:SpareBottle+1"],"relics":["Gatherer:AlchemyBag","Gambling Chip","Odd Mushroom","Philosopher\u0027s Stone","Gatherer:Leftovers","Juzu Bracelet","Necronomicon","Pen Nib","SacredBark","Nunchaku","MawBank","Regal Pillow","DollysMirror","Torii","Incense Burner","Shuriken"],"acts_visited":["Exordium","TheCity","TheBeyond","TheEnding"],"potions_floor_usage":[48,50,55,55],"damage_taken":[{"damage":3.0,"enemies":"Jaw Worm","floor":1.0,"turns":3.0},{"damage":0.0,"enemies":"Cultist","floor":3.0,"turns":4.0},{"damage":0.0,"enemies":"2 Louse","floor":5.0,"turns":3.0},{"damage":0.0,"enemies":"Large Slime","floor":7.0,"turns":4.0},{"damage":0.0,"enemies":"Gremlin Gang","floor":8.0,"turns":3.0},{"damage":2.0,"enemies":"Looter","floor":11.0,"turns":3.0},{"damage":13.0,"enemies":"The Mushroom Lair","floor":12.0,"turns":4.0},{"damage":2.0,"enemies":"The Guardian","floor":16.0,"turns":11.0},{"damage":10.0,"enemies":"Chosen","floor":18.0,"turns":5.0},{"damage":10.0,"enemies":"2 Thieves","floor":21.0,"turns":4.0},{"damage":4.0,"enemies":"Centurion and Healer","floor":22.0,"turns":10.0},{"damage":0.0,"enemies":"Book of Stabbing","floor":24.0,"turns":6.0},{"damage":0.0,"enemies":"Shelled Parasite and Fungi","floor":27.0,"turns":5.0},{"damage":0.0,"enemies":"3 Cultists","floor":28.0,"turns":4.0},{"damage":18.0,"enemies":"Slavers","floor":31.0,"turns":7.0},{"damage":1.0,"enemies":"Champ","floor":33.0,"turns":11.0},{"damage":8.0,"enemies":"3 Shapes","floor":35.0,"turns":3.0},{"damage":11.0,"enemies":"3 Darklings","floor":36.0,"turns":2.0},{"damage":15.0,"enemies":"4 Shapes","floor":38.0,"turns":3.0},{"damage":0.0,"enemies":"Nemesis","floor":40.0,"turns":5.0},{"damage":30,"enemies":"Reptomancer","floor":48,"turns":5},{"damage":34,"enemies":"Awakened One","floor":50,"turns":7},{"damage":40,"enemies":"Shield and Spear","floor":54,"turns":4},{"damage":61,"enemies":"The Heart","floor":55,"turns":6}],"seed_played":"918256291783917367","potions_obtained":[{"floor":2.0,"key":"Fire Potion"},{"floor":2.0,"key":"PowerPotion"},{"floor":2.0,"key":"CultistPotion"},{"floor":11.0,"key":"DistilledChaos"},{"floor":16.0,"key":"Explosive Potion"},{"floor":22.0,"key":"Ancient Potion"},{"floor":24.0,"key":"PowerPotion"},{"floor":28.0,"key":"BloodPotion"},{"floor":31.0,"key":"Ancient Potion"},{"floor":48,"key":"LiquidMemories"},{"floor":54,"key":"DuplicationPotion"}],"is_trial":false,"path_per_floor":["M","?","M","?","M","R","M","M","T","R","M","?","?","?","R","B",null,"M","$","?","M","M","R","E","R","T","M","M","?","?","E","R","B",null,"M","M","?","M","$","E","R","?","T","R","?","?","?","E","R","B",null,"R","$","E","B",null],"character_chosen":"THE_GATHERER","items_purchased":["Apotheosis","Explosive Potion","DollysMirror","Torii","Incense Burner","DuplicationPotion","PowerPotion"],"campfire_rested":2,"item_purchase_floors":[19,39,53,53,53,53,53],"current_hp_per_floor":[48,48,48,48,48,48,48,48,48,48,46,33,22,15,15,13,67,57,57,57,47,43,43,43,43,43,43,43,27,27,9,29,28,67,59,48,48,33,59,59,59,59,59,59,59,59,59,29,63,29,64,64,64,24,25],"gold":35,"neow_bonus":"ONE_RARE_RELIC","is_daily":false,"chose_seed":false,"campfire_upgraded":7,"win_rate":0.0,"timestamp":1608125240,"path_taken":["M","?","?","?","M","R","M","M","T","R","M","?","?","?","R","BOSS","M","$","?","M","?","R","E","R","T","M","M","?","?","E","R","BOSS","M","M","?","M","$","E","R","?","T","R","?","?","?","E","R","BOSS","R","$","E","BOSS"],"items_purchased_type":["Card","Potion","Relic","Relic","Relic","Potion","Potion"],"build_version":"2020-12-13","purchased_purges":3,"victory":true,"max_hp_per_floor":[72,72,72,67,67,67,67,67,67,67,67,67,67,67,67,67,67,67,67,67,67,67,67,67,67,67,67,67,67,67,67,67,67,67,67,67,67,67,67,67,67,67,67,67,67,64,64,64,64,64,64,64,64,64,64],"relic_stats":{"Nunchaku":[2],"Regal Pillow":15,"Torii":0,"counters":[24,122],"Shuriken":[1],"Gambling Chip":[68],"Pen Nib":[5],"Juzu Bracelet":1,"Necronomicon":[19],"MawBank":120,"obtain_stats":[{"Regal Pillow":48,"Gatherer:Leftovers":24,"Torii":53,"Golden Idol":4,"SacredBark":34,"Pen Nib":31,"Juzu Bracelet":26,"Incense Burner":53,"Odd Mushroom":12,"MawBank":43,"Nunchaku":40,"DollysMirror":53,"Shuriken":54,"Gambling Chip":0,"Philosopher\u0027s Stone":17,"Necronomicon":29,"Gatherer:AlchemyBag":0},{"Regal Pillow":21,"Gatherer:Leftovers":12,"Torii":22,"Golden Idol":2,"SacredBark":16,"Pen Nib":15,"Juzu Bracelet":12,"Incense Burner":22,"Odd Mushroom":7,"MawBank":20,"Nunchaku":20,"DollysMirror":22,"Shuriken":23,"Gambling Chip":0,"Philosopher\u0027s Stone":8,"Necronomicon":14,"Gatherer:AlchemyBag":0},{"Regal Pillow":105,"Gatherer:Leftovers":60,"Torii":112,"Golden Idol":7,"SacredBark":87,"Pen Nib":76,"Juzu Bracelet":60,"Incense Burner":112,"Odd Mushroom":24,"MawBank":100,"Nunchaku":100,"DollysMirror":112,"Shuriken":116,"Gambling Chip":0,"Philosopher\u0027s Stone":35,"Necronomicon":69,"Gatherer:AlchemyBag":0}]},"card_choices":[{"not_picked":["Gatherer:TreeGrowth","Gatherer:AromaProtection"],"picked":"Gatherer:FlowerShield","floor":1.0},{"not_picked":["Gatherer:ScentOfRosmari","Gatherer:EnergyBasket"],"picked":"Gatherer:DrugPower","floor":3.0},{"not_picked":["Gatherer:FlowerFalling","Gatherer:WoolGloves","Gatherer:Convert"],"picked":"SKIP","floor":5.0},{"not_picked":["Gatherer:WoolGloves","Gatherer:CollectorsShot","Gatherer:GatherMaterial"],"picked":"SKIP","floor":7.0},{"not_picked":["Gatherer:AromaProtection","Gatherer:RecipeChange","Gatherer:DrugPower"],"picked":"SKIP","floor":8.0},{"not_picked":["Gatherer:Transmute","Gatherer:ScentOfRosmari","Gatherer:FruitForce"],"picked":"SKIP","floor":11.0},{"not_picked":["Gatherer:Pollute","Gatherer:GatherMaterial"],"picked":"Gatherer:FlowerPower","floor":12.0},{"not_picked":["Gatherer:MindSearch","Gatherer:PoisonMastery"],"picked":"Gatherer:BomberForm","floor":16.0},{"not_picked":["Gatherer:Pollute","Gatherer:VenomBarrier","Gatherer:RecipeChange"],"picked":"SKIP","floor":18.0},{"not_picked":["Gatherer:Convert","Gatherer:CollectorsShot"],"picked":"Gatherer:SmartManeuver+1","floor":21.0},{"not_picked":["Gatherer:Duality","Gatherer:Solidify"],"picked":"Gatherer:Nutrients+1","floor":22.0},{"not_picked":["Gatherer:ScherryThrow","Gatherer:Polymorphism","Gatherer:Enchant+1"],"picked":"SKIP","floor":24.0},{"not_picked":["Gatherer:CollectorsShot","Gatherer:TreeGrowth"],"picked":"Gatherer:AlchemyTrial","floor":27.0},{"not_picked":["Gatherer:Transmute","Gatherer:TacticalStrike","Gatherer:SealedBomb"],"picked":"SKIP","floor":28.0},{"not_picked":["Gatherer:CollectorsShot","Gatherer:Enchant+1","Gatherer:MiningStrike+1"],"picked":"SKIP","floor":31.0},{"not_picked":["Gatherer:ColorfulGarden","Gatherer:FinishingStrike"],"picked":"Gatherer:BomberForm","floor":33.0},{"not_picked":["Gatherer:WoolGloves","Gatherer:PotentialSlash"],"picked":"Gatherer:UpgradeBag","floor":35.0},{"not_picked":["Gatherer:DrugPower+1","Gatherer:AcidicSpray","Gatherer:TacticalStrike+1"],"picked":"SKIP","floor":36.0},{"not_picked":["Gatherer:AlchemyTrial","Gatherer:AcidicSpray","Gatherer:AromaProtection+1"],"picked":"SKIP","floor":38.0},{"not_picked":["Gatherer:Solidify","Gatherer:TreeGrowth+1"],"picked":"Gatherer:Liquidism","floor":40.0},{"not_picked":["Gatherer:PotentialSlash+1","Gatherer:FlowerPower","Gatherer:GatherMaterial"],"picked":"SKIP","floor":48},{"not_picked":["Gatherer:RottenStipe+1","Gatherer:ColorfulGarden","Gatherer:AcidicSpray"],"picked":"SKIP","floor":54}],"player_experience":506329,"relics_obtained":[{"floor":12.0,"key":"Odd Mushroom"},{"floor":24.0,"key":"Gatherer:Leftovers"},{"floor":26.0,"key":"Juzu Bracelet"},{"floor":29.0,"key":"Necronomicon"},{"floor":31.0,"key":"Pen Nib"},{"floor":40.0,"key":"Nunchaku"},{"floor":43.0,"key":"MawBank"},{"floor":48,"key":"Regal Pillow"},{"floor":54,"key":"Shuriken"}],"event_choices":[{"damage_healed":0.0,"max_hp_gain":0.0,"max_hp_loss":0.0,"gold_gain":0.0,"event_name":"The Woman in Blue","player_choice":"Bought 3 Potions","floor":2.0,"gold_loss":0.0,"damage_taken":0.0},{"damage_healed":0.0,"max_hp_gain":0.0,"max_hp_loss":5.0,"gold_gain":0.0,"event_name":"Golden Idol","player_choice":"Lose Max HP","floor":4.0,"gold_loss":0.0,"damage_taken":0.0,"relics_obtained":["Golden Idol"]},{"damage_healed":0.0,"max_hp_gain":0.0,"max_hp_loss":0.0,"gold_gain":0.0,"event_name":"Mushrooms","player_choice":"Fought Mushrooms","floor":12.0,"gold_loss":0.0,"damage_taken":0.0},{"damage_healed":0.0,"max_hp_gain":0.0,"max_hp_loss":0.0,"gold_gain":75.0,"event_name":"World of Goop","player_choice":"Gather Gold","floor":13.0,"gold_loss":0.0,"damage_taken":11.0},{"cards_removed":["Gatherer:Strike_Gatherer"],"damage_healed":0.0,"max_hp_gain":0.0,"max_hp_loss":0.0,"gold_gain":0.0,"event_name":"Golden Wing","player_choice":"Card Removal","floor":14.0,"gold_loss":0.0,"damage_taken":7.0},{"cards_removed":["Gatherer:BomberForm"],"damage_healed":0.0,"max_hp_gain":0.0,"max_hp_loss":0.0,"gold_gain":0.0,"event_name":"Gatherer:BottleCollector","player_choice":"Got a Spare Bottle","floor":20.0,"gold_loss":0.0,"damage_taken":0.0,"cards_obtained":["Gatherer:SpareBottle"]},{"damage_healed":0.0,"max_hp_gain":0.0,"max_hp_loss":0.0,"gold_gain":0.0,"event_name":"Cursed Tome","player_choice":"Obtained Book","floor":29.0,"gold_loss":0.0,"damage_taken":16.0},{"damage_healed":0.0,"max_hp_gain":0.0,"max_hp_loss":0.0,"gold_gain":0.0,"event_name":"Accursed Blacksmith","player_choice":"Forge","floor":30.0,"gold_loss":0.0,"damage_taken":0.0,"cards_upgraded":["Gatherer:AlchemyTrial"]},{"damage_healed":0.0,"max_hp_gain":0.0,"max_hp_loss":0.0,"gold_gain":0.0,"event_name":"Tomb of Lord Red Mask","player_choice":"Ignored","floor":37.0,"gold_loss":0.0,"damage_taken":0.0},{"cards_removed":["Gatherer:Strike_Gatherer"],"damage_healed":0.0,"max_hp_gain":0.0,"max_hp_loss":0.0,"gold_gain":0.0,"event_name":"Purifier","player_choice":"Purged","floor":42.0,"gold_loss":0.0,"damage_taken":0.0},{"damage_healed":0.0,"max_hp_gain":0.0,"max_hp_loss":0.0,"gold_gain":333.0,"event_name":"The Moai Head","player_choice":"Gave Idol","floor":45.0,"relics_lost":["Golden Idol"],"gold_loss":0.0,"damage_taken":0.0},{"damage_healed":0.0,"max_hp_gain":0.0,"max_hp_loss":3.0,"gold_gain":0.0,"event_name":"Winding Halls","player_choice":"Max HP","floor":46.0,"gold_loss":0.0,"damage_taken":0.0},{"damage_healed":0,"gold_gain":0,"player_choice":"Ignored","damage_taken":0,"max_hp_gain":0,"max_hp_loss":0,"event_name":"SecretPortal","floor":47,"gold_loss":0}],"is_beta":false,"boss_relics":[{"not_picked":["Astrolabe","Calling Bell"],"picked":"Philosopher\u0027s Stone"},{"not_picked":["Tiny House","Sozu"],"picked":"SacredBark"}],"items_purged_floors":[19,39,53],"is_endless":false,"potions_floor_spawned":[7,11,16,22,24,28,31,40,48,54],"ascension_level":1}}