{"host":"un97lkyah1pp4w16","time":1608131461,"event":{"mods":["BaseMod","Colored Map","Colored Powertips","Minty Spire (QoL Compilation)","StSLib","SuperFastMode"],"gold_per_floor":[116,131,141,316,391,391,402,402,428,428,442,442,476,496,496,591,591,603,702,702,720,720,720,730,1,48,48,0,0,0,10,10,115,115,131,41,56,56,56],"floor_reached":38,"playtime":1394,"items_purged":[],"score":374,"play_id":"f7d6a747-94bd-4a19-91da-c6ce64f525dd","local_time":"20201216231101","is_ascension_mode":false,"campfire_choices":[{"floor":6,"key":"REST"},{"floor":8,"key":"RECALL"},{"floor":15,"key":"REST"},{"floor":23,"key":"REST"},{"floor":27,"key":"REST"},{"data":"Berserk","floor":30,"key":"SMITH"},{"floor":32,"key":"REST"}],"circlet_count":0,"master_deck":["Flex","Burning Pact+1","Double Tap","Warcry","Reaper","Reckless Charge","Uppercut","Twin Strike","Twin Strike","Combust","Power Through","Searing Blow+1","Iron Wave","Pommel Strike","Second Wind","Twin Strike","Berserk+1","Anger","Shrug It Off","Fire Breathing","Panache","Inflame","Cleave","Disarm+1","Fiend Fire","Heavy Blade","Metallicize+1"],"relics":["Pandora\u0027s Box","Pear","Red Skull","Runic Cube","StoneCalendar","Orichalcum","Regal Pillow","Black Star"],"acts_visited":["Exordium","TheCity","TheBeyond"],"potions_floor_usage":[16,16,16,33,33,38,38,38],"damage_taken":[{"damage":4,"enemies":"Cultist","floor":1,"turns":3},{"damage":11,"enemies":"Jaw Worm","floor":2,"turns":2},{"damage":0,"enemies":"Small Slimes","floor":3,"turns":2},{"damage":5,"enemies":"3 Louse","floor":7,"turns":3},{"damage":11,"enemies":"Looter","floor":11,"turns":3},{"damage":58,"enemies":"3 Sentries","floor":13,"turns":7},{"damage":7,"enemies":"2 Fungi Beasts","floor":14,"turns":2},{"damage":48,"enemies":"The Guardian","floor":16,"turns":9},{"damage":39,"enemies":"Chosen","floor":18,"turns":5},{"damage":21,"enemies":"3 Byrds","floor":21,"turns":4},{"damage":23,"enemies":"Cultist and Chosen","floor":24,"turns":6},{"damage":38,"enemies":"Snake Plant","floor":31,"turns":5},{"damage":76,"enemies":"Automaton","floor":33,"turns":8},{"damage":73,"enemies":"3 Darklings","floor":35,"turns":6},{"damage":40,"enemies":"3 Shapes","floor":37,"turns":4},{"damage":24,"enemies":"Jaw Worm Horde","floor":38,"turns":2}],"seed_played":"878233340405121044","potions_obtained":[{"floor":11,"key":"Strength Potion"},{"floor":13,"key":"Weak Potion"},{"floor":14,"key":"Strength Potion"},{"floor":16,"key":"Regen Potion"},{"floor":18,"key":"Explosive Potion"},{"floor":31,"key":"CultistPotion"},{"floor":33,"key":"Energy Potion"},{"floor":35,"key":"SteroidPotion"},{"floor":37,"key":"Dexterity Potion"}],"is_trial":false,"path_per_floor":["M","M","M","?","?","R","M","R","T","?","M","T","E","M","R","B",null,"M","?","?","M","?","R","M","$","T","R","?","$","R","M","R","B",null,"M","?","M","M"],"character_chosen":"IRONCLAD","items_purchased":["StoneCalendar","Orichalcum","Panache","Inflame","Cleave"],"campfire_rested":5,"item_purchase_floors":[25,25,25,25,25],"current_hp_per_floor":[76,65,66,66,55,79,78,78,78,62,51,61,15,22,49,14,90,51,51,51,40,40,67,44,44,44,86,86,86,86,53,90,40,90,26,26,12,0,0],"gold":56,"neow_bonus":"BOSS_RELIC","is_daily":false,"chose_seed":false,"campfire_upgraded":1,"win_rate":0.0,"timestamp":1608131461,"path_taken":["M","M","?","?","?","R","M","R","T","?","M","?","E","M","R","BOSS","M","?","?","M","?","R","?","?","T","R","?","$","R","M","R","BOSS","M","?","M","M"],"items_purchased_type":["Relic","Relic","Card","Card","Card"],"build_version":"2020-12-13","purchased_purges":0,"victory":false,"max_hp_per_floor":[80,80,80,80,80,80,80,80,80,80,80,90,90,90,90,90,90,90,90,90,90,90,90,90,90,90,90,90,90,90,90,90,90,90,90,90,90,90,90],"card_choices":[{"not_picked":["Wild Strike","Perfected Strike"],"picked":"Combust","floor":1},{"not_picked":["Warcry","Perfected Strike"],"picked":"Power Through","floor":2},{"not_picked":["Clash","Pommel Strike"],"picked":"Searing Blow","floor":3},{"not_picked":["Headbutt","True Grit"],"picked":"Iron Wave","floor":7},{"not_picked":["Warcry","True Grit"],"picked":"Pommel Strike","floor":11},{"not_picked":["Corruption","Warcry"],"picked":"Second Wind","floor":13},{"not_picked":["Thunderclap","Power Through"],"picked":"Twin Strike","floor":14},{"not_picked":["Fiend Fire","Corruption"],"picked":"Berserk","floor":16},{"not_picked":["Shrug It Off","Wild Strike+1"],"picked":"Anger","floor":18},{"not_picked":["True Grit","Berserk"],"picked":"Shrug It Off","floor":21},{"not_picked":["True Grit","Armaments"],"picked":"Fire Breathing","floor":24},{"not_picked":["Feel No Pain","Sentinel"],"picked":"Disarm","floor":31},{"not_picked":["Limit Break","Feed"],"picked":"Fiend Fire","floor":33},{"not_picked":["Rampage","Thunderclap"],"picked":"Heavy Blade","floor":35},{"not_picked":["Hemokinesis+1","Wild Strike"],"picked":"Metallicize+1","floor":37}],"player_experience":89411,"relics_obtained":[{"floor":12,"key":"Pear"},{"floor":13,"key":"Red Skull"},{"floor":26,"key":"Regal Pillow"}],"event_choices":[{"damage_healed":0,"gold_gain":175,"player_choice":"AGREE","damage_taken":0,"max_hp_gain":0,"max_hp_loss":0,"event_name":"Liars Game","floor":4,"gold_loss":0,"cards_obtained":["Doubt"]},{"damage_healed":0,"gold_gain":75,"player_choice":"Gather Gold","damage_taken":11,"max_hp_gain":0,"max_hp_loss":0,"event_name":"World of Goop","floor":5,"gold_loss":0},{"damage_healed":0,"gold_gain":0,"player_choice":"Entered Light","damage_taken":16,"max_hp_gain":0,"max_hp_loss":0,"event_name":"Shining Light","floor":10,"gold_loss":0,"cards_upgraded":["Burning Pact","Searing Blow"]},{"damage_healed":0,"gold_gain":99,"player_choice":"Stole From Cult","damage_taken":0,"max_hp_gain":0,"max_hp_loss":0,"event_name":"Nest","floor":19,"gold_loss":0},{"damage_healed":0,"gold_gain":0,"player_choice":"Ignored","damage_taken":0,"max_hp_gain":0,"max_hp_loss":0,"event_name":"Ghosts","floor":20,"gold_loss":0},{"cards_removed":["Doubt"],"damage_healed":0,"gold_gain":0,"player_choice":"Purged","damage_taken":0,"max_hp_gain":0,"max_hp_loss":0,"event_name":"Purifier","floor":22,"gold_loss":0},{"damage_healed":0,"gold_gain":0,"player_choice":"Paid Fearfully","damage_taken":0,"max_hp_gain":0,"max_hp_loss":0,"event_name":"Masked Bandits","floor":28,"gold_loss":48},{"cards_removed":["Bash"],"damage_healed":0,"gold_gain":0,"player_choice":"Upgrade and Remove","damage_taken":0,"max_hp_gain":0,"max_hp_loss":0,"event_name":"Designer","floor":36,"gold_loss":90,"cards_upgraded":["Disarm"]}],"is_beta":false,"boss_relics":[{"not_picked":["Tiny House","Ectoplasm"],"picked":"Runic Cube"},{"not_picked":["Velvet Choker","Coffee Dripper"],"picked":"Black Star"}],"items_purged_floors":[],"is_endless":false,"potions_floor_spawned":[11,13,14,16,18,31,33,35,37],"killed_by":"Jaw Worm Horde","ascension_level":0}}