{"host":"2n2g1vowfllvjtvi","time":1608113028,"event":{"mods":["AchievementEnabler","BaseMod","Custom Start","GifTheSpireLib","Keyboard Shortcuts","Minty Spire (QoL Compilation)","Quick Restart","Rare Cards Sparkle","StSLib","SuperFastMode"],"gold_per_floor":[112,14,189,189,89,130,149,149,149,149,187,200,224,247,247,247,247],"floor_reached":16,"playtime":232,"items_purged":["Defend_G","Doubt"],"score":230,"play_id":"92a961af-7499-4274-aaab-cbf5fb31ee5f","local_time":"20201216190348","is_ascension_mode":true,"campfire_choices":[{"data":"Cloak And Dagger","floor":8.0,"key":"SMITH"},{"data":"Neutralize","floor":10.0,"key":"SMITH"},{"data":"Underhanded Strike","floor":15.0,"key":"SMITH"}],"circlet_count":0,"master_deck":["AscendersBane","Strike_G","Strike_G","Strike_G","Strike_G","Strike_G","Defend_G","Defend_G","Defend_G","Defend_G","Survivor","Neutralize+1","Cloak And Dagger+1","Underhanded Strike+1","Dagger Throw","After Image","Blade Dance+1","After Image"],"relics":["Ring of the Snake","NeowsBlessing","Golden Idol","Toxic Egg 2","Turnip","Omamori"],"acts_visited":["Exordium"],"potions_floor_usage":[],"damage_taken":[{"damage":0.0,"enemies":"Cultist","floor":1.0,"turns":1.0},{"damage":0.0,"enemies":"Lagavulin","floor":6.0,"turns":1.0},{"damage":0.0,"enemies":"Small Slimes","floor":7.0,"turns":1.0},{"damage":32.0,"enemies":"3 Sentries","floor":11.0,"turns":10.0},{"damage":0.0,"enemies":"Jaw Worm","floor":12.0,"turns":3.0},{"damage":8.0,"enemies":"Exordium Wildlife","floor":13.0,"turns":4.0},{"damage":1.0,"enemies":"2 Fungi Beasts","floor":14.0,"turns":3.0},{"damage":8,"enemies":"The Guardian","floor":16,"turns":7}],"seed_played":"8780483167374040936","potions_obtained":[{"floor":6.0,"key":"FearPotion"},{"floor":11.0,"key":"FairyPotion"}],"is_trial":false,"path_per_floor":["M","$","?","?","$","E","M","R","T","R","E","M","M","M","R","B"],"character_chosen":"THE_SILENT","items_purchased":["Underhanded Strike"],"campfire_rested":0,"item_purchase_floors":[2],"current_hp_per_floor":[59,59,59,43,43,43,43,43,43,43,11,11,3,2,2,13,13],"gold":247,"neow_bonus":"THREE_ENEMY_KILL","is_daily":false,"chose_seed":false,"campfire_upgraded":3,"win_rate":0.0,"timestamp":1608113028,"path_taken":["M","$","?","?","?","E","M","R","T","R","E","?","M","M","R","BOSS"],"items_purchased_type":["Card"],"build_version":"2020-12-13","purchased_purges":2,"victory":false,"max_hp_per_floor":[66,66,66,66,66,66,66,66,66,66,66,66,66,66,66,66,66],"card_choices":[{"not_picked":["Blade Dance","Backflip"],"picked":"Cloak And Dagger","floor":1.0},{"not_picked":["Dodge and Roll+1","Distraction+1"],"picked":"Dagger Throw","floor":6.0},{"not_picked":["Poisoned Stab","Deadly Poison+1","Concentrate+1"],"picked":"SKIP","floor":7.0},{"not_picked":["Dagger Throw","Prepared+1"],"picked":"After Image","floor":11.0},{"not_picked":["Flechettes","All Out Attack","Setup+1"],"picked":"SKIP","floor":12.0},{"not_picked":["Slice","Sucker Punch"],"picked":"Blade Dance+1","floor":13.0},{"not_picked":["Slice","Predator"],"picked":"After Image","floor":14.0}],"player_experience":423148,"relics_obtained":[{"floor":6.0,"key":"Toxic Egg 2"},{"floor":9.0,"key":"Turnip"},{"floor":11.0,"key":"Omamori"}],"event_choices":[{"damage_healed":0.0,"max_hp_gain":0.0,"max_hp_loss":0.0,"gold_gain":175.0,"event_name":"Liars Game","player_choice":"AGREE","floor":3.0,"gold_loss":0.0,"damage_taken":0.0,"cards_obtained":["Doubt"]},{"damage_healed":0.0,"max_hp_gain":0.0,"max_hp_loss":0.0,"gold_gain":0.0,"event_name":"Golden Idol","player_choice":"Take Damage","floor":4.0,"gold_loss":0.0,"damage_taken":16.0,"relics_obtained":["Golden Idol"]}],"is_beta":false,"boss_relics":[],"items_purged_floors":[2,5],"is_endless":false,"potions_floor_spawned":[6,11,12],"killed_by":"The Guardian","ascension_level":14}}