{"host":"dd2mx3pm3ovi0t1n","time":1608124546,"event":{"mods":["2.2 Compatiblity","AchievementEnabler","Aspiration","BaseMod","Beaked The Cultist","Better Altar","Better Match","Better Note","Better Sensory Stone","Better Skull","Better Third Choice","BetterRewards","Colored Map","Colored Powertips","Conspire","Defuse TimeMaze Blight","Downfall","Energized Spire","Friendly Minions","GifTheSpireLib","Halation","Highlight Path","HololiveMod","Hubris","Infinite Spire","Jedi Mod","Minty Spire (QoL Compilation)","Permanent Neow","Quick Restart","Replay The Spire","Shop Mod","Spicy Shops","Spikes Relics","StSLib","Stuff the Spire","TestMod","The Construct","Wandering Minibosses","vexMod"],"gold_per_floor":[99,129,144,176,186,186,186,39,53,53,73,93,193,205,215,215,215],"floor_reached":16,"playtime":1018,"items_purged":[],"score":120,"play_id":"00565c2c-7e94-4c8b-bf4b-a2130b2310fa","local_time":"20201216051546","is_ascension_mode":true,"campfire_choices":[{"data":"champ:Taunt","floor":1,"key":"SMITH"},{"data":"beaked:AwakenedForm","floor":6,"key":"SMITH"},{"floor":10,"key":"REST"}],"circlet_count":0,"master_deck":["beaked:AwakenedForm+1","champ:Strike","champ:Strike","champ:Defend","champ:Defend","champ:Defend","champ:Execute","champ:Taunt+1","beaked:AwakenedForm+1","champ:BladeFlurry","champ:Balance+1","champ:Circumvent","champ:RecklessLeap","champ:FanOfKnives","champ:StrikeOfGenius","champ:Circumvent","champ:EnGarde"],"relics":["testmod-TestBox","testmod-Temperance","Replay:Bottled Eggs","MerchantsRug","Bottled Tornado"],"acts_visited":["Exordium"],"potions_floor_usage":[4,8,15,15],"damage_taken":[{"damage":54,"enemies":"3 Sentries","floor":2,"turns":12},{"damage":5,"enemies":"2 Louse","floor":3,"turns":6},{"damage":21,"enemies":"Lagavulin","floor":4,"turns":5},{"damage":5,"enemies":"Cultist","floor":5,"turns":4},{"damage":30,"enemies":"downfall:FleeingMerchant","floor":8,"turns":5},{"damage":8,"enemies":"Small Slimes","floor":9,"turns":3},{"damage":27,"enemies":"Red Slaver","floor":11,"turns":3},{"damage":28,"enemies":"Exordium Thugs","floor":12,"turns":3},{"damage":30,"enemies":"Exordium Wildlife","floor":14,"turns":4},{"damage":15,"enemies":"Large Slime","floor":15,"turns":5},{"damage":42,"enemies":"downfall:Defect","floor":16,"turns":4}],"seed_played":"4232737268023838125","potions_obtained":[{"floor":3,"key":"LiquidMemories"},{"floor":4,"key":"Dexterity Potion"},{"floor":11,"key":"DistilledChaos"},{"floor":14,"key":"AttackPotion"}],"is_trial":false,"path_per_floor":["R","E","M","E","M","R","T","$","M","R","M","M","?","M","M","B"],"character_chosen":"THE_CHAMP","items_purchased":["MerchantsRug","Bottled Tornado"],"campfire_rested":1,"item_purchase_floors":[8,8],"current_hp_per_floor":[90,51,51,35,35,35,35,25,35,62,50,50,50,40,38,0,0],"gold":215,"neow_bonus":"BOSS_RELIC","is_daily":false,"chose_seed":false,"campfire_upgraded":2,"win_rate":0.0,"timestamp":1608124546,"path_taken":["R","E","M","E","M","R","T","$","M","R","M","M","?","?","M","BOSS"],"items_purchased_type":["Relic","Relic"],"build_version":"2020-12-13","purchased_purges":0,"victory":false,"max_hp_per_floor":[90,90,90,90,90,90,90,90,90,90,90,90,90,90,90,90,90],"card_choices":[{"not_picked":["champ:Haymaker","champ:HoldFirm"],"picked":"champ:BladeFlurry","floor":2},{"not_picked":["champ:BladeFlurry","champ:Encircle"],"picked":"champ:Balance","floor":3},{"not_picked":["champ:Encircle","champ:ShieldSlam"],"picked":"champ:Circumvent","floor":4},{"not_picked":["champ:DeathBlow","champ:BerserkersShout"],"picked":"champ:RecklessLeap","floor":5},{"not_picked":["champ:CrookedStrike","champ:GladiatorsShout"],"picked":"champ:FanOfKnives","floor":8},{"not_picked":["champ:EndlessRage","champ:CrookedStrike"],"picked":"champ:StrikeOfGenius","floor":9},{"not_picked":["champ:GutPunch","champ:BerserkersShout","champ:SkillfulDodge"],"picked":"SKIP","floor":11},{"not_picked":["champ:Encircle","champ:BringItOn"],"picked":"champ:Circumvent","floor":12},{"not_picked":["champ:CrookedStrike","champ:FanOfKnives","champ:FocusedBerserking"],"picked":"SKIP","floor":14},{"not_picked":["champ:EndlessRage","champ:PerfectedStrike"],"picked":"champ:EnGarde","floor":15}],"player_experience":428418,"relics_obtained":[{"floor":2,"key":"testmod-IntensifyImprint"},{"floor":4,"key":"Replay:Bottled Eggs"},{"floor":7,"key":"jedi:HeartOfTheCards"}],"event_choices":[],"is_beta":false,"boss_relics":[],"items_purged_floors":[],"is_endless":false,"potions_floor_spawned":[3,4,11,14],"killed_by":"downfall:Defect","ascension_level":1}}