{"host":"Teixeira","time":1608147359,"event":{"mods":["2.2 Compatiblity","BaseMod","Colored Map","Colored Powertips","Downfall","Hermit","Hubris","Minty Spire (QoL Compilation)","Permanent Neow","Rare Cards Sparkle","Relic Filter","Replay The Spire","Spicy Shops","StSLib","SuperFastMode"],"gold_per_floor":[99,134,168,197,227,227,227,262,262,288,388,418,436,536,554,554,554],"floor_reached":16,"playtime":791,"items_purged":[],"score":240,"play_id":"3f5048c5-c380-4228-b548-78319fabc6e1","local_time":"20201216163559","daily_mods":["Heirloom","Flight","DeadlyEvents","Elite Swarm"],"is_ascension_mode":true,"campfire_choices":[{"data":"Guardian:CurlUp","floor":1,"key":"SMITH"},{"data":"Guardian:HyperBeam_Guardian","floor":6,"key":"SMITH"},{"floor":9,"key":"REST"}],"circlet_count":0,"master_deck":["Guardian:Strike_Guardian","Guardian:Strike_Guardian","Guardian:Strike_Guardian","Guardian:Strike_Guardian","Guardian:Defend_Guardian+1","Guardian:Defend_Guardian","Guardian:Defend_Guardian","Guardian:Defend_Guardian","Guardian:CurlUp+1","Guardian:TwinSlam","Guardian:HyperBeam_Guardian+1","Guardian:RevengeProtocol","Guardian:SphericShield+1","Guardian:Gem_Red","Juggernaut","Guardian:ArmoredProtocol+1","Guardian:PiercingHide"],"relics":["Guardian:ModeShifter","Ring of Chaos","replay:Trail_Library","CaptainsWheel","Replay:PocketPolymizer","hubris:DisguiseKit","Shuriken","Centennial Puzzle","War Paint","Bag of Preparation","Gremlin Food","downfall:GremlinWheel","PreservedInsect"],"acts_visited":["Exordium"],"potions_floor_usage":[5,12,16],"damage_taken":[{"damage":19,"enemies":"3 Sentries","floor":2,"turns":10},{"damage":18,"enemies":"Lagavulin","floor":3,"turns":5},{"damage":0,"enemies":"3 Sentries","floor":4,"turns":1},{"damage":0,"enemies":"Lagavulin","floor":5,"turns":4},{"damage":14,"enemies":"Gremlin Nob","floor":8,"turns":4},{"damage":18,"enemies":"Lagavulin","floor":10,"turns":7},{"damage":14,"enemies":"Lagavulin","floor":11,"turns":4},{"damage":0,"enemies":"Gremlin Nob","floor":12,"turns":4},{"damage":2,"enemies":"Cultist","floor":13,"turns":3},{"damage":3,"enemies":"downfall:Heads","floor":14,"turns":2},{"damage":0,"enemies":"2 Louse","floor":15,"turns":2},{"damage":19,"enemies":"downfall:Silent","floor":16,"turns":2}],"seed_played":"2041803687203782386","potions_obtained":[{"floor":3,"key":"PowerPotion"},{"floor":4,"key":"AttackPotion"},{"floor":11,"key":"Elixir"},{"floor":13,"key":"SteroidPotion"},{"floor":15,"key":"Elixir"}],"is_trial":true,"path_per_floor":["R","E","E","E","E","R","T","E","R","E","?","E","M","?","M","B"],"character_chosen":"GUARDIAN","items_purchased":[],"campfire_rested":1,"item_purchase_floors":[],"current_hp_per_floor":[80,61,43,43,43,43,43,29,53,35,21,21,19,16,16,0,0],"gold":554,"neow_bonus":"","is_daily":false,"chose_seed":false,"campfire_upgraded":2,"win_rate":0.0,"timestamp":1608147359,"path_taken":["R","E","E","E","E","R","T","E","R","E","?","?","M","?","M","BOSS"],"items_purchased_type":[],"build_version":"2020-11-17","purchased_purges":0,"victory":false,"max_hp_per_floor":[80,80,80,80,80,80,80,80,80,80,80,80,80,80,80,80,80],"card_choices":[{"not_picked":["Guardian:StasisStrike","Guardian:Gem_Synthetic"],"picked":"Guardian:HyperBeam_Guardian","floor":2},{"not_picked":["Guardian:AncientConstruct","Guardian:Gem_Synthetic","Guardian:StasisStrike"],"picked":"SKIP","floor":3},{"not_picked":["Guardian:ConstructionForm","Guardian:StasisStrike","Reaper"],"picked":"Guardian:RevengeProtocol","floor":4},{"not_picked":["Guardian:HyperBeam_Guardian","Guardian:FastForward","Double Tap"],"picked":"Guardian:SphericShield","floor":5},{"not_picked":["Guardian:BaubleBeam","Guardian:AncientConstruct","Guardian:StasisStrike"],"picked":"Limit Break","floor":8},{"not_picked":["Guardian:StasisField","Guardian:BaubleBeam","Guardian:Gem_Synthetic","hubris:StunningStrike"],"picked":"SKIP","floor":10},{"not_picked":["Guardian:ExploitGems","Guardian:StasisStrike","Guardian:HyperBeam_Guardian"],"picked":"Juggernaut","floor":12},{"not_picked":["Guardian:TemporalStrike","Guardian:PrismaticBarrier","Warcry"],"picked":"Guardian:ArmoredProtocol","floor":13},{"not_picked":["Guardian:CrystalBeam","Guardian:Reroute","Hemokinesis"],"picked":"Guardian:PiercingHide","floor":14},{"not_picked":["Guardian:CrystalBeam","Guardian:Recover","Guardian:MultiBeam","Combust"],"picked":"SKIP","floor":15}],"player_experience":43118,"relics_obtained":[{"floor":2,"key":"Replay:PocketPolymizer"},{"floor":3,"key":"hubris:DisguiseKit"},{"floor":4,"key":"Shuriken"},{"floor":5,"key":"Centennial Puzzle"},{"floor":7,"key":"War Paint"},{"floor":8,"key":"Bag of Preparation"},{"floor":10,"key":"Gremlin Food"},{"floor":11,"key":"downfall:GremlinWheel"},{"floor":12,"key":"PreservedInsect"}],"event_choices":[],"is_beta":true,"boss_relics":[],"items_purged_floors":[],"is_endless":false,"potions_floor_spawned":[3,4,11,13,15],"killed_by":"downfall:Silent","ascension_level":1}}