{"host":"y9jgkjnf95sujozk","time":1608161848,"event":{"mods":["2.2 Compatiblity","AchievementEnabler","BaseMod","Block Reminder","Colored Map","Colored Powertips","Downfall","Friendly Minions","GifTheSpireLib","Hermit","Highlight Path","MarisaÅiñ∂âJÅ@ñÇóùçπÅj","Minty Spire (QoL Compilation)","Random Character Button","Rare Cards Sparkle","Replay The Spire","StSLib","SuperFastMode","The Animator","The Bug Knight","The Cursed","The Servant 0.9.4"],"gold_per_floor":[118,137,151,168,10,10,23,37,119,294,294,323,323,343,343,343,343],"floor_reached":16,"playtime":336,"items_purged":[],"score":109,"play_id":"0f6a29e9-5a0c-4ede-a49d-ee40bd31edda","local_time":"20201217003728","is_ascension_mode":true,"campfire_choices":[{"floor":6,"key":"REST"},{"floor":11,"key":"REST"},{"data":"Slimebound:SplitLeeching","floor":13,"key":"SMITH"},{"floor":15,"key":"REST"}],"circlet_count":0,"master_deck":["Slimebound:Strike_Slimebound","Slimebound:Strike_Slimebound","Slimebound:Strike_Slimebound","Slimebound:Tackle","Slimebound:Defend_Slimebound","Slimebound:Defend_Slimebound","Slimebound:Defend_Slimebound","Slimebound:Defend_Slimebound","Slimebound:Split","Slimebound:CorrosiveSpit+1","Slimebound:SplitBruiser","Slimebound:SamplingLick","Slimebound:PressTheAttack","Slimebound:LevelUp","Slimebound:LeadByExample","Survey Options","Slimebound:SplitMire","Slimebound:FinishingTackle","Doubt","Slimebound:SplitLeeching+1","Slimebound:Equalize"],"relics":["Slimebound:AbsorbEndCombat","Golden Egg","Nunchaku"],"acts_visited":["Exordium"],"potions_floor_usage":[12,12,12],"damage_taken":[{"damage":8.0,"enemies":"Cultist","floor":1.0,"turns":3.0},{"damage":13.0,"enemies":"Small Slimes","floor":2.0,"turns":2.0},{"damage":13.0,"enemies":"2 Louse","floor":3.0,"turns":3.0},{"damage":28.0,"enemies":"Exordium Thugs","floor":4.0,"turns":4.0},{"damage":25,"enemies":"Lots of Slimes","floor":7,"turns":3},{"damage":13,"enemies":"Looter","floor":8,"turns":3},{"damage":11,"enemies":"Lagavulin","floor":12,"turns":5},{"damage":23,"enemies":"Red Slaver","floor":14,"turns":4},{"damage":79,"enemies":"Slime Boss","floor":16,"turns":7}],"seed_played":"-6582026200389337994","potions_obtained":[{"floor":2.0,"key":"Dexterity Potion"},{"floor":3.0,"key":"Languid Potion"},{"floor":7,"key":"Block Potion"}],"is_trial":false,"path_per_floor":["M","M","M","M","$","R","M","M","T","?","R","E","R","M","R","B"],"character_chosen":"SLIMEBOUND","items_purchased":["Slimebound:LeadByExample","Survey Options"],"campfire_rested":3,"item_purchase_floors":[5,5],"current_hp_per_floor":[60,59,58,50,50,60,43,42,42,42,60,60,60,49,60,0,0],"gold":343,"neow_bonus":"RANDOM_EVENT","is_daily":false,"chose_seed":false,"campfire_upgraded":1,"win_rate":0.0,"timestamp":1608161848,"path_taken":["M","M","?","M","$","R","M","M","T","?","R","E","R","M","R","BOSS"],"items_purchased_type":["Card","Card"],"build_version":"2020-12-13","purchased_purges":0,"victory":false,"max_hp_per_floor":[60,60,60,60,60,60,60,60,60,60,60,60,60,60,60,60,60],"card_choices":[{"not_picked":["Slimebound:SplitLeeching","Slimebound:DivideAndConquer"],"picked":"Slimebound:SplitBruiser","floor":1.0},{"not_picked":["Slimebound:MegaLick","Slimebound:ItLooksTasty"],"picked":"Slimebound:SamplingLick","floor":2.0},{"not_picked":["Slimebound:SplitMire","Slimebound:SplitSpecialist"],"picked":"Slimebound:PressTheAttack","floor":3.0},{"not_picked":["Slimebound:LeadByExample","Slimebound:SplitLeeching"],"picked":"Slimebound:LevelUp","floor":4.0},{"not_picked":["Slimebound:DivideAndConquer","Slimebound:SlimeSpikes"],"picked":"Slimebound:SplitMire","floor":7},{"not_picked":["Slimebound:GoopSpray","Slimebound:CheckThePlaybook"],"picked":"Slimebound:FinishingTackle","floor":8},{"not_picked":["Slimebound:ViciousTackle","Slimebound:SplitAcid"],"picked":"Slimebound:SplitLeeching","floor":12},{"not_picked":["Slimebound:SlimeSpikes","Slimebound:GoopSpray"],"picked":"Slimebound:Equalize","floor":14}],"player_experience":98949,"relics_obtained":[{"floor":9,"key":"Golden Egg"},{"floor":12,"key":"Nunchaku"}],"event_choices":[{"damage_healed":0.0,"max_hp_gain":0.0,"max_hp_loss":0.0,"gold_gain":0.0,"event_name":"Living Wall","player_choice":"Grow","floor":0.0,"gold_loss":0.0,"damage_taken":0.0,"cards_upgraded":["Slimebound:CorrosiveSpit"]},{"damage_healed":0,"gold_gain":175,"player_choice":"AGREE","damage_taken":0,"max_hp_gain":0,"max_hp_loss":0,"event_name":"Liars Game","floor":10,"gold_loss":0,"cards_obtained":["Doubt"]}],"is_beta":false,"boss_relics":[],"items_purged_floors":[],"is_endless":false,"potions_floor_spawned":[2,3,7,8],"killed_by":"Slime Boss","ascension_level":1}}