{"host":"p084pgp93u1tv48k","time":1608152205,"event":{"mods":["AchievementEnabler","BaseMod","Bestiary","Colored Map","Hermit","Minty Spire (QoL Compilation)","Quick Restart","StSLib"],"gold_per_floor":[112,112,34,209,223,254,269,284,366,366,376,395,409,419,419,524,524,537,537,126,136,149,149,149,176,176,176,176,205,205,219,219,319,319,339,349,349,210,226,226,226,226],"floor_reached":41,"playtime":2477,"items_purged":["hermit:Defend_Hermit","hermit:Strike_Hermit+1"],"score":505,"play_id":"9249875e-ab12-42c6-8817-e6988faa10d0","local_time":"20201216162645","is_ascension_mode":false,"campfire_choices":[{"data":"hermit:Brawl","floor":10,"key":"SMITH"},{"data":"hermit:ShadowCloak","floor":15,"key":"SMITH"},{"data":"hermit:Adapt","floor":23,"key":"SMITH"},{"data":"hermit:Dissolve","floor":28,"key":"SMITH"},{"data":"hermit:Determination","floor":32,"key":"SMITH"},{"data":"hermit:Determination","floor":40,"key":"SMITH"}],"circlet_count":0,"master_deck":["hermit:Strike_Hermit+1","hermit:Strike_Hermit+1","hermit:Strike_Hermit+1","hermit:Defend_Hermit+1","hermit:Defend_Hermit+1","hermit:Defend_Hermit+1","hermit:Snapshot","hermit:Covet","hermit:Quickdraw+1","hermit:Brawl+1","Doubt","hermit:Manifest","hermit:ShadowCloak+1","hermit:Misfire","hermit:ItchyTrigger","hermit:Coalescence","hermit:Midnight","hermit:Dissolve+1","hermit:Malice","hermit:Adapt+1","hermit:SprayPray","hermit:Determination+1","hermit:FinalCanter","hermit:SprayPray","hermit:Snipe+1","hermit:Determination+1","hermit:EyeOfTheStorm"],"relics":["hermit:Momento","NeowsBlessing","Thread and Needle","hermit:Horseshoe","Sozu","MutagenicStrength","Lizard Tail","Omamori","Blue Candle","CaptainsWheel","SlaversCollar"],"acts_visited":["Exordium","TheCity","TheBeyond"],"potions_floor_usage":[14,16,27,29,33],"damage_taken":[{"damage":0,"enemies":"2 Louse","floor":1,"turns":1},{"damage":0,"enemies":"Jaw Worm","floor":5,"turns":1},{"damage":0,"enemies":"Lagavulin","floor":6,"turns":1},{"damage":8,"enemies":"Small Slimes","floor":7,"turns":4},{"damage":0,"enemies":"2 Fungi Beasts","floor":8,"turns":5},{"damage":0,"enemies":"Large Slime","floor":11,"turns":6},{"damage":0,"enemies":"Blue Slaver","floor":12,"turns":5},{"damage":12,"enemies":"Exordium Wildlife","floor":13,"turns":5},{"damage":6,"enemies":"Large Slime","floor":14,"turns":6},{"damage":23,"enemies":"Slime Boss","floor":16,"turns":12},{"damage":6,"enemies":"Shell Parasite","floor":18,"turns":8},{"damage":9,"enemies":"3 Byrds","floor":21,"turns":5},{"damage":6,"enemies":"Snake Plant","floor":22,"turns":5},{"damage":36,"enemies":"Book of Stabbing","floor":25,"turns":8},{"damage":0,"enemies":"Slavers","floor":27,"turns":1},{"damage":1,"enemies":"Book of Stabbing","floor":29,"turns":7},{"damage":0,"enemies":"3 Cultists","floor":31,"turns":5},{"damage":57,"enemies":"Automaton","floor":33,"turns":11},{"damage":3,"enemies":"Orb Walker","floor":35,"turns":4},{"damage":14,"enemies":"3 Darklings","floor":36,"turns":5},{"damage":4,"enemies":"Transient","floor":39,"turns":5},{"damage":57,"enemies":"4 Shapes","floor":41,"turns":3}],"seed_played":"-3276122987038661428","potions_obtained":[{"floor":5,"key":"Strength Potion"},{"floor":12,"key":"BlessingOfTheForge"},{"floor":13,"key":"hermit:Eclipse"},{"floor":14,"key":"BlessingOfTheForge"},{"floor":16,"key":"SmokeBomb"}],"is_trial":false,"path_per_floor":["M","?","$","?","M","E","M","M","T","R","M","M","M","M","R","B",null,"M","?","$","M","M","R","?","E","T","E","R","E","?","M","R","B",null,"M","M","?","$","M","R","M"],"character_chosen":"HERMIT","items_purchased":["hermit:Brawl","Lizard Tail","hermit:Malice","hermit:Determination"],"campfire_rested":0,"item_purchase_floors":[3,20,20,38],"current_hp_per_floor":[75,75,75,75,75,75,67,67,67,67,67,67,55,49,49,26,75,69,69,69,60,54,54,54,18,18,18,18,17,17,17,17,16,75,72,58,58,58,54,54,0,0],"gold":226,"neow_bonus":"THREE_ENEMY_KILL","is_daily":false,"chose_seed":false,"campfire_upgraded":6,"win_rate":0.0,"timestamp":1608152205,"path_taken":["M","?","$","?","M","E","M","M","T","R","M","M","M","M","R","BOSS","M","?","$","M","M","R","?","E","T","E","R","E","?","M","R","BOSS","M","M","?","$","M","R","M"],"items_purchased_type":["Card","Relic","Card","Card"],"build_version":"2020-12-13","purchased_purges":2,"victory":false,"max_hp_per_floor":[75,75,75,75,75,75,75,75,75,75,75,75,75,75,75,75,75,75,75,75,75,75,75,75,75,75,75,75,75,75,75,75,75,75,75,75,75,75,75,75,75,75],"card_choices":[{"not_picked":["hermit:BodyArmor","hermit:Headshot"],"picked":"hermit:Quickdraw","floor":1},{"not_picked":["hermit:Ricochet","hermit:Quickdraw"],"picked":"hermit:Manifest","floor":5},{"not_picked":["hermit:Gestalt","hermit:Showdown"],"picked":"hermit:ShadowCloak","floor":6},{"not_picked":["hermit:Roulette","hermit:NoHoldsBarred","hermit:Combo"],"picked":"SKIP","floor":7},{"not_picked":["hermit:Feint","hermit:Dive","hermit:Glare"],"picked":"SKIP","floor":8},{"not_picked":["hermit:HighNoon","hermit:Combo"],"picked":"hermit:Misfire","floor":11},{"not_picked":["hermit:Scavenge","hermit:Maintenance"],"picked":"hermit:ItchyTrigger","floor":12},{"not_picked":["hermit:Showdown","hermit:Manifest"],"picked":"hermit:Coalescence","floor":13},{"not_picked":["hermit:FullyLoaded","hermit:Spite"],"picked":"hermit:Midnight","floor":14},{"not_picked":["hermit:Gambit","hermit:FatalDesire"],"picked":"hermit:Dissolve","floor":16},{"not_picked":["hermit:Cheat","hermit:WideOpen","hermit:HighCaliber"],"picked":"SKIP","floor":18},{"not_picked":["hermit:HighCaliber","hermit:Ricochet","hermit:Glare"],"picked":"SKIP","floor":21},{"not_picked":["hermit:Manifest","hermit:Vantage"],"picked":"hermit:Adapt","floor":22},{"not_picked":["hermit:Enervate","hermit:PistolWhip"],"picked":"hermit:SprayPray","floor":25},{"not_picked":["hermit:GoldenBullet","hermit:TrackingShot","hermit:Showdown"],"picked":"SKIP","floor":29},{"not_picked":["hermit:Spite","hermit:Vantage"],"picked":"hermit:Determination","floor":31},{"not_picked":["hermit:Adapt","hermit:Dissolve"],"picked":"hermit:FinalCanter","floor":33},{"not_picked":["hermit:Desperado+1","hermit:FullyLoaded"],"picked":"hermit:SprayPray","floor":35},{"not_picked":["hermit:BigShot","hermit:Ricochet"],"picked":"hermit:Snipe+1","floor":36},{"not_picked":["hermit:Vantage","hermit:LowProfile"],"picked":"hermit:EyeOfTheStorm","floor":39}],"player_experience":142184,"relics_obtained":[{"floor":6,"key":"Thread and Needle"},{"floor":9,"key":"hermit:Horseshoe"},{"floor":25,"key":"Omamori"},{"floor":26,"key":"Blue Candle"},{"floor":29,"key":"CaptainsWheel"}],"event_choices":[{"damage_healed":0,"gold_gain":0,"player_choice":"Grow","damage_taken":0,"max_hp_gain":0,"max_hp_loss":0,"event_name":"Living Wall","floor":2,"gold_loss":0,"cards_upgraded":["hermit:Quickdraw"]},{"damage_healed":0,"gold_gain":175,"player_choice":"AGREE","damage_taken":0,"max_hp_gain":0,"max_hp_loss":0,"event_name":"Liars Game","floor":4,"gold_loss":0,"cards_obtained":["Doubt"]},{"damage_healed":0,"gold_gain":0,"player_choice":"Inject Mutagens","damage_taken":0,"relics_obtained":["MutagenicStrength"],"max_hp_gain":0,"max_hp_loss":0,"event_name":"Drug Dealer","floor":19,"gold_loss":0},{"damage_healed":0,"gold_gain":0,"player_choice":"Ignored","damage_taken":0,"max_hp_gain":0,"max_hp_loss":0,"event_name":"Cursed Tome","floor":24,"gold_loss":0},{"damage_healed":0,"gold_gain":0,"player_choice":"Simplicity","damage_taken":0,"max_hp_gain":0,"max_hp_loss":0,"event_name":"Back to Basics","floor":30,"gold_loss":0,"cards_upgraded":["hermit:Strike_Hermit","hermit:Strike_Hermit","hermit:Strike_Hermit","hermit:Strike_Hermit","hermit:Defend_Hermit","hermit:Defend_Hermit","hermit:Defend_Hermit"]},{"damage_healed":0,"gold_gain":0,"player_choice":"Memory 1","damage_taken":0,"max_hp_gain":0,"max_hp_loss":0,"event_name":"SensoryStone","floor":37,"gold_loss":0}],"is_beta":false,"boss_relics":[{"not_picked":["Velvet Choker","Pandora\u0027s Box"],"picked":"Sozu"},{"not_picked":["Runic Pyramid","Calling Bell"],"picked":"SlaversCollar"}],"items_purged_floors":[20,38],"is_endless":false,"potions_floor_spawned":[5,12,13,14,16,25,29,31,33,39],"killed_by":"4 Shapes","ascension_level":0}}