{"host":"6w8aqtnmxc00db5e","time":1608148457,"event":{"mods":["BaseMod","Better Altar","Better Match","Better Note","Better Sensory Stone","Better Skull","Better Third Choice","GifTheSpireLib","GungeonMod","Minty Spire (QoL Compilation)","Replay The Spire","StSLib"],"gold_per_floor":[112,112,126,126,28,60,79,108,131,144,15,47,47,62,62,167,167,181,181,198,218,229,264,264,294,294,319,319,213,213,213,213,316,316,332,351,351,371,371,399,399,432,432,457,11,24,42,53,53,53],"floor_reached":51,"playtime":2494,"items_purged":["Intimidate","Regret","Abandon"],"score":990,"play_id":"4d0077c7-7c79-4f2d-9659-6d99ade7fa0d","local_time":"20201216145417","daily_mods":["SealedDeck","Vintage","Heirloom","Time Dilation","DeadlyEvents","Elite Swarm","Uncertain Future"],"is_ascension_mode":false,"campfire_choices":[{"data":"Disarm","floor":13,"key":"SMITH"},{"data":"Pummel","floor":15,"key":"SMITH"},{"data":"Flex","floor":24,"key":"SMITH"},{"data":"Replay:Many Hands","floor":28,"key":"SMITH"},{"data":"Pummel","floor":32,"key":"SMITH"},{"data":"Run Through","floor":41,"key":"SMITH"},{"data":"Violence","floor":49,"key":"SMITH"}],"circlet_count":0,"master_deck":["Disarm+1","Run Through+1","Anger","Pummel+1","Flex+1","Clash+1","Clash","Anger","Flex+1","Pummel+1","Berserk+1","Anger","Berserk+1","Replay:Many Hands+1","Sever Soul+1","Clash+1","Violence+1","Sword Boomerang+1"],"relics":["Burning Blood","replay:Trail_Library","Incense Burner","Bird Faced Urn","Frozen Egg 2","Nunchaku","Bottled Lightning","Gremlin Food","Red Skull","Happy Flower","Strawberry","Molten Egg 2","PreservedInsect","Mark of Pain","Pocketwatch","DemoMod:RingOfEthereal","Toy Ornithopter","Durian","Tiny Chest","Ice Cream","Replay:Mystery Machine","Replay:Towering Pillar of Hats","ReplayTheSpireMod:CursedCoin","DemoMod:WhiteGuonStone","MutagenicStrength","Blue Doll","DemoMod:GlassGuonStoneRelic","Empty Cage","Bag of Preparation","DemoMod:Metronome","Bag of Marbles","DemoMod:MemoryAlloy","Lantern","Orichalcum","StoneCalendar","ReplayTheSpireMod:Ninjato","Shovel","DemoMod:PoisonVial","Ancient Tea Set"],"acts_visited":["Exordium","TheCity","TheBeyond"],"potions_floor_usage":[5,7,16,16,16,23,33,33,33,35,38,44,50,50,50],"damage_taken":[{"damage":0,"enemies":"2 Louse","floor":1,"turns":1},{"damage":0,"enemies":"Cultist","floor":3,"turns":1},{"damage":0,"enemies":"3 Sentries","floor":6,"turns":2},{"damage":9,"enemies":"Small Slimes","floor":7,"turns":2},{"damage":0,"enemies":"Lagavulin","floor":8,"turns":2},{"damage":0,"enemies":"Looter","floor":10,"turns":1},{"damage":8,"enemies":"Replay:BlueRogue","floor":12,"turns":2},{"damage":0,"enemies":"Exordium Wildlife","floor":14,"turns":2},{"damage":0,"enemies":"Slime Boss","floor":16,"turns":1},{"damage":10,"enemies":"Chosen","floor":18,"turns":2},{"damage":32,"enemies":"Spheric Guardian","floor":20,"turns":4},{"damage":0,"enemies":"Shelled Parasite and Fungi","floor":21,"turns":2},{"damage":1,"enemies":"Snake Plant","floor":22,"turns":3},{"damage":31,"enemies":"Book of Stabbing","floor":23,"turns":4},{"damage":18,"enemies":"Gremlin Leader","floor":25,"turns":5},{"damage":4,"enemies":"Slavers","floor":27,"turns":3},{"damage":0,"enemies":"Champ","floor":33,"turns":6},{"damage":22,"enemies":"3 Shapes","floor":35,"turns":2},{"damage":0,"enemies":"Orb Walker","floor":36,"turns":1},{"damage":0,"enemies":"Writhing Mass","floor":38,"turns":1},{"damage":0,"enemies":"Nemesis","floor":40,"turns":1},{"damage":0,"enemies":"R_Hoarder","floor":42,"turns":1},{"damage":0,"enemies":"Giant Head","floor":44,"turns":4},{"damage":0,"enemies":"Maw","floor":46,"turns":1},{"damage":0,"enemies":"Spire Growth","floor":47,"turns":1},{"damage":0,"enemies":"Writhing Mass","floor":48,"turns":1},{"damage":0,"enemies":"Replay:Hell Engine","floor":50,"turns":1}],"seed_played":"9078685362066123480","potions_obtained":[{"floor":6,"key":"Block Potion"},{"floor":8,"key":"Languid Potion"},{"floor":10,"key":"SteroidPotion"},{"floor":12,"key":"Strength Potion"},{"floor":16,"key":"Energy Potion"},{"floor":20,"key":"Weak Potion"},{"floor":25,"key":"SteroidPotion"},{"floor":33,"key":"DistilledChaos"},{"floor":36,"key":"Cursed Concoction"},{"floor":38,"key":"SkillPotion"},{"floor":44,"key":"Dexterity Potion"}],"is_trial":true,"path_per_floor":["M","?","M","?","$","E","M","E","T","M","$","E","R","M","R","B",null,"M","?","M","M","M","E","R","E","T","E","R","$","?","?","R","B",null,"M","M","?","M","T","E","R","E","T","E","$","M","M","M","R","B",null],"character_chosen":"IRONCLAD","items_purchased":["Fruit Juice","Anger","ReplayTheSpireMod:CursedCoin","DemoMod:WhiteGuonStone","AttackPotion","Adrenaline Potion","Violence","Sword Boomerang+1"],"campfire_rested":0,"item_purchase_floors":[5,11,29,29,45,45,45,45],"current_hp_per_floor":[80,80,80,64,69,75,74,82,82,92,92,92,92,92,92,92,92,90,90,66,74,86,68,68,60,60,66,66,66,66,66,66,91,97,81,87,87,97,97,97,97,97,97,97,97,97,97,97,97,97],"gold":53,"neow_bonus":"","is_daily":false,"chose_seed":false,"campfire_upgraded":7,"win_rate":0.0,"timestamp":1608148457,"path_taken":["M","?","M","?","$","E","M","E","T","M","?","E","R","M","R","BOSS","M","?","M","M","M","E","R","E","T","E","R","$","?","?","R","BOSS","M","M","?","M","?","E","R","E","T","E","$","?","M","M","R","BOSS"],"items_purchased_type":["Potion","Card","Relic","Relic","Potion","Potion","Card","Card"],"build_version":"2020-12-13","purchased_purges":3,"victory":true,"max_hp_per_floor":[80,80,80,80,85,85,85,85,85,92,92,92,92,92,92,92,92,92,92,92,92,97,97,97,97,97,97,97,97,97,97,97,97,97,97,97,97,97,97,97,97,97,97,97,97,97,97,97,97,97],"card_choices":[{"not_picked":["Limit Break","Impervious"],"picked":"Berserk+1","floor":6},{"not_picked":["Juggernaut+1","Barricade+1","Eclipse"],"picked":"SKIP","floor":8},{"not_picked":["Exhume","Brutality+1","Corruption+1"],"picked":"SKIP","floor":12},{"not_picked":["Juggernaut+1","Eclipse"],"picked":"Berserk+1","floor":23},{"not_picked":["Eclipse","Bludgeon+1"],"picked":"Replay:Many Hands","floor":25},{"not_picked":["Barricade+1","Brutality+1","Exhume"],"picked":"SKIP","floor":27},{"not_picked":["Reaper+1","Demon Form+1","Immolate+1"],"picked":"SKIP","floor":40},{"not_picked":["Fiend Fire+1","Exhume","Demon Form+1"],"picked":"SKIP","floor":42},{"not_picked":["Juggernaut+1","Impervious","Eclipse"],"picked":"SKIP","floor":44}],"player_experience":532181,"relics_obtained":[{"floor":1,"key":"Bird Faced Urn"},{"floor":3,"key":"Nunchaku"},{"floor":6,"key":"Bottled Lightning"},{"floor":7,"key":"Gremlin Food"},{"floor":8,"key":"Red Skull"},{"floor":9,"key":"Happy Flower"},{"floor":10,"key":"Strawberry"},{"floor":12,"key":"Molten Egg 2"},{"floor":14,"key":"PreservedInsect"},{"floor":18,"key":"Pocketwatch"},{"floor":20,"key":"DemoMod:RingOfEthereal"},{"floor":21,"key":"Toy Ornithopter"},{"floor":22,"key":"Durian"},{"floor":23,"key":"Tiny Chest"},{"floor":25,"key":"Ice Cream"},{"floor":26,"key":"Replay:Mystery Machine"},{"floor":27,"key":"Replay:Towering Pillar of Hats"},{"floor":35,"key":"Bag of Preparation"},{"floor":36,"key":"DemoMod:Metronome"},{"floor":38,"key":"Bag of Marbles"},{"floor":39,"key":"DemoMod:MemoryAlloy"},{"floor":40,"key":"Lantern"},{"floor":42,"key":"Orichalcum"},{"floor":43,"key":"StoneCalendar"},{"floor":44,"key":"ReplayTheSpireMod:Ninjato"},{"floor":46,"key":"Shovel"},{"floor":47,"key":"DemoMod:PoisonVial"},{"floor":48,"key":"Ancient Tea Set"}],"event_choices":[{"damage_healed":0,"gold_gain":0,"player_choice":"Box","damage_taken":0,"relics_obtained":["Frozen Egg 2"],"max_hp_gain":0,"max_hp_loss":0,"event_name":"Big Fish","floor":2,"gold_loss":0,"cards_obtained":["Regret"]},{"damage_healed":80,"gold_gain":0,"player_choice":"Upgrade","damage_taken":16,"max_hp_gain":0,"max_hp_loss":80,"event_name":"betterThird:BetterShining","floor":4,"gold_loss":0,"cards_upgraded":["Flex","Clash"]},{"damage_healed":0,"gold_gain":0,"player_choice":"Ignored","damage_taken":0,"max_hp_gain":0,"max_hp_loss":0,"event_name":"betterNote:BetterNote","floor":19,"gold_loss":0,"cards_obtained":["DemoMod:HardPowerCard"]},{"damage_healed":0,"gold_gain":0,"player_choice":"Inject Mutagens","damage_taken":0,"relics_obtained":["MutagenicStrength"],"max_hp_gain":0,"max_hp_loss":0,"event_name":"Drug Dealer","floor":30,"gold_loss":0},{"damage_healed":0,"gold_gain":0,"player_choice":"Ignored","damage_taken":0,"max_hp_gain":0,"max_hp_loss":0,"event_name":"Tomb of Lord Red Mask","floor":37,"gold_loss":0}],"is_beta":false,"boss_relics":[{"not_picked":["Replay:Drink Me","Honey Jar"],"picked":"Mark of Pain"},{"not_picked":["Sozu","Runic Cube"],"picked":"Empty Cage"}],"items_purged_floors":[11,29,45],"is_endless":false,"potions_floor_spawned":[6,8,10,12,16,20,25,33,36,38,44,48],"ascension_level":0}}