{"host":"nkolxg4se00n20yf","time":1608152837,"event":{"mods":["BaseMod","CatGirl Mod","Chen","Colored Map","Colored Powertips","Friendly Minions","Infinite Spire","Kiyohime????","Marisa????????","Minty Spire (QoL Compilation)","StSLib","Td1madao Mod","The Administrix","The Cursed","The Servant 0.9.4"],"gold_per_floor":[116,133,147,164,178,178,195,195,221,221,221,241,241,276,276,276,276],"floor_reached":16,"playtime":1416,"items_purged":[],"score":177,"play_id":"7ff5bb6d-ac77-4857-aae4-f2d225754a68","local_time":"20201216220717","is_ascension_mode":true,"campfire_choices":[{"floor":6,"key":"REST"},{"floor":8,"key":"REST"},{"floor":10,"key":"REST"},{"floor":15,"key":"REST"}],"circlet_count":0,"master_deck":["AscendersBane","Strike_G","Strike_G","Strike_G","Strike_G","Strike_G","Defend_G","Defend_G","Defend_G","Defend_G","Defend_G","Survivor","Neutralize","Poisoned Stab","Quick Slash","Deadly Poison","Heel Hook","Flying Knee","infinitespire:Neurotoxin","Footwork","Die Die Die"],"relics":["Ring of the Snake","Blood Vial","Centennial Puzzle","Juzu Bracelet","Bronze Scales"],"acts_visited":["Exordium"],"potions_floor_usage":[5,5,14],"damage_taken":[{"damage":8.0,"enemies":"2 Louse","floor":1.0,"turns":3.0},{"damage":1.0,"enemies":"Small Slimes","floor":2.0,"turns":4.0},{"damage":4.0,"enemies":"Jaw Worm","floor":3.0,"turns":4.0},{"damage":36,"enemies":"Exordium Thugs","floor":4,"turns":6},{"damage":8,"enemies":"Large Slime","floor":5,"turns":5},{"damage":0,"enemies":"Exordium Wildlife","floor":7,"turns":3},{"damage":8,"enemies":"3 Louse","floor":12,"turns":3},{"damage":53,"enemies":"Gremlin Nob","floor":14,"turns":5},{"damage":38,"enemies":"Slime Boss","floor":16,"turns":3}],"seed_played":"8041533154678954963","potions_obtained":[{"floor":2.0,"key":"DuplicationPotion"},{"floor":3,"key":"CunningPotion"},{"floor":7,"key":"AttackPotion"},{"floor":12,"key":"EssenceOfSteel"}],"is_trial":false,"path_per_floor":["M","M","M","M","M","R","M","R","T","R","?","M","?","E","R","B"],"character_chosen":"THE_SILENT","items_purchased":[],"campfire_rested":4,"item_purchase_floors":[],"current_hp_per_floor":[57,56,52,16,8,29,29,50,50,71,71,64,57,6,27,0,0],"gold":276,"neow_bonus":"TEN_PERCENT_HP_BONUS","is_daily":false,"chose_seed":false,"campfire_upgraded":0,"win_rate":0.0,"timestamp":1608152837,"path_taken":["M","M","M","M","M","R","M","R","T","R","?","M","?","E","R","BOSS"],"items_purchased_type":[],"build_version":"2020-12-13","purchased_purges":0,"victory":false,"max_hp_per_floor":[72,72,72,72,72,72,72,72,72,72,72,72,72,72,72,72,72],"card_choices":[{"not_picked":["Outmaneuver","Blur"],"picked":"Poisoned Stab","floor":1.0},{"not_picked":["Backflip","Outmaneuver"],"picked":"Quick Slash","floor":2.0},{"not_picked":["Dagger Spray","Caltrops"],"picked":"Deadly Poison","floor":3},{"not_picked":["Dagger Throw","Bane"],"picked":"Heel Hook","floor":4},{"not_picked":["Tactician","Blade Dance"],"picked":"Flying Knee","floor":5},{"not_picked":["Caltrops","Concentrate"],"picked":"infinitespire:Neurotoxin","floor":7},{"not_picked":["Accuracy","Dagger Spray"],"picked":"Footwork","floor":12},{"not_picked":["Poisoned Stab","Sucker Punch"],"picked":"Die Die Die","floor":14}],"player_experience":1015122,"relics_obtained":[{"floor":9,"key":"Blood Vial"},{"floor":14,"key":"Bronze Scales"}],"event_choices":[{"damage_healed":0,"gold_gain":0,"player_choice":"Searched \u00271\u0027 times","damage_taken":0,"relics_obtained":["Centennial Puzzle"],"max_hp_gain":0,"max_hp_loss":0,"event_name":"Dead Adventurer","floor":11,"gold_loss":0},{"damage_healed":0,"gold_gain":0,"player_choice":"Success","damage_taken":7,"relics_obtained":["Juzu Bracelet"],"max_hp_gain":0,"max_hp_loss":0,"event_name":"Scrap Ooze","floor":13,"gold_loss":0}],"is_beta":false,"boss_relics":[],"items_purged_floors":[],"is_endless":false,"potions_floor_spawned":[2,3,7,12],"killed_by":"Slime Boss","ascension_level":14}}