{"host":"6rmw1q50jy0xmvyl","time":1608113213,"event":{"mods":["BaseMod","Clockwork Mod","Duelist Mod","Minty Spire (QoL Compilation)","Remove Card Discount Mod","StSLib","??????REMEMod"],"gold_per_floor":[136,151,1,1,1,28,28,79,79,93,70,70,122,122,122,193,193,205,205,44,44,80,108,108,108,108],"floor_reached":25,"playtime":1427,"items_purged":["theDuelist:CastleWalls","theDuelist:Sparks+1","theDuelist:Sparks"],"score":355,"play_id":"ea029d3b-15bd-49c1-a60e-e1dc741ca174","local_time":"20201216110653","is_ascension_mode":true,"campfire_choices":[{"floor":7,"key":"REST"},{"floor":12,"key":"REST"},{"floor":15,"key":"REST"},{"floor":24,"key":"REST"}],"circlet_count":0,"master_deck":["AscendersBane","theDuelist:BabyDragon","theDuelist:CastleWalls","theDuelist:CaveDragon+1","theDuelist:CaveDragon","theDuelist:LesserDragon","theDuelist:LesserDragon","theDuelist:YamataDragon","A Thousand Cuts","theDuelist:TwinHeadedFire+1","Panacea","theDuelist:Mountain","theDuelist:CyberDragonSieger+1","theDuelist:RedRisingDragon","theDuelist:DragonMastery","theDuelist:DragonCaptureJar","theDuelist:Duoterion","theDuelist:GuardragonJusticia","theDuelist:SpiralSpearStrike+1"],"relics":["theDuelist:MillenniumPuzzle","theDuelist:CardPoolRelic","theDuelist:CardPoolBasicRelic","theDuelist:BoosterPackPoolRelic","theDuelist:CardPoolAddRelic","theDuelist:CardPoolMinusRelic","theDuelist:CardPoolSaveRelic","theDuelist:CardPoolOptionsRelic","REME_ComplimentaryCards","Membership Card","Art of War","Torii","theDuelist:DuelistUrn","Peace Pipe","theDuelist:MetronomeRelicB","theDuelist:NamelessPowerRelicA","theDuelist:KaibaToken","Bag of Marbles"],"acts_visited":["Exordium","TheCity"],"potions_floor_usage":[6,16],"damage_taken":[{"damage":5,"enemies":"Cultist","floor":1,"turns":4},{"damage":10,"enemies":"2 Louse","floor":2,"turns":3},{"damage":37,"enemies":"Gremlin Nob","floor":6,"turns":5},{"damage":24,"enemies":"Gremlin Nob","floor":8,"turns":12},{"damage":0,"enemies":"Jaw Worm","floor":10,"turns":2},{"damage":24,"enemies":"The Guardian","floor":16,"turns":7},{"damage":1,"enemies":"Chosen","floor":18,"turns":6},{"damage":1,"enemies":"Spheric Guardian","floor":22,"turns":3},{"damage":70,"enemies":"Slavers","floor":23,"turns":9},{"damage":41,"enemies":"Gremlin Leader","floor":25,"turns":4}],"seed_played":"-7083181222539522387","potions_obtained":[{"floor":2,"key":"theDuelist:SealedPackD"},{"floor":10,"key":"theDuelist:CoolBottle"}],"is_trial":false,"path_per_floor":["M","M","$","?","$","E","R","?","T","M","?","R","?","?","R","B",null,"M","?","$","?","M","E","R","E"],"character_chosen":"THE_DUELIST","items_purchased":["Membership Card","theDuelist:Duoterion","theDuelist:KaibaToken"],"campfire_rested":4,"item_purchase_floors":[3,20,20],"current_hp_per_floor":[67,57,57,57,57,20,42,18,18,18,18,40,40,25,47,23,63,66,76,76,76,75,17,39,0,0],"gold":108,"neow_bonus":"UPGRADE_CARD","is_daily":false,"chose_seed":false,"campfire_upgraded":0,"win_rate":0.0,"timestamp":1608113213,"path_taken":["M","M","$","?","$","E","R","?","T","?","?","R","?","?","R","BOSS","M","?","$","?","M","E","R","E"],"items_purchased_type":["Relic","Card","Relic"],"build_version":"2020-12-13","purchased_purges":3,"victory":false,"max_hp_per_floor":[80,80,80,76,76,76,76,76,76,76,76,76,76,76,76,76,76,76,76,76,76,76,76,76,76,76],"card_choices":[{"not_picked":["theDuelist:BlackStego","theDuelist:SphereChaos","theDuelist:MoltenDestruction","theDuelist:AquaDolphin"],"picked":"theDuelist:TwinHeadedFire","floor":1},{"not_picked":["Dramatic Entrance","Forethought","Violence"],"picked":"Panacea","floor":2},{"not_picked":["theDuelist:Vandalgyon","theDuelist:MiraculousDescent","theDuelist:Berserking"],"picked":"theDuelist:Mountain","floor":6},{"not_picked":["theDuelist:Mountain+1","theDuelist:DragonMirror+1","theDuelist:DragonTreasure+1","theDuelist:CastleDragonSouls+1"],"picked":"theDuelist:CyberDragonSieger+1","floor":8},{"not_picked":["theDuelist:DarkDriceratops","theDuelist:CyberDragonDrei","theDuelist:HazyFlameHydra","theDuelist:Earthquake"],"picked":"theDuelist:RedRisingDragon","floor":10},{"not_picked":["theDuelist:WaterDragon","theDuelist:Scapegoat","theDuelist:DefensiveTactics","theDuelist:ArmedProtectorDragon"],"picked":"theDuelist:DragonMastery","floor":16},{"not_picked":["theDuelist:ThreateningRoar","theDuelist:ScrapIronScarecrow","theDuelist:SafeZone","theDuelist:ArtifactSanctum"],"picked":"theDuelist:DragonCaptureJar","floor":18},{"not_picked":["theDuelist:TwinBarrelDragon","theDuelist:BlackVeloci","theDuelist:RedHeadedOni+1","theDuelist:SuperancientDinobeast"],"picked":"theDuelist:GuardragonJusticia","floor":22},{"not_picked":["theDuelist:Earthquake+1","theDuelist:EvolutionBurst","theDuelist:EvilMind","theDuelist:AxeDespair"],"picked":"theDuelist:SpiralSpearStrike+1","floor":23}],"player_experience":568240,"relics_obtained":[{"floor":6,"key":"Art of War"},{"floor":8,"key":"Torii"},{"floor":8,"key":"theDuelist:DuelistUrn"},{"floor":8,"key":"Peace Pipe"},{"floor":9,"key":"theDuelist:MetronomeRelicB"},{"floor":23,"key":"Bag of Marbles"}],"event_choices":[{"damage_healed":0,"gold_gain":0,"player_choice":"Brew - 2x Potion Slots","duelist":true,"damage_taken":0,"max_hp_gain":0,"max_hp_loss":0,"event_name":"Aknamkanon\u0027s Tomb","floor":4,"gold_loss":0},{"damage_healed":0,"gold_gain":0,"player_choice":"Fight","duelist":true,"damage_taken":0,"max_hp_gain":0,"max_hp_loss":0,"event_name":"Battle City","floor":8,"gold_loss":0},{"power_reward":2,"total_magic_score":32,"gold_gain":0,"duelist":true,"damage_taken":0,"relics_obtained":["theDuelist:NamelessPowerRelicA"],"points":7,"max_hp_gain":0,"max_hp_loss":0,"spent_points":{"magic":0,"greed":0,"war":4,"power":2,"hunger":1},"event_name":"Nameless Tomb","floor":11,"gold_loss":23,"cards_obtained":[]},{"damage_healed":0,"gold_gain":52,"player_choice":"Gained Gold","damage_taken":0,"max_hp_gain":0,"max_hp_loss":0,"event_name":"Golden Wing","floor":13,"gold_loss":0},{"damage_healed":0,"gold_gain":0,"player_choice":"Entered Light","damage_taken":15,"max_hp_gain":0,"max_hp_loss":0,"event_name":"Shining Light","floor":14,"gold_loss":0,"cards_upgraded":["theDuelist:TwinHeadedFire","theDuelist:Sparks"]},{"damage_healed":25,"gold_gain":0,"player_choice":"Heal","damage_taken":0,"max_hp_gain":0,"max_hp_loss":0,"event_name":"The Library","floor":19,"gold_loss":0},{"damage_healed":0,"gold_gain":0,"player_choice":"Ignored","damage_taken":0,"max_hp_gain":0,"max_hp_loss":0,"event_name":"Purifier","floor":21,"gold_loss":0}],"is_beta":false,"boss_relics":[{"not_picked":["REME_DemonsWealth","Coffee Dripper","Philosopher\u0027s Stone"]}],"items_purged_floors":[20,20,20],"is_endless":false,"potions_floor_spawned":[2,10],"killed_by":"Gremlin Leader","ascension_level":13}}