{"host":"nox","time":1608113690,"event":{"mods":["BaseMod","Colored Powertips","Minty Spire (QoL Compilation)","Quick Restart","Replay The Spire","StSLib"],"gold_per_floor":[114,114,114,114,127,153,7,39,64,83,109,128,154,174,174,174,174],"floor_reached":16,"playtime":458,"items_purged":[],"score":186,"play_id":"3c52ba68-e47d-4ebf-b47b-5fc3ee668145","local_time":"20201216171450","is_ascension_mode":true,"campfire_choices":[{"floor":15,"key":"REST"}],"circlet_count":0,"master_deck":["Strike_G","Strike_G","Strike_G","Strike_G","Strike_G","Defend_G","Defend_G","Defend_G","Defend_G","Defend_G","Survivor","Neutralize","Masterful Stab","Decay","Backstab","Backstab"],"relics":["Ring of the Snake","Replay:Wax Seal","Ancient Tea Set","DollysMirror","Iron Hammer","Oddly Smooth Stone","Replay:Accelerometer"],"acts_visited":["Exordium"],"potions_floor_usage":[6,8,11,13],"damage_taken":[{"damage":4,"enemies":"2 Louse","floor":1,"turns":3},{"damage":0,"enemies":"Small Slimes","floor":5,"turns":3},{"damage":16,"enemies":"Gremlin Nob","floor":6,"turns":4},{"damage":28,"enemies":"3 Sentries","floor":8,"turns":7},{"damage":0,"enemies":"Cultist","floor":10,"turns":1},{"damage":0,"enemies":"Gremlin Nob","floor":11,"turns":2},{"damage":0,"enemies":"2 Fungi Beasts","floor":12,"turns":2},{"damage":14,"enemies":"Lagavulin","floor":13,"turns":6},{"damage":0,"enemies":"Large Slime","floor":14,"turns":4},{"damage":53,"enemies":"The Guardian","floor":16,"turns":10}],"seed_played":"301044515365883826","potions_obtained":[{"floor":1,"key":"Explosive Potion"},{"floor":5,"key":"FearPotion"},{"floor":10,"key":"BlessingOfTheForge"},{"floor":11,"key":"SpeedPotion"}],"is_trial":false,"path_per_floor":["M","?","$","?","M","E","$","E","T","M","E","M","E","M","R","B"],"character_chosen":"THE_SILENT","items_purchased":["DollysMirror"],"campfire_rested":1,"item_purchase_floors":[7],"current_hp_per_floor":[73,66,66,66,66,50,50,22,22,22,22,22,8,8,31,0,0],"gold":174,"neow_bonus":"TEN_PERCENT_HP_BONUS","is_daily":false,"chose_seed":false,"campfire_upgraded":0,"win_rate":0.0,"timestamp":1608113690,"path_taken":["M","?","$","?","M","E","$","E","T","M","E","?","E","M","R","BOSS"],"items_purchased_type":["Relic"],"build_version":"2020-11-17","purchased_purges":0,"victory":false,"max_hp_per_floor":[77,77,77,77,77,77,77,77,77,77,77,77,77,77,77,77,77],"card_choices":[{"not_picked":["Dagger Spray","Setup"],"picked":"Masterful Stab","floor":1},{"not_picked":["Dodge and Roll","Dagger Throw","Leg Sweep"],"picked":"SKIP","floor":5},{"not_picked":["Finisher","Outmaneuver"],"picked":"Backstab","floor":6},{"not_picked":["Dagger Throw","Expertise","Slice"],"picked":"SKIP","floor":8},{"not_picked":["Crippling Poison","PiercingWail","Prepared"],"picked":"SKIP","floor":10},{"not_picked":["Slice","ReplayTheSpireMod:The Works","Backflip"],"picked":"SKIP","floor":11},{"not_picked":["Calculated Gamble","Bullet Time","ReplayTheSpireMod:Scrap Shanks"],"picked":"SKIP","floor":12},{"not_picked":["Deflect","Dagger Throw","Adrenaline"],"picked":"SKIP","floor":13},{"not_picked":["Skewer","Prepared","Sucker Punch"],"picked":"SKIP","floor":14}],"player_experience":129478,"relics_obtained":[{"floor":6,"key":"Ancient Tea Set"},{"floor":8,"key":"Iron Hammer"},{"floor":11,"key":"Oddly Smooth Stone"},{"floor":13,"key":"Replay:Accelerometer"}],"event_choices":[{"damage_healed":0,"gold_gain":0,"player_choice":"Success","damage_taken":7,"relics_obtained":["Replay:Wax Seal"],"max_hp_gain":0,"max_hp_loss":0,"event_name":"Scrap Ooze","floor":2,"gold_loss":0},{"damage_healed":0,"gold_gain":0,"player_choice":"Cursed","damage_taken":0,"max_hp_gain":0,"max_hp_loss":0,"event_name":"Wheel of Change","floor":4,"gold_loss":0,"cards_obtained":["Decay"]}],"is_beta":true,"boss_relics":[],"items_purged_floors":[],"is_endless":false,"potions_floor_spawned":[1,5,10,11],"killed_by":"The Guardian","ascension_level":4}}