{"host":"cxlfijb3ipw68228","time":1608093863,"event":{"mods":["2.2 Compatiblity","AchievementEnabler","Aspiration","BaseMod","Better Altar","Better Note","Better Sensory Stone","Better Skull","Better Third Choice","BetterRewards","CCEM","Colored Map","Conspire","Downfall","Halation","Highlight Path","Hubris","Minty Spire (QoL Compilation)","StSLib","The Servant 0.9.4"],"gold_per_floor":[99,274,274,291,2566,2491,2491,2501,2519,2519,1750,1762,732,750,763,870,870,870,889,908,3803,3817,3817,3817,3817,3838,3838,3864,3864,3490,3490,3518,3621,3621,3621,2640,2656,2678,2690,2740,2767,2779,2790,2715,2731,2750,2061,2077,2089,2089],"floor_reached":51,"playtime":5480,"items_purged":["Doubt","hexamod:Strike","hexamod:Strike","hexamod:Strike","sneckomod:Bewildered","hexamod:Defend","hexamod:FifthSeal"],"score":722,"play_id":"2ae8d099-b0c8-4a2b-96af-6b0763590649","local_time":"20201215234423","is_ascension_mode":false,"campfire_choices":[{"data":"hexamod:Sear","floor":1,"key":"SMITH"},{"floor":3,"key":"RECALL"},{"data":"hexamod:FastForward","floor":6,"key":"SMITH"},{"data":"Discovery","floor":10,"key":"SMITH"},{"data":"hexamod:EmpoweringStance","floor":18,"key":"SMITH"},{"floor":25,"key":"REST"},{"data":"expansioncontent:DefensiveStance","floor":27,"key":"SMITH"},{"data":"hexamod:HexaLevel","floor":35,"key":"SMITH"},{"data":"hexamod:SearingWound","floor":44,"key":"SMITH"}],"circlet_count":0,"master_deck":["hexamod:Strike","hexamod:Defend","hexamod:Defend","hexamod:Sear+1","hexamod:Float","hexamod:NightmareStrike","hexamod:HeatMetal","hexamod:FastForward+1","Discovery+1","hexamod:FlamesFromBeyond","hexamod:ExtraCrispy","hexamod:PowerFromBeyond","hexamod:GhostOfSpirePresent","Master of Strategy","hexamod:SpectralAdrenaline","hexamod:DynamicBlow","hexamod:ShieldOfDarkness+1","hexamod:PhantomFireball","hexamod:GhostflameBarrier","hexamod:NightmareGuise","hexamod:Hexaguard","hexamod:EmpoweringStance+1","hexamod:SkipABeat+1","hexamod:FirstSeal","hexamod:BurningTouch+1","hexamod:UnleashSpirits","expansioncontent:DefensiveStance+1","Metamorphosis","hexamod:InspiringFlames","Blind+1","hexamod:SpectralSpark","hexamod:SpectersWail","hexamod:RainOfEmbers","hexamod:RadiantFlame","hexamod:HexaLevel","hexamod:PhantomFireball+1","hexamod:AdvancingGuard","hexamod:HexaLevel+1","expansioncontent:BronzeBeam","hexamod:GhostLash+1","hexamod:SearingWound+1","hexamod:RecurringNightmare","hexamod:StepThrough","hexamod:ThermalTransfer+1","hexamod:FlamesFromBeyond+1","hexamod:GhostShield+1","hexamod:Firestarter","hexamod:GhostOfSpireFuture","hexamod:SoulSteal+1"],"relics":["hexamod:SpiritBrand","hubris:GlazedTorus","Cauldron","downfall:HeartBlessingRed","hubris:BundleOfHerbs","Kunai","Anchor","halation:LostSnail","aspiration:SeaSaltIceCream","aspiration:Nostalgia","champ:ChampionCrown","aspiration:HatOfInfinitePower","Philosopher\u0027s Stone","Chemical X","StrikeDummy","aspiration:StickyExplosives_weak","halation:SwordOfLegend","Strange Spoon","Unceasing Top","Black Star","Sling","conspire:DeflatedDodgeball","InkBottle","hexamod:TheBrokenSeal","CCEMRelics:WarHorn","downfall:HeartBlessingBlue","Toxic Egg 2","Omamori"],"acts_visited":["Exordium","TheCity","TheBeyond"],"potions_floor_usage":[13,16,16,26,26,30,32,33,33,37,38,40,50,50,50],"damage_taken":[{"damage":6,"enemies":"Jaw Worm","floor":4,"turns":3},{"damage":0,"enemies":"downfall:FleeingMerchant","floor":5,"turns":4},{"damage":0,"enemies":"2 Louse","floor":8,"turns":2},{"damage":0,"enemies":"Small Slimes","floor":9,"turns":3},{"damage":4,"enemies":"downfall:FleeingMerchant","floor":11,"turns":4},{"damage":5,"enemies":"2 Fungi Beasts","floor":12,"turns":4},{"damage":3,"enemies":"downfall:FleeingMerchant","floor":13,"turns":4},{"damage":15,"enemies":"Exordium Thugs","floor":14,"turns":4},{"damage":0,"enemies":"3 Louse","floor":15,"turns":4},{"damage":35,"enemies":"downfall:Defect","floor":16,"turns":5},{"damage":44,"enemies":"Chosen","floor":19,"turns":8},{"damage":23,"enemies":"Snecko","floor":20,"turns":5},{"damage":24,"enemies":"downfall:FleeingMerchant","floor":21,"turns":4},{"damage":0,"enemies":"Snake Plant","floor":22,"turns":4},{"damage":12,"enemies":"Centurion and Healer","floor":26,"turns":6},{"damage":22,"enemies":"Shelled Parasite and Fungi","floor":28,"turns":7},{"damage":18,"enemies":"downfall:FleeingMerchant","floor":30,"turns":4},{"damage":0,"enemies":"Snecko","floor":32,"turns":5},{"damage":24,"enemies":"downfall:Watcher","floor":33,"turns":7},{"damage":22,"enemies":"Orb Walker","floor":37,"turns":5},{"damage":29,"enemies":"3 Darklings","floor":38,"turns":9},{"damage":10,"enemies":"Spire Growth","floor":39,"turns":4},{"damage":0,"enemies":"Mind Bloom Boss Battle","floor":40,"turns":5},{"damage":0,"enemies":"Maw","floor":42,"turns":6},{"damage":16,"enemies":"Writhing Mass","floor":43,"turns":6},{"damage":0,"enemies":"3 Darklings","floor":45,"turns":4},{"damage":14,"enemies":"Jaw Worm Horde","floor":46,"turns":5},{"damage":16,"enemies":"Spire Growth","floor":48,"turns":5},{"damage":0,"enemies":"Writhing Mass","floor":49,"turns":3},{"damage":52,"enemies":"downfall:Silent","floor":50,"turns":9}],"seed_played":"614296690475785650","potions_obtained":[{"floor":5,"key":"Strength Potion"},{"floor":5,"key":"LiquidBronze"},{"floor":5,"key":"SkillPotion"},{"floor":15,"key":"hexamod:DoubleChargePotion"},{"floor":19,"key":"CultistPotion"},{"floor":20,"key":"SteroidPotion"},{"floor":21,"key":"SkillPotion"},{"floor":22,"key":"Regen Potion"},{"floor":28,"key":"PowerPotion"},{"floor":28,"key":"PowerPotion"},{"floor":32,"key":"Swift Potion"},{"floor":33,"key":"Block Potion"},{"floor":38,"key":"SkillPotion"},{"floor":38,"key":"Fire Potion"},{"floor":39,"key":"champ:CounterPotion"},{"floor":40,"key":"Strength Potion"}],"is_trial":false,"path_per_floor":["R","?","R","M","$","R","T","M","M","R","$","M","$","M","M","B",null,"R","M","M","$","M","?","T","R","M","R","M","?","$","?","M","B",null,"R","$","M","M","M","?","T","M","M","R","M","M","$","M","M","B",null],"character_chosen":"THE_SPIRIT","items_purchased":["hexamod:HeatMetal","hubris:GlazedTorus","Cauldron","hexamod:FastForward","Discovery","Kunai","Anchor","hexamod:GhostOfSpirePresent","Master of Strategy","halation:LostSnail","aspiration:SeaSaltIceCream","hexamod:ShieldOfDarkness","aspiration:HatOfInfinitePower","FairyPotion","hexamod:PhantomFireball","hexamod:GhostflameBarrier","Chemical X","StrikeDummy","aspiration:StickyExplosives_weak","expansioncontent:DefensiveStance","Metamorphosis","Strange Spoon","Unceasing Top","hexamod:AdvancingGuard","hexamod:EctoCoolerPotion","Sling","conspire:DeflatedDodgeball","InkBottle","PowerPotion","expansioncontent:BronzeBeam","Toxic Egg 2","Omamori","hexamod:GhostOfSpireFuture"],"campfire_rested":1,"item_purchase_floors":[5,5,5,5,5,11,11,11,11,13,13,13,13,13,13,13,21,21,21,21,21,30,30,30,30,36,36,36,36,36,47,47,47],"current_hp_per_floor":[77,77,77,71,71,71,71,71,71,71,77,77,77,62,69,41,77,77,40,24,30,44,44,44,66,77,77,69,69,58,58,65,55,77,77,77,62,87,77,84,84,87,78,97,97,83,83,74,74,35],"gold":2089,"neow_bonus":"TEN_PERCENT_HP_BONUS","is_daily":false,"chose_seed":false,"campfire_upgraded":7,"win_rate":0.0,"timestamp":1608093863,"path_taken":["R","?","R","M","$","R","T","M","M","R","$","M","$","M","M","BOSS","R","M","M","$","M","?","T","R","M","R","M","?","$","?","M","BOSS","R","$","M","M","M","?","T","M","M","R","M","M","$","M","M","BOSS"],"items_purchased_type":["Card","Relic","Relic","Card","Card","Relic","Relic","Card","Card","Relic","Relic","Card","Relic","Potion","Card","Card","Relic","Relic","Relic","Card","Card","Relic","Relic","Card","Potion","Relic","Relic","Relic","Potion","Card","Relic","Relic","Card"],"build_version":"2020-12-13","purchased_purges":7,"victory":true,"max_hp_per_floor":[77,77,77,77,77,77,77,77,77,77,77,77,77,77,77,77,77,77,77,77,77,77,77,77,77,77,77,77,77,77,77,77,77,77,77,77,77,87,87,87,87,87,87,97,97,97,97,97,97,97],"card_choices":[{"not_picked":["hexamod:GhostLash","hexamod:InspiringFlames"],"picked":"hexamod:NightmareStrike","floor":4},{"not_picked":["hexamod:GhostLash","hexamod:GhostShield"],"picked":"hexamod:FifthSeal","floor":5},{"not_picked":["hexamod:RainOfEmbers","hexamod:RecurringNightmare"],"picked":"hexamod:FlamesFromBeyond","floor":8},{"not_picked":["hexamod:FourthSeal","hexamod:SecondSeal"],"picked":"hexamod:FirstSeal","floor":9},{"not_picked":["hexamod:TurnItUp","hexamod:HeatCrush"],"picked":"hexamod:ExtraCrispy","floor":9},{"not_picked":["hexamod:ThermalTransfer","hexamod:NightmareStrike"],"picked":"hexamod:PowerFromBeyond","floor":11},{"not_picked":["hexamod:ThirdSeal","hexamod:FourthSeal"],"picked":"hexamod:SecondSeal","floor":12},{"not_picked":["hexamod:RadiantFlame","hexamod:Firestarter"],"picked":"hexamod:SpectralAdrenaline","floor":12},{"not_picked":["hexamod:HeatShield","hexamod:EtherealExpedition"],"picked":"hexamod:DynamicBlow","floor":13},{"not_picked":["hexamod:FirstSeal","hexamod:FifthSeal"],"picked":"hexamod:FourthSeal","floor":14},{"not_picked":["hexamod:RainOfEmbers","hexamod:Hexaguard"],"picked":"hexamod:NightmareGuise","floor":14},{"not_picked":["hexamod:NightmareGuise","hexamod:ShieldOfDarkness"],"picked":"hexamod:Hexaguard","floor":15},{"not_picked":["hexamod:FifthSeal","hexamod:Toasty"],"picked":"hexamod:EmpoweringStance","floor":16},{"not_picked":["hexamod:FourthSeal","hexamod:SecondSeal"],"picked":"hexamod:FifthSeal","floor":19},{"not_picked":["hexamod:NightmareStrike","hexamod:Haunt"],"picked":"hexamod:SkipABeat+1","floor":19},{"not_picked":["hexamod:SecondSeal","hexamod:FifthSeal"],"picked":"hexamod:FirstSeal","floor":20},{"not_picked":["hexamod:RainOfEmbers","hexamod:ThermalTransfer"],"picked":"hexamod:BurningTouch+1","floor":20},{"not_picked":["hexamod:FifthSeal","hexamod:FirstSeal","hexamod:SecondSeal"],"picked":"SKIP","floor":20},{"not_picked":["hexamod:FifthSeal","hexamod:FirstSeal"],"picked":"hexamod:ThirdSeal","floor":21},{"not_picked":["hexamod:GhostOfSpireFuture","hexamod:ExtraCrispy+1"],"picked":"hexamod:UnleashSpirits","floor":21},{"not_picked":["hexamod:FourthSeal","hexamod:FirstSeal","hexamod:FifthSeal"],"picked":"SKIP","floor":21},{"not_picked":["hexamod:NightmareGuise","hexamod:SwordOfDarkness"],"picked":"hexamod:InspiringFlames","floor":22},{"not_picked":["hexamod:GhostShield","hexamod:ShieldOfDarkness+1"],"picked":"hexamod:SpectersWail","floor":26},{"not_picked":["hexamod:RainOfEmbers","hexamod:HeatMetal","hexamod:NightmareStrike"],"picked":"SKIP","floor":26},{"not_picked":["hexamod:FifthSeal","hexamod:ThirdSeal","hexamod:SecondSeal"],"picked":"SKIP","floor":26},{"not_picked":["hexamod:GhostOfSpirePresent","hexamod:NightmareGuise"],"picked":"hexamod:RainOfEmbers","floor":28},{"not_picked":["hexamod:PowerFromBeyond+1","hexamod:ExtraCrispy"],"picked":"hexamod:RadiantFlame","floor":28},{"not_picked":["hexamod:GhostShield","hexamod:FastForward+1"],"picked":"hexamod:HexaLevel","floor":30},{"not_picked":["hexamod:SpectralSpark","hexamod:AdvancingGuard+1"],"picked":"hexamod:PhantomFireball+1","floor":30},{"not_picked":["hexamod:NightmareStrike","hexamod:Firestarter","hexamod:BurningTouch"],"picked":"SKIP","floor":32},{"not_picked":["hexamod:GhostflameInferno","hexamod:UnleashSpirits"],"picked":"hexamod:HexaLevel","floor":33},{"not_picked":["hexamod:CrushingStance","hexamod:TurnItUp"],"picked":"hexamod:SixthSeal","floor":33},{"not_picked":["hexamod:HauntingEcho","hexamod:NightmareGuise"],"picked":"hexamod:GhostLash+1","floor":37},{"not_picked":["hexamod:SpectersWail+1","hexamod:FastForward"],"picked":"hexamod:SearingWound","floor":37},{"not_picked":["hexamod:ThirdSeal","hexamod:FourthSeal","hexamod:SecondSeal"],"picked":"SKIP","floor":37},{"not_picked":["hexamod:FirstSeal","hexamod:SecondSeal","hexamod:FourthSeal"],"picked":"SKIP","floor":37},{"not_picked":["hexamod:BacktrackSmack+1","hexamod:Hexaguard+1"],"picked":"hexamod:RecurringNightmare","floor":38},{"not_picked":["hexamod:FifthSeal","hexamod:FirstSeal","hexamod:FourthSeal"],"picked":"SKIP","floor":38},{"not_picked":["hexamod:RecurringNightmare","hexamod:EmpoweredFlame"],"picked":"hexamod:StepThrough","floor":39},{"not_picked":["hexamod:GhostLash","hexamod:FastForward+1"],"picked":"hexamod:ThermalTransfer+1","floor":40},{"not_picked":["hexamod:BurningTouch+1","hexamod:SwordOfDarkness+1"],"picked":"hexamod:FlamesFromBeyond+1","floor":42},{"not_picked":["hexamod:EmpoweredFlame+1","hexamod:ThermalTransfer+1"],"picked":"hexamod:GhostShield+1","floor":43},{"not_picked":["hexamod:NightmareGuise","hexamod:ShieldOfDarkness+1","hexamod:GhostShield+1"],"picked":"SKIP","floor":45},{"not_picked":["hexamod:SkipABeat","hexamod:RadiantFlame+1"],"picked":"hexamod:Firestarter","floor":46},{"not_picked":["hexamod:HeatShield+1","hexamod:Again+1"],"picked":"hexamod:SoulSteal+1","floor":48},{"not_picked":["hexamod:ThermalTransfer","hexamod:FifthSeal","hexamod:SecondSeal"],"picked":"SKIP","floor":49}],"player_experience":525621,"relics_obtained":[{"floor":7,"key":"hubris:BundleOfHerbs"},{"floor":24,"key":"halation:SwordOfLegend"},{"floor":40,"key":"CCEMRelics:WarHorn"}],"event_choices":[{"damage_healed":0,"gold_gain":0,"player_choice":"Upgraded","damage_taken":0,"max_hp_gain":0,"max_hp_loss":0,"event_name":"Upgrade Shrine","floor":29,"gold_loss":0,"cards_upgraded":["Blind"]},{"cards_removed":["hexamod:Defend"],"damage_healed":0,"gold_gain":0,"player_choice":"Purged","damage_taken":0,"max_hp_gain":0,"max_hp_loss":0,"event_name":"Purifier","floor":31,"gold_loss":0}],"is_beta":false,"boss_relics":[{"not_picked":["halation:Risk","Velvet Choker"],"picked":"Philosopher\u0027s Stone"},{"not_picked":["hubris:ScarierMask","aspiration:SilentSkillbook"],"picked":"Black Star"}],"items_purged_floors":[5,11,13,21,30,36,47],"is_endless":false,"potions_floor_spawned":[8,12,15,28,32,38,39,40,42,45],"ascension_level":0}}