{"host":"tj6tjcyqgbd0xj5u","time":1608080738,"event":{"mods":["Aspiration","Astrologer","BaseMod","Better Match","BetterRewards","Challenge The Spire","Conspire","Defuse TimeMaze Blight","Energized Spire","GifTheSpireLib","Gremlin Mod","Halation","Hubris","Infinite Spire","Minty Spire (QoL Compilation)","Replay The Spire","Reworked Bosses","Robot Space Explorer","Spikes Relics","StSLib","Stuff the Spire","The Gatherer","The Sage","vexMod"],"gold_per_floor":[109,109,122,133,133,133,88,88,88,117,128,128,155,155,155,281,281,306,306,306,231,245,245,219,219,243,243,264,264,288,309,309,309,309],"floor_reached":33,"playtime":1360,"items_purged":["Pain"],"score":278,"play_id":"ea1ab074-c6a8-4604-8301-a916713245cf","local_time":"20201215210538","is_ascension_mode":false,"campfire_choices":[{"data":"RobotSpaceExplorer:MiniLasers","floor":6,"key":"SMITH"},{"data":"RobotSpaceExplorer:Pulsar","floor":8,"key":"SMITH"},{"data":"RobotSpaceExplorer:Pulsar","floor":12,"key":"SMITH"},{"data":"RobotSpaceExplorer:MiniDrones","floor":15,"key":"SMITH"},{"data":"RobotSpaceExplorer:LuckyStrike","floor":23,"key":"SMITH"},{"data":"RobotSpaceExplorer:HighVoltage","floor":27,"key":"SMITH"},{"floor":29,"key":"REST"},{"floor":32,"key":"REST"}],"circlet_count":0,"master_deck":["RobotSpaceExplorer:Strike","RobotSpaceExplorer:Strike","RobotSpaceExplorer:Strike","RobotSpaceExplorer:Strike","RobotSpaceExplorer:Defend","RobotSpaceExplorer:Defend","RobotSpaceExplorer:Defend","RobotSpaceExplorer:Defend","RobotSpaceExplorer:Scan","RobotSpaceExplorer:MiniLasers+1","RobotSpaceExplorer:MetalStrike","RobotSpaceExplorer:Ammunition","RobotSpaceExplorer:SurgingStrike","RobotSpaceExplorer:Pulsar+1","RobotSpaceExplorer:FrostMissile","RobotSpaceExplorer:Pulsar+1","RobotSpaceExplorer:MiniDrones+1","RobotSpaceExplorer:HighVoltage+1","RobotSpaceExplorer:PlasmaMissile+1","StuffTheSpire:Rapture","RobotSpaceExplorer:LuckyStrike+1","RobotSpaceExplorer:DoubleFind+1","RobotSpaceExplorer:FranticSearch+1"],"relics":["RobotSpaceExplorer:RoboCore","NeowsBlessing","Blue Doll","Orichalcum","Ancient Tea Set","Golden Idol","vexMod:DeviousBotling","vexMod:BarristanHead"],"acts_visited":["Exordium","TheCity"],"potions_floor_usage":[10,10,10,24,28,33],"damage_taken":[{"damage":0,"enemies":"Small Slimes","floor":1,"turns":1},{"damage":0,"enemies":"infinitespire:Voidling","floor":3,"turns":1},{"damage":0,"enemies":"Jaw Worm","floor":4,"turns":1},{"damage":0,"enemies":"Gremlin Nob","floor":10,"turns":4},{"damage":13,"enemies":"conspire:2 RoseBushes","floor":11,"turns":6},{"damage":3,"enemies":"Lagavulin","floor":13,"turns":9},{"damage":5,"enemies":"The Guardian","floor":16,"turns":15},{"damage":32,"enemies":"conspire:FuzzyDice","floor":18,"turns":5},{"damage":17,"enemies":"Spheric Guardian","floor":22,"turns":4},{"damage":10,"enemies":"conspire:HollyBat","floor":28,"turns":5},{"damage":17,"enemies":"Sentry and Sphere","floor":30,"turns":4},{"damage":2,"enemies":"Shelled Parasite and Fungi","floor":31,"turns":7},{"damage":35,"enemies":"bossMod:newCollector","floor":33,"turns":7}],"seed_played":"-5729179580510717904","potions_obtained":[{"floor":2,"key":"Flashbang"},{"floor":2,"key":"Reflective Coating"},{"floor":2,"key":"Explosive Potion"},{"floor":11,"key":"sagemod:Wine"},{"floor":31,"key":"DuplicationPotion"}],"is_trial":false,"path_per_floor":["M","?","M","M","?","R","$","R","T","E","M","R","E","?","R","B",null,"M","?","?","$","M","R","$","T","T","R","M","R","M","M","R","B"],"character_chosen":"RobotSpaceExplorer","items_purchased":["RobotSpaceExplorer:Pulsar","RobotSpaceExplorer:DoubleFind+1"],"campfire_rested":2,"item_purchase_floors":[7,24],"current_hp_per_floor":[75,75,75,75,75,75,75,75,75,75,62,62,59,59,59,54,69,37,37,37,37,20,20,20,20,20,20,10,30,13,11,31,0,0],"gold":309,"neow_bonus":"THREE_ENEMY_KILL","is_daily":false,"chose_seed":false,"campfire_upgraded":6,"win_rate":0.0,"timestamp":1608080738,"path_taken":["M","?","?","M","?","R","$","R","T","E","M","R","E","?","R","BOSS","M","?","?","$","M","R","?","?","T","R","M","R","?","M","R","BOSS"],"items_purchased_type":["Card","Card"],"build_version":"2020-12-13","purchased_purges":1,"victory":false,"max_hp_per_floor":[75,75,75,75,75,75,75,75,75,75,75,75,75,69,69,69,69,69,69,69,69,69,69,69,69,69,69,69,69,69,69,69,69,69],"card_choices":[{"not_picked":["RobotSpaceExplorer:StunGrenade","RobotSpaceExplorer:GlueShot"],"picked":"RobotSpaceExplorer:MetalStrike","floor":1},{"not_picked":["RobotSpaceExplorer:SlimeMissile","RobotSpaceExplorer:ScrapMissile"],"picked":"RobotSpaceExplorer:Ammunition","floor":3},{"not_picked":["RobotSpaceExplorer:Blitz","RobotSpaceExplorer:SwiftStep"],"picked":"RobotSpaceExplorer:SurgingStrike","floor":4},{"not_picked":["RobotSpaceExplorer:TrailblazerForm","RobotSpaceExplorer:GlueShot"],"picked":"RobotSpaceExplorer:FrostMissile","floor":10},{"not_picked":["RobotSpaceExplorer:ShockKick","RobotSpaceExplorer:FreezingShield"],"picked":"RobotSpaceExplorer:Pulsar","floor":11},{"not_picked":["RobotSpaceExplorer:FranticSearch","RobotSpaceExplorer:PowerCollector"],"picked":"RobotSpaceExplorer:MiniDrones","floor":13},{"not_picked":["RobotSpaceExplorer:Blaster","RobotSpaceExplorer:Accelerator"],"picked":"RobotSpaceExplorer:HighVoltage","floor":16},{"not_picked":["RobotSpaceExplorer:ToxicBomb+1","RobotSpaceExplorer:ScrapMissile"],"picked":"RobotSpaceExplorer:PlasmaMissile+1","floor":18},{"not_picked":["RobotSpaceExplorer:SlimeMissile","RobotSpaceExplorer:ScrapShield"],"picked":"RobotSpaceExplorer:LuckyStrike","floor":22},{"not_picked":["RobotSpaceExplorer:ShockKick+1","RobotSpaceExplorer:IronShell"],"picked":"RobotSpaceExplorer:FranticSearch+1","floor":28},{"not_picked":["RobotSpaceExplorer:Jetpack","RobotSpaceExplorer:MetalStrike","RobotSpaceExplorer:ShockKick+1"],"picked":"SKIP","floor":30},{"not_picked":["RobotSpaceExplorer:DroneSwarm","RobotSpaceExplorer:ShockKick","RobotSpaceExplorer:MiniDrones"],"picked":"SKIP","floor":31}],"player_experience":34264,"relics_obtained":[{"floor":9,"key":"Blue Doll"},{"floor":10,"key":"Orichalcum"},{"floor":13,"key":"Ancient Tea Set"},{"floor":26,"key":"vexMod:BarristanHead"}],"event_choices":[{"damage_healed":0,"gold_gain":0,"player_choice":"Got Potions","damage_taken":0,"max_hp_gain":0,"max_hp_loss":0,"event_name":"Lab","floor":2,"gold_loss":0},{"damage_healed":0,"gold_gain":0,"player_choice":"Lose Max HP","damage_taken":0,"relics_obtained":["Golden Idol"],"max_hp_gain":0,"max_hp_loss":6,"event_name":"Golden Idol","floor":14,"gold_loss":0}],"is_beta":false,"boss_relics":[{"not_picked":["ChewingGum","halation:SmartPhone"],"picked":"vexMod:DeviousBotling"}],"items_purged_floors":[21],"is_endless":false,"potions_floor_spawned":[4,11,31],"killed_by":"bossMod:newCollector","ascension_level":0}}