{"host":"6ko66ogg91i6g7xq","time":1608099528,"event":{"mods":["AchievementEnabler","Act Like it!","BaseMod","Colored Map","Colored Powertips","Downfall","Hermit","Minty Spire (QoL Compilation)","Quick Restart","Relic Stats","StSLib","The Jungle","everything is the same but u backflip on backflip"],"gold_per_floor":[110,285,33,33,45,76,94,94,94,113,113,124,138,164,164,263,313,326,342,71,71,85,113,113,142,165,193,393,403,416,432,432,529,529,546,546,546,599,649,660,660,695,772,699,734,734,763,608,608,608,608,608,169,199,199],"floor_reached":56,"playtime":2171,"items_purged":["Doubt","Madness"],"score":1766,"play_id":"da0c92e5-a502-4b2e-a928-56a965661b9a","local_time":"20201216011848","is_ascension_mode":true,"campfire_choices":[{"floor":8,"key":"RECALL"},{"data":"Noxious Fumes","floor":15,"key":"SMITH"},{"floor":24,"key":"REST"},{"floor":32,"key":"REST"},{"data":"Catalyst","floor":41,"key":"SMITH"},{"floor":49,"key":"REST"},{"data":"Burst","floor":52,"key":"SMITH"}],"circlet_count":0,"master_deck":["Strike_G","Strike_G","Strike_G+1","Strike_G","Strike_G","Defend_G+1","Defend_G","Defend_G","Defend_G","Defend_G+1","Survivor","Neutralize","Catalyst+1","Poisoned Stab+1","Deadly Poison","Deadly Poison","Dagger Spray","Noxious Fumes","Dodge and Roll","Malaise","Noxious Fumes+1","Burst","Backflip","Catalyst+1","Deadly Poison","Noxious Fumes","Dodge and Roll+1","Poisoned Stab","Deadly Poison+1","Burst+1","Madness","Blur+1","Deadly Poison+1","Envenom","Blur","Sucker Punch+1","Adrenaline","Caltrops","expansioncontent:CaCaw","Catalyst+1"],"relics":["Ring of the Snake","NeowsBlessing","Membership Card","HornCleat","Pantograph","Pen Nib","Tiny House","TwistedFunnel","CaptainsWheel","Vajra","Regal Pillow","Anchor","Mummified Hand","HoveringKite","FossilizedHelix","Gambling Chip","Unceasing Top","Kunai","PreservedInsect","Nunchaku","Shuriken","Bag of Marbles","War Paint","Bag of Preparation","Lantern","Oddly Smooth Stone","Lee\u0027s Waffle","Art of War"],"acts_visited":["Exordium","TheCity","TheBeyond","TheEnding"],"potions_floor_usage":[12,14,14,19,19,23,30,31,45,47,55,55],"damage_taken":[{"damage":0,"enemies":"Jaw Worm","floor":1,"turns":1},{"damage":0,"enemies":"2 Louse","floor":5,"turns":1},{"damage":0,"enemies":"Lagavulin","floor":6,"turns":1},{"damage":0,"enemies":"Cultist","floor":7,"turns":3},{"damage":3,"enemies":"Red Slaver","floor":10,"turns":3},{"damage":0,"enemies":"Looter","floor":12,"turns":2},{"damage":3,"enemies":"Large Slime","floor":13,"turns":6},{"damage":0,"enemies":"3 Sentries","floor":14,"turns":7},{"damage":17,"enemies":"The Guardian","floor":16,"turns":6},{"damage":5,"enemies":"3 Byrds","floor":18,"turns":4},{"damage":19,"enemies":"2 Thieves","floor":19,"turns":5},{"damage":4,"enemies":"Shelled Parasite and Fungi","floor":22,"turns":4},{"damage":0,"enemies":"Gremlin Leader","floor":23,"turns":3},{"damage":0,"enemies":"Book of Stabbing","floor":25,"turns":4},{"damage":5,"enemies":"Gremlin Leader","floor":27,"turns":4},{"damage":3,"enemies":"Snake Plant","floor":29,"turns":3},{"damage":0,"enemies":"Snecko","floor":30,"turns":3},{"damage":0,"enemies":"Centurion and Healer","floor":31,"turns":4},{"damage":15,"enemies":"Collector","floor":33,"turns":4},{"damage":16,"enemies":"3 Darklings","floor":35,"turns":4},{"damage":13,"enemies":"2 Orb Walkers","floor":38,"turns":5},{"damage":0,"enemies":"Mind Bloom Boss Battle","floor":39,"turns":7},{"damage":0,"enemies":"Orb Walker","floor":40,"turns":4},{"damage":0,"enemies":"Giant Head","floor":42,"turns":4},{"damage":0,"enemies":"Nemesis","floor":45,"turns":3},{"damage":0,"enemies":"Reptomancer","floor":47,"turns":2},{"damage":41,"enemies":"Donu and Deca","floor":50,"turns":7},{"damage":0,"enemies":"Shield and Spear","floor":54,"turns":5},{"damage":0,"enemies":"The Heart","floor":55,"turns":5}],"seed_played":"2833748102416395116","potions_obtained":[{"floor":6,"key":"Explosive Potion"},{"floor":7,"key":"EssenceOfSteel"},{"floor":10,"key":"EssenceOfSteel"},{"floor":14,"key":"Strength Potion"},{"floor":17,"key":"GamblersBrew"},{"floor":18,"key":"ColorlessPotion"},{"floor":22,"key":"Energy Potion"},{"floor":25,"key":"GamblersBrew"},{"floor":29,"key":"BlessingOfTheForge"},{"floor":33,"key":"LiquidBronze"},{"floor":38,"key":"FearPotion"},{"floor":47,"key":"Weak Potion"}],"is_trial":false,"path_per_floor":["M","?","$","?","M","E","M","R","T","M","?","M","M","E","R","B",null,"M","M","$","?","M","E","R","E","T","E","?","M","M","M","R","B",null,"M","T","?","?","?","M","R","E","T","$","E","T","E","$","R","B",null,"R","$","E","B",null],"character_chosen":"THE_SILENT","items_purchased":["Membership Card","Catalyst","Poisoned Stab","TwistedFunnel","Catalyst","CaptainsWheel","Deadly Poison","PreservedInsect","War Paint","Bag of Preparation","Lantern","Oddly Smooth Stone","Adrenaline","Lee\u0027s Waffle","Caltrops","Block Potion","expansioncontent:CaCaw"],"campfire_rested":3,"item_purchase_floors":[3,3,3,20,20,20,20,44,48,48,53,53,53,53,53,53,53],"current_hp_per_floor":[70,70,70,56,56,56,56,56,56,53,53,53,50,50,50,53,75,70,51,51,37,33,33,57,57,57,52,52,49,49,49,80,65,80,64,64,54,41,66,66,66,66,66,66,66,66,66,66,80,39,80,80,87,87,87],"gold":199,"neow_bonus":"THREE_ENEMY_KILL","is_daily":false,"chose_seed":false,"campfire_upgraded":3,"win_rate":0.0,"timestamp":1608099528,"path_taken":["M","?","$","?","M","E","M","R","T","M","?","M","M","E","R","BOSS","M","M","$","?","M","E","R","E","T","E","?","M","?","M","R","BOSS","M","?","?","?","?","M","R","E","T","?","E","?","E","$","R","BOSS","R","$","E","BOSS"],"items_purchased_type":["Relic","Card","Card","Relic","Card","Relic","Card","Relic","Relic","Relic","Relic","Relic","Card","Relic","Card","Potion","Card"],"build_version":"2020-12-13","purchased_purges":2,"victory":true,"max_hp_per_floor":[70,70,70,70,70,70,70,70,70,70,70,70,70,70,70,70,75,75,75,75,80,80,80,80,80,80,80,80,80,80,80,80,80,80,80,80,80,80,80,80,80,80,80,80,80,80,80,80,80,80,80,80,87,87,87],"relic_stats":{"Regal Pillow":7,"Lee\u0027s Waffle":7,"counters":[29,114],"HoveringKite":[9],"Pen Nib":[7],"PreservedInsect":172,"Bag of Preparation":[6],"War Paint":["Defend_G","Deadly Poison"],"Nunchaku":[1],"Mummified Hand":[28],"Shuriken":[0],"Pantograph":45,"Gambling Chip":[25],"Art of War":[1],"Kunai":[0],"obtain_stats":[{"TwistedFunnel":20,"Regal Pillow":25,"Lantern":53,"Tiny House":17,"Vajra":23,"HoveringKite":34,"Bag of Preparation":48,"Nunchaku":45,"HornCleat":6,"Mummified Hand":27,"Pantograph":9,"Gambling Chip":38,"Kunai":42,"Ring of the Snake":0,"Lee\u0027s Waffle":53,"NeowsBlessing":0,"Oddly Smooth Stone":53,"Pen Nib":14,"PreservedInsect":44,"War Paint":48,"CaptainsWheel":20,"Anchor":26,"Shuriken":46,"Bag of Marbles":47,"Art of War":54,"Membership Card":3,"FossilizedHelix":36,"Unceasing Top":39},{"TwistedFunnel":11,"Regal Pillow":14,"Lantern":27,"Tiny House":9,"Vajra":13,"HoveringKite":19,"Bag of Preparation":26,"Nunchaku":25,"HornCleat":3,"Mummified Hand":15,"Pantograph":4,"Gambling Chip":21,"Kunai":24,"Ring of the Snake":0,"Lee\u0027s Waffle":27,"NeowsBlessing":0,"Oddly Smooth Stone":27,"Pen Nib":8,"PreservedInsect":24,"War Paint":26,"CaptainsWheel":11,"Anchor":14,"Shuriken":25,"Bag of Marbles":26,"Art of War":28,"Membership Card":1,"FossilizedHelix":20,"Unceasing Top":22},{"TwistedFunnel":39,"Regal Pillow":50,"Lantern":104,"Tiny House":30,"Vajra":46,"HoveringKite":68,"Bag of Preparation":97,"Nunchaku":95,"HornCleat":3,"Mummified Hand":54,"Pantograph":6,"Gambling Chip":77,"Kunai":92,"Ring of the Snake":0,"Lee\u0027s Waffle":104,"NeowsBlessing":0,"Oddly Smooth Stone":104,"Pen Nib":24,"PreservedInsect":92,"War Paint":97,"CaptainsWheel":39,"Anchor":50,"Shuriken":95,"Bag of Marbles":97,"Art of War":109,"Membership Card":1,"FossilizedHelix":72,"Unceasing Top":84}],"Unceasing Top":[2],"Ring of the Snake":[58]},"card_choices":[{"not_picked":["Acrobatics","Flechettes","Bane"],"picked":"SKIP","floor":1},{"not_picked":["Concentrate","Bane"],"picked":"Deadly Poison","floor":5},{"not_picked":["Sucker Punch","Acrobatics"],"picked":"Deadly Poison","floor":6},{"not_picked":["Outmaneuver","Dagger Throw"],"picked":"Dagger Spray","floor":7},{"not_picked":["Escape Plan","Predator"],"picked":"Noxious Fumes","floor":10},{"not_picked":["Riddle With Holes","Calculated Gamble"],"picked":"Dodge and Roll","floor":12},{"not_picked":["Finisher","Slice"],"picked":"Malaise","floor":13},{"not_picked":["Poisoned Stab","Prepared"],"picked":"Noxious Fumes","floor":14},{"not_picked":["After Image","Malaise"],"picked":"Burst","floor":16},{"not_picked":["Setup","Concentrate"],"picked":"Backflip","floor":17},{"not_picked":["Outmaneuver+1","Dash","Eviscerate"],"picked":"SKIP","floor":18},{"not_picked":["Distraction","Finisher","Infinite Blades"],"picked":"SKIP","floor":19},{"not_picked":["Backstab","Blade Dance"],"picked":"Noxious Fumes","floor":22},{"not_picked":["A Thousand Cuts","Calculated Gamble","Flying Knee"],"picked":"SKIP","floor":23},{"not_picked":["Flying Knee","Dagger Throw+1"],"picked":"Dodge and Roll+1","floor":25},{"not_picked":["Outmaneuver","Riddle With Holes","Dash+1"],"picked":"SKIP","floor":27},{"not_picked":["Masterful Stab","Riddle With Holes","Underhanded Strike"],"picked":"SKIP","floor":29},{"not_picked":["Reflex","Tactician+1"],"picked":"Poisoned Stab","floor":30},{"not_picked":["Poisoned Stab","Distraction+1"],"picked":"Deadly Poison","floor":31},{"not_picked":["Malaise","A Thousand Cuts"],"picked":"Burst","floor":33},{"not_picked":["Flying Knee","Cloak And Dagger","Acrobatics"],"picked":"SKIP","floor":35},{"not_picked":["Backflip","Sucker Punch"],"picked":"Blur+1","floor":39},{"not_picked":["Sucker Punch","Acrobatics"],"picked":"Deadly Poison+1","floor":40},{"not_picked":["Concentrate","Skewer+1"],"picked":"Envenom","floor":42},{"not_picked":["Heel Hook+1","Escape Plan+1"],"picked":"Blur","floor":45},{"not_picked":["Blade Dance","Outmaneuver"],"picked":"Sucker Punch+1","floor":47},{"not_picked":["Outmaneuver+1","Dagger Throw"],"picked":"Catalyst+1","floor":54}],"player_experience":276421,"relics_obtained":[{"floor":6,"key":"HornCleat"},{"floor":9,"key":"Pantograph"},{"floor":14,"key":"Pen Nib"},{"floor":23,"key":"Vajra"},{"floor":25,"key":"Regal Pillow"},{"floor":26,"key":"Anchor"},{"floor":27,"key":"Mummified Hand"},{"floor":36,"key":"FossilizedHelix"},{"floor":38,"key":"Gambling Chip"},{"floor":39,"key":"Unceasing Top"},{"floor":42,"key":"Kunai"},{"floor":45,"key":"Nunchaku"},{"floor":46,"key":"Shuriken"},{"floor":47,"key":"Bag of Marbles"},{"floor":54,"key":"Art of War"}],"event_choices":[{"damage_healed":0,"gold_gain":175,"player_choice":"AGREE","damage_taken":0,"max_hp_gain":0,"max_hp_loss":0,"event_name":"Liars Game","floor":2,"gold_loss":0,"cards_obtained":["Doubt"]},{"damage_healed":0,"gold_gain":0,"player_choice":"Entered Light","damage_taken":14,"max_hp_gain":0,"max_hp_loss":0,"event_name":"Shining Light","floor":4,"gold_loss":0,"cards_upgraded":["Poisoned Stab","Strike_G"]},{"damage_healed":0,"gold_gain":0,"player_choice":"Grow","damage_taken":0,"max_hp_gain":0,"max_hp_loss":0,"event_name":"Living Wall","floor":11,"gold_loss":0,"cards_upgraded":["Catalyst"]},{"damage_healed":0,"gold_gain":0,"player_choice":"Shed Blood","damage_taken":19,"max_hp_gain":5,"max_hp_loss":0,"event_name":"Forgotten Altar","floor":21,"gold_loss":0},{"damage_healed":0,"gold_gain":250,"player_choice":"Bet on Owner","damage_taken":0,"max_hp_gain":0,"max_hp_loss":0,"event_name":"The Joust","floor":28,"gold_loss":50},{"damage_healed":0,"gold_gain":0,"player_choice":"Embrace Madness","damage_taken":10,"max_hp_gain":0,"max_hp_loss":0,"event_name":"Winding Halls","floor":37,"gold_loss":0,"cards_obtained":["Madness","Madness"]},{"damage_healed":0,"gold_gain":0,"player_choice":"Fight","damage_taken":0,"max_hp_gain":0,"max_hp_loss":0,"event_name":"Mysterious Sphere","floor":38,"gold_loss":0},{"damage_healed":0,"gold_gain":0,"player_choice":"Fight","damage_taken":0,"max_hp_gain":0,"max_hp_loss":0,"event_name":"MindBloom","floor":39,"gold_loss":0}],"is_beta":false,"boss_relics":[{"not_picked":["Runic Pyramid","WristBlade"],"picked":"Tiny House"},{"not_picked":["Velvet Choker","Fusion Hammer"],"picked":"HoveringKite"}],"items_purged_floors":[3,53],"is_endless":false,"potions_floor_spawned":[6,7,10,14,18,22,25,29,33,38,39,47],"ascension_level":1}}