{"host":"02w9hl92h62kgkzk","time":1608117479,"event":{"mods":["2.2 Compatiblity","AchievementEnabler","Act Like it!","AlwaysNeverKeys","Aspiration","BaseMod","Better Altar","Better Match","Better Note","Better Sensory Stone","Better Skull","Better Third Choice","Better Vampires","BetterRewards","Block Reminder","CCEM","ChefMod","Colored Map","Colored Powertips","Conspire","Downfall","Ekko","Emptier Cage","Energized Spire","Friendly Minions","FruityMod","GifTheSpireLib","Halation","Hallownest","Hubris","Humility","Magitek Elite","Marked Mod","Mimic Mod","Minty Spire (QoL Compilation)","Quick Restart","RRrroohrrRGHHhhh!!","Retaliation","Reworked Bosses","Shop Mod","Spicy Shops","Spikes Relics","StSLib","Stuff the Spire","The Hierophant","The Jungle","Trackpad","Transform Curses","Unceasing Turn Reminder","Wandering Minibosses","vexMod"],"gold_per_floor":[99,99,133,133,177,210,248,275,286,286,46,83,101,116,134,235,235,160,177,6,37,130,148,184,197,197,223,233,158,258,258,275,275,275],"floor_reached":33,"playtime":1270,"items_purged":["Guardian:Defend_Guardian","Guardian:Defend_Guardian"],"score":438,"play_id":"47b8b45e-1aac-4627-b655-182e3bd95dd8","local_time":"20201216051759","is_ascension_mode":true,"campfire_choices":[{"data":"Guardian:TwinSlam","floor":1,"key":"SMITH"},{"floor":10,"key":"RECALL"},{"data":"Guardian:MultiBeam","floor":18,"key":"SMITH"},{"data":"Guardian:PrimingBeam","floor":26,"key":"SMITH"}],"circlet_count":0,"master_deck":["Guardian:Strike_Guardian","Guardian:Strike_Guardian","Guardian:Strike_Guardian","Guardian:Strike_Guardian","Guardian:Defend_Guardian","Guardian:Defend_Guardian","Guardian:CurlUp","Guardian:TwinSlam+1","Guardian:PrimingBeam+1","Guardian:MultiBeam+1","Guardian:Clone","Guardian:PrimingBeam","Guardian:StasisStrike","Guardian:StasisField","Guardian:Gem_Fragmented","Shame","Guardian:BaubleBeam"],"relics":["NeowsBlessing","hubris:Towel","Happy Flower","hubris:SlimyHat","Vajra","trackpad:CultistFigurine","Genji_Glove","Blood Vial","downfall:HeartBlessingRed","Sling","hubris:FunFungus","MerchantsRug","Pear","Juzu Bracelet","hubris:TinFlute","trackpad:BottledTsunami","Lantern","CCEMRelics:JestersCrown"],"acts_visited":["Hallownest:Greenpath","TheCity"],"potions_floor_usage":[13,16,16,16,16,20,21,23,25,33,33],"damage_taken":[{"damage":0,"enemies":"Hallownest:eliteCrystalGuardian","floor":3,"turns":1},{"damage":0,"enemies":"Hallownest:eliteCrystalGuardian","floor":6,"turns":1},{"damage":0,"enemies":"Hallownest:2_Tiktiks_and_1_Crawlid","floor":7,"turns":2},{"damage":30,"enemies":"Hallownest:eliteMossKnight","floor":8,"turns":8},{"damage":0,"enemies":"Hallownest:2_Tiktiks_and_1_Crawlid","floor":9,"turns":2},{"damage":0,"enemies":"downfall:FleeingMerchant","floor":11,"turns":4},{"damage":0,"enemies":"Hallownest:monsterHuskWarrior","floor":12,"turns":3},{"damage":5,"enemies":"Hallownest:monsterHuskWarrior","floor":13,"turns":1},{"damage":0,"enemies":"Hallownest:2_MossCreeps","floor":14,"turns":2},{"damage":0,"enemies":"Hallownest:monsterMossCharger","floor":15,"turns":2},{"damage":19,"enemies":"downfall:Watcher","floor":16,"turns":5},{"damage":8,"enemies":"3 Byrds","floor":19,"turns":2},{"damage":15,"enemies":"downfall:FleeingMerchant","floor":20,"turns":4},{"damage":13,"enemies":"Slavers","floor":21,"turns":2},{"damage":0,"enemies":"downfall:FleeingMerchant","floor":22,"turns":1},{"damage":40,"enemies":"Gremlin Leader","floor":23,"turns":4},{"damage":11,"enemies":"Chosen","floor":24,"turns":6},{"damage":4,"enemies":"Chosen","floor":25,"turns":3},{"damage":17,"enemies":"Book of Stabbing","floor":27,"turns":3},{"damage":0,"enemies":"Centurion and Healer","floor":28,"turns":2},{"damage":0,"enemies":"Sentry and Sphere","floor":32,"turns":3},{"damage":13,"enemies":"downfall:Defect","floor":33,"turns":3}],"seed_played":"-1107065492532686631","potions_obtained":[{"floor":8,"key":"Guardian:DefensiveModePotion"},{"floor":9,"key":"Weak Potion"},{"floor":13,"key":"Fruit Juice"},{"floor":14,"key":"EntropicBrew"},{"floor":16,"key":"hexamod:EctoCoolerPotion"},{"floor":21,"key":"champ:CounterPotion"},{"floor":28,"key":"Slimebound:ThreeZeroPotion"},{"floor":32,"key":"LiquidMemories"}],"is_trial":false,"path_per_floor":["R","?","?","?","?","E","MIM","E","M","R","$","MIM","M","M","M","B",null,"R","M","$","E","$","E","MIM","M","R","E","M","?","?","?","M","B"],"character_chosen":"GUARDIAN","items_purchased":["Genji_Glove","Sling","MerchantsRug","Pear"],"campfire_rested":0,"item_purchase_floors":[11,20,22,22],"current_hp_per_floor":[80,80,80,80,80,80,80,50,50,50,50,50,52,54,56,39,85,85,77,64,53,65,27,21,19,19,4,6,6,6,6,8,0,0],"gold":275,"neow_bonus":"THREE_ENEMY_KILL","is_daily":false,"chose_seed":false,"campfire_upgraded":3,"win_rate":0.0,"timestamp":1608117479,"path_taken":["R","?","?","?","?","E","MIM","E","?","R","$","?","M","M","M","BOSS","R","M","$","E","$","E","MIM","M","R","E","M","?","?","?","M","BOSS"],"items_purchased_type":["Relic","Relic","Relic","Relic"],"build_version":"2020-12-13","purchased_purges":2,"victory":false,"max_hp_per_floor":[80,80,80,80,80,80,80,80,80,80,80,80,85,85,85,85,85,85,85,85,85,95,95,95,95,95,95,95,95,95,95,95,95,95],"card_choices":[{"not_picked":["Guardian:Recover","Guardian:VentSteam"],"picked":"Guardian:PrimingBeam","floor":3},{"not_picked":["Guardian:BronzeArmor","Guardian:VentSteam","Guardian:Suspension"],"picked":"SKIP","floor":6},{"not_picked":["Guardian:CrystalBeam","Guardian:Harden","Guardian:Gem_Green"],"picked":"SKIP","floor":8},{"not_picked":["Guardian:AncientConstruct","Guardian:Gem_Purple"],"picked":"Guardian:MultiBeam","floor":9},{"not_picked":["Guardian:ShieldCharger","Guardian:Gem_Green","Guardian:RefractedBeam"],"picked":"SKIP","floor":11},{"not_picked":["Guardian:SpikerProtocol","Guardian:ShieldSpikes"],"picked":"Guardian:Clone","floor":12},{"not_picked":["Guardian:Gem_Lightblue","Guardian:BronzeArmor","Guardian:PiercingHide"],"picked":"SKIP","floor":13},{"not_picked":["Guardian:VentSteam","Guardian:PiercingHide"],"picked":"Guardian:PrimingBeam","floor":14},{"not_picked":["Guardian:ShieldCharger","Guardian:Suspension","Guardian:CrystalBeam"],"picked":"SKIP","floor":15},{"not_picked":["Guardian:TimeSifter","Guardian:StasisField"],"picked":"Guardian:StasisStrike","floor":16},{"not_picked":["Guardian:WalkerClaw","Guardian:SpikerProtocol","Guardian:Emergency"],"picked":"SKIP","floor":19},{"not_picked":["Guardian:Repulse+1","Guardian:TemporalShield"],"picked":"Guardian:StasisField","floor":20},{"not_picked":["Guardian:EvasiveProtocol","Guardian:RefractedBeam+1"],"picked":"Guardian:Gem_Red","floor":21},{"not_picked":["Guardian:TimeBomb","Guardian:Clone"],"picked":"Guardian:Gem_Red","floor":22},{"not_picked":["Guardian:PiercingHide","Guardian:ChargeCore+1","Guardian:ShieldCharger"],"picked":"SKIP","floor":23},{"not_picked":["Guardian:GuardianWhirl","Guardian:FastForward","Guardian:ShieldCharger"],"picked":"SKIP","floor":25},{"not_picked":["Guardian:Gem_Crimson","Guardian:VentSteam"],"picked":"Guardian:Gem_Fragmented","floor":27},{"not_picked":["Guardian:Orbwalk","Guardian:Incinerate","Guardian:ShieldCharger"],"picked":"SKIP","floor":28},{"not_picked":["Guardian:Gem_Fragmented","Guardian:Suspension+1"],"picked":"Guardian:BaubleBeam","floor":32}],"player_experience":480263,"relics_obtained":[{"floor":3,"key":"Happy Flower"},{"floor":6,"key":"hubris:SlimyHat"},{"floor":7,"key":"Vajra"},{"floor":7,"key":"trackpad:CultistFigurine"},{"floor":8,"key":"Bronze Scales"},{"floor":12,"key":"hubris:ToyBattleship"},{"floor":12,"key":"Blood Vial"},{"floor":21,"key":"hubris:FunFungus"},{"floor":23,"key":"Juzu Bracelet"},{"floor":24,"key":"hubris:TinFlute"},{"floor":24,"key":"trackpad:BottledTsunami"},{"floor":27,"key":"Lantern"}],"event_choices":[{"damage_healed":0,"gold_gain":0,"player_choice":"3","damage_taken":0,"max_hp_gain":0,"max_hp_loss":0,"event_name":"betterMatch:BetterMatch","floor":29,"gold_loss":0,"cards_obtained":[]},{"damage_healed":0,"gold_gain":0,"player_choice":"Stole Relic","damage_taken":0,"relics_obtained":["CCEMRelics:JestersCrown"],"max_hp_gain":0,"max_hp_loss":0,"event_name":"Addict","floor":31,"gold_loss":0,"cards_obtained":["Shame"]}],"is_beta":false,"boss_relics":[{"not_picked":["aspiration:RunicSpoon","hubris:Stopwatch"],"picked":"Sandwich"}],"items_purged_floors":[11,22],"is_endless":false,"potions_floor_spawned":[8,9,13,14,16,19,21,28,32],"killed_by":"downfall:Defect","ascension_level":1}}