{"host":"oiai0qxasotny765","time":1608147994,"event":{"mods":["2.2 Compatiblity","AchievementEnabler","BaseMod","Colored Map","Minty Spire (QoL Compilation)","Permanent Neow","Relic Stats","StSLib","SuperFastMode","everything is the same but u backflip on backflip"],"gold_per_floor":[114,164,177,188,188,188,37,37,60,60,73,73,83,98,98,98,98],"floor_reached":16,"playtime":524,"items_purged":["Strike_G"],"score":161,"play_id":"c2fb27c3-a4ce-46b5-b65b-009eeee037ad","local_time":"20201217044634","is_ascension_mode":true,"campfire_choices":[{"data":"Dagger Spray","floor":6,"key":"SMITH"},{"data":"Footwork","floor":12,"key":"SMITH"},{"data":"After Image","floor":15,"key":"SMITH"}],"circlet_count":0,"master_deck":["AscendersBane","Strike_G","Strike_G","Strike_G","Defend_G","Defend_G","Defend_G","Defend_G","Defend_G","Survivor","Neutralize","After Image+1","Predator","Dagger Spray+1","Reflex","Footwork+1","Blur","Blade Dance"],"relics":["Ring of the Snake","Bottled Lightning","PreservedInsect"],"acts_visited":["Exordium"],"potions_floor_usage":[11,11,11,16],"damage_taken":[{"damage":4.0,"enemies":"Cultist","floor":1.0,"turns":6.0},{"damage":7,"enemies":"Small Slimes","floor":3,"turns":5},{"damage":2,"enemies":"Jaw Worm","floor":4,"turns":4},{"damage":0,"enemies":"Large Slime","floor":11,"turns":11},{"damage":8,"enemies":"Blue Slaver","floor":13,"turns":6},{"damage":0,"enemies":"3 Louse","floor":14,"turns":3},{"damage":34,"enemies":"Slime Boss","floor":16,"turns":11}],"seed_played":"-5029491306941058393","potions_obtained":[{"floor":1.0,"key":"EntropicBrew"},{"floor":11,"key":"Swift Potion"}],"is_trial":false,"path_per_floor":["M","?","M","M","?","R","$","T","T","?","M","R","M","M","R","B"],"character_chosen":"THE_SILENT","items_purchased":["Footwork"],"campfire_rested":0,"item_purchase_floors":[7],"current_hp_per_floor":[55,49,42,40,33,33,33,33,33,33,33,33,25,25,25,0,0],"gold":98,"neow_bonus":"THREE_RARE_CARDS","is_daily":false,"chose_seed":false,"campfire_upgraded":3,"win_rate":0.0,"timestamp":1608147994,"path_taken":["M","?","?","M","?","R","$","?","T","?","?","R","M","M","R","BOSS"],"items_purchased_type":["Card"],"build_version":"2020-12-13","purchased_purges":1,"victory":false,"max_hp_per_floor":[60,60,60,60,60,60,60,60,60,60,60,60,60,60,60,60,60],"relic_stats":{"counters":[7,46],"PreservedInsect":0,"obtain_stats":[{"PreservedInsect":9,"Bottled Lightning":8,"Ring of the Snake":0},{"PreservedInsect":3,"Bottled Lightning":3,"Ring of the Snake":0},{"PreservedInsect":15,"Bottled Lightning":15,"Ring of the Snake":0}],"Ring of the Snake":[14]},"card_choices":[{"not_picked":["Venomology","Storm of Steel"],"picked":"After Image","floor":0.0},{"not_picked":["Tactician","Well Laid Plans"],"picked":"Predator","floor":1.0},{"not_picked":["Predator","Flying Knee"],"picked":"Dagger Spray","floor":3},{"not_picked":["Dagger Throw","Accuracy"],"picked":"Reflex","floor":4},{"not_picked":["Predator","Well Laid Plans","PiercingWail"],"picked":"SKIP","floor":11},{"not_picked":["Acrobatics","Cloak And Dagger"],"picked":"Blur","floor":13},{"not_picked":["Concentrate","Deflect"],"picked":"Blade Dance","floor":14}],"player_experience":260302,"relics_obtained":[{"floor":8,"key":"Bottled Lightning"},{"floor":9,"key":"PreservedInsect"}],"event_choices":[{"damage_healed":0,"gold_gain":50,"player_choice":"Touch","damage_taken":6,"max_hp_gain":0,"max_hp_loss":0,"event_name":"FaceTrader","floor":2,"gold_loss":0},{"cards_removed":["Strike_G"],"damage_healed":0,"gold_gain":0,"player_choice":"Card Removal","damage_taken":7,"max_hp_gain":0,"max_hp_loss":0,"event_name":"Golden Wing","floor":5,"gold_loss":0},{"damage_healed":0,"gold_gain":0,"player_choice":"Leave","damage_taken":0,"max_hp_gain":0,"max_hp_loss":0,"event_name":"The Cleric","floor":10,"gold_loss":0}],"is_beta":false,"boss_relics":[],"items_purged_floors":[7],"is_endless":false,"potions_floor_spawned":[1,11],"killed_by":"Slime Boss","ascension_level":15}}