{"host":"icrrc9b69c1a6188","time":1608161801,"event":{"mods":["BaseMod","Better Altar","Better Match","Better Note","Better Sensory Stone","Better Skull","Better Third Choice","Colored Map","Colored Powertips","Displayed Cursed Tome","Faster Ascension Climbing","HexUI Lib","Minty Spire (QoL Compilation)","Random Character Mod","Spicy Shops","StSLib","Unceasing Turn Reminder"],"gold_per_floor":[117,117,5,17,28,28,62,76,99,119,137,3,3,23,23,23,23],"floor_reached":16,"playtime":596,"items_purged":["Regret"],"score":208,"play_id":"f48bc493-a8d8-4c68-936a-226365350d64","local_time":"20201216173641","is_ascension_mode":true,"campfire_choices":[{"floor":6,"key":"REST"},{"data":"Zap","floor":15,"key":"SMITH"}],"circlet_count":0,"master_deck":["AscendersBane","Strike_B","Strike_B","Strike_B","Defend_B","Defend_B","Defend_B","Defend_B","Zap+1","Dualcast","Rebound","Coolheaded","Steam","Sweeping Beam","Barrage","Streamline","White Noise","Force Field","Chill"],"relics":["Busted Crown","Dream Catcher","Juzu Bracelet","Anchor","Blue Candle"],"acts_visited":["Exordium"],"potions_floor_usage":[7,14,16,16],"damage_taken":[{"damage":10,"enemies":"2 Louse","floor":1,"turns":2},{"damage":4,"enemies":"Jaw Worm","floor":4,"turns":4},{"damage":1,"enemies":"Cultist","floor":5,"turns":5},{"damage":54,"enemies":"Gremlin Nob","floor":7,"turns":5},{"damage":1,"enemies":"2 Fungi Beasts","floor":8,"turns":3},{"damage":0,"enemies":"Exordium Wildlife","floor":10,"turns":3},{"damage":0,"enemies":"Large Slime","floor":11,"turns":4},{"damage":3,"enemies":"Looter","floor":14,"turns":4},{"damage":27,"enemies":"Hexaghost","floor":16,"turns":9}],"seed_played":"2665620108190293593","potions_obtained":[{"floor":5,"key":"Weak Potion"},{"floor":8,"key":"Fruit Juice"},{"floor":11,"key":"Fruit Juice"},{"floor":14,"key":"Dexterity Potion"}],"is_trial":false,"path_per_floor":["M","?","$","M","M","R","E","M","T","M","M","?","?","M","R","B"],"character_chosen":"DEFECT","items_purchased":["Coolheaded"],"campfire_rested":1,"item_purchase_floors":[3],"current_hp_per_floor":[54,54,54,50,49,70,16,15,15,15,15,15,15,17,17,0,0],"gold":23,"neow_bonus":"BOSS_RELIC","is_daily":false,"chose_seed":false,"campfire_upgraded":1,"win_rate":0.0,"timestamp":1608161801,"path_taken":["M","?","$","M","M","R","E","M","T","M","M","?","?","M","R","BOSS"],"items_purchased_type":["Card"],"build_version":"2020-12-13","purchased_purges":1,"victory":false,"max_hp_per_floor":[71,71,71,71,71,71,71,71,71,71,71,71,71,76,76,81,81],"card_choices":[{"not_picked":[],"picked":"Rebound","floor":1},{"not_picked":[],"picked":"Steam","floor":4},{"not_picked":[],"picked":"Sweeping Beam","floor":5},{"not_picked":[],"picked":"Barrage","floor":6},{"not_picked":[],"picked":"Streamline","floor":7},{"not_picked":[],"picked":"White Noise","floor":8},{"not_picked":["Streamline"],"picked":"SKIP","floor":10},{"not_picked":["Darkness"],"picked":"SKIP","floor":11},{"not_picked":[],"picked":"Chill","floor":14}],"player_experience":659784,"relics_obtained":[{"floor":7,"key":"Juzu Bracelet"},{"floor":9,"key":"Anchor"}],"event_choices":[{"damage_healed":0,"gold_gain":0,"player_choice":"Box","damage_taken":0,"relics_obtained":["Dream Catcher"],"max_hp_gain":0,"max_hp_loss":0,"event_name":"Big Fish","floor":2,"gold_loss":0,"cards_obtained":["Regret"]},{"damage_healed":0,"gold_gain":0,"player_choice":"Paid Gold","damage_taken":0,"relics_obtained":["Blue Candle"],"max_hp_gain":0,"max_hp_loss":0,"event_name":"WeMeetAgain","floor":12,"gold_loss":134},{"damage_healed":0,"gold_gain":0,"cards_transformed":["Strike_B"],"player_choice":"Change","damage_taken":0,"max_hp_gain":0,"max_hp_loss":0,"event_name":"Living Wall","floor":13,"gold_loss":0,"cards_obtained":["Force Field"]}],"is_beta":false,"boss_relics":[],"items_purged_floors":[3],"is_endless":false,"potions_floor_spawned":[5,8,11,14],"killed_by":"Hexaghost","ascension_level":20}}