{"host":"q5vpntglr38zhb0c","time":1608123348,"event":{"mods":["BaseMod","Colored Map","DeckTracker","Keyboard Shortcuts","Minty Spire (QoL Compilation)","Permanent Neow","StSLib","SuperFastMode","everything is the same but u backflip on backflip"],"gold_per_floor":[112,187,187,112,127,127,141,174,174,174,189,206,206,236,236,314,314,355,395,395,395,395,395,395,395],"floor_reached":24,"playtime":617,"items_purged":["Strike_P"],"score":408,"play_id":"65116aec-ae6a-4ff6-b268-9156295844fe","local_time":"20201216215548","is_ascension_mode":true,"campfire_choices":[{"floor":6.0,"key":"REST"},{"floor":10.0,"key":"REST"},{"floor":13.0,"key":"REST"},{"data":"CrushJoints","floor":15.0,"key":"SMITH"},{"data":"Ragnarok","floor":23,"key":"SMITH"}],"circlet_count":0,"master_deck":["AscendersBane","Strike_P","Strike_P","Defend_P","Eruption+1","Vigilance","CutThroughFate","Protect+1","Prostrate+1","CrushJoints+1","Ragnarok+1","Wish+1","SashWhip+1","ConjureBlade+1","Decay"],"relics":["PureWater","Toxic Egg 2","Centennial Puzzle","Darkstone Periapt","Astrolabe"],"acts_visited":["Exordium","TheCity"],"potions_floor_usage":[24,24],"damage_taken":[{"damage":18.0,"enemies":"Jaw Worm","floor":1.0,"turns":9.0},{"damage":10.0,"enemies":"2 Louse","floor":5.0,"turns":3.0},{"damage":0.0,"enemies":"Cultist","floor":7.0,"turns":2.0},{"damage":16.0,"enemies":"Gremlin Nob","floor":8.0,"turns":3.0},{"damage":1.0,"enemies":"Looter","floor":11.0,"turns":4.0},{"damage":14.0,"enemies":"Exordium Wildlife","floor":12.0,"turns":5.0},{"damage":3.0,"enemies":"Lagavulin","floor":14.0,"turns":6.0},{"damage":36.0,"enemies":"Slime Boss","floor":16.0,"turns":7.0},{"damage":14,"enemies":"Chosen","floor":18,"turns":3},{"damage":27,"enemies":"3 Byrds","floor":19,"turns":7},{"damage":26,"enemies":"Slavers","floor":24,"turns":2}],"seed_played":"2366811486612396809","potions_obtained":[{"floor":5.0,"key":"Swift Potion"},{"floor":12.0,"key":"StancePotion"},{"floor":14.0,"key":"Regen Potion"},{"floor":16.0,"key":"ColorlessPotion"},{"floor":18,"key":"LiquidMemories"}],"is_trial":false,"path_per_floor":["M","?","?","$","M","R","M","E","T","R","M","M","R","E","R","B",null,"M","M","?","?","?","R","E"],"character_chosen":"WATCHER","items_purchased":[],"campfire_rested":3,"item_purchase_floors":[],"current_hp_per_floor":[43,32,25,25,15,35,35,19,19,39,38,24,44,41,41,20,56,42,15,15,21,21,21,0,0],"gold":395,"neow_bonus":"UPGRADE_CARD","is_daily":false,"chose_seed":false,"campfire_upgraded":2,"win_rate":0.0,"timestamp":1608123348,"path_taken":["M","?","?","?","M","R","M","E","T","R","M","M","R","E","R","BOSS","M","M","?","?","?","R","E"],"items_purchased_type":[],"build_version":"2020-12-13","purchased_purges":1,"victory":false,"max_hp_per_floor":[68,68,68,68,68,68,68,68,68,68,68,68,68,68,68,68,68,68,68,68,74,74,74,74,74],"card_choices":[{"not_picked":["Swivel","Worship"],"picked":"CutThroughFate","floor":1.0},{"not_picked":["Halt","Pray","WreathOfFlame"],"picked":"SKIP","floor":5.0},{"not_picked":["LikeWater","EmptyBody","Evaluate"],"picked":"SKIP","floor":7.0},{"not_picked":["Conclude","FlurryOfBlows"],"picked":"Protect+1","floor":8.0},{"not_picked":["Halt+1","BowlingBash","LikeWater"],"picked":"SKIP","floor":11.0},{"not_picked":["ThirdEye+1","Perseverance+1"],"picked":"Prostrate+1","floor":12.0},{"not_picked":["ForeignInfluence+1","Swivel+1"],"picked":"CrushJoints","floor":14.0},{"not_picked":["Judgement+1","DeusExMachina+1"],"picked":"Ragnarok","floor":16.0},{"not_picked":["FlyingSleeves","EmptyBody+1","Consecrate"],"picked":"SKIP","floor":18},{"not_picked":["CrushJoints","Fasting2","Crescendo+1"],"picked":"SKIP","floor":19}],"player_experience":1301188,"relics_obtained":[{"floor":8.0,"key":"Toxic Egg 2"},{"floor":9.0,"key":"Centennial Puzzle"},{"floor":14.0,"key":"Darkstone Periapt"}],"event_choices":[{"damage_healed":0.0,"max_hp_gain":0.0,"max_hp_loss":0.0,"gold_gain":75.0,"event_name":"World of Goop","player_choice":"Gather Gold","floor":2.0,"gold_loss":0.0,"damage_taken":11.0},{"cards_removed":["Defend_P"],"damage_healed":0.0,"max_hp_gain":0.0,"max_hp_loss":0.0,"gold_gain":0.0,"event_name":"Golden Wing","player_choice":"Card Removal","floor":3.0,"gold_loss":0.0,"damage_taken":7.0},{"damage_healed":0,"gold_gain":0,"player_choice":"Ignored","damage_taken":0,"max_hp_gain":0,"max_hp_loss":0,"event_name":"The Mausoleum","floor":20,"gold_loss":0},{"damage_healed":0,"gold_gain":0,"player_choice":"Smashed Altar","damage_taken":0,"max_hp_gain":0,"max_hp_loss":0,"event_name":"Forgotten Altar","floor":21,"gold_loss":0,"cards_obtained":["Decay"]},{"damage_healed":0,"gold_gain":0,"player_choice":"Ignored","damage_taken":0,"max_hp_gain":0,"max_hp_loss":0,"event_name":"Vampires","floor":22,"gold_loss":0}],"is_beta":false,"boss_relics":[{"not_picked":["Empty Cage","VioletLotus"],"picked":"Astrolabe"}],"items_purged_floors":[4],"is_endless":false,"potions_floor_spawned":[5,12,14,16,18],"killed_by":"Slavers","ascension_level":20}}