{"host":"q9718omregw4er46","time":1608150522,"event":{"mods":["BaseMod","Bestiary","Colored Powertips","Custom Start","Highlight Path","Minty Spire (QoL Compilation)","Practice Mode","Quick Restart","Relic Stats"],"gold_per_floor":[118,193,343,105,122,148,148,183,183,200,220,120,145,162,162,239,239,251,261,261,261,278,278,306,306,306,306,306],"floor_reached":27,"playtime":833,"items_purged":["Doubt","Strike_P"],"score":636,"play_id":"55bb1af1-f89d-42c7-b586-7f6d67c7404c","local_time":"20201217012842","is_ascension_mode":true,"campfire_choices":[{"data":"ReachHeaven","floor":7.0,"key":"SMITH"},{"data":"1","floor":15,"key":"LIFT"},{"floor":23,"key":"REST"},{"data":"2","floor":25,"key":"LIFT"}],"circlet_count":0,"master_deck":["AscendersBane","Strike_P","Strike_P","Strike_P","Defend_P","Defend_P","Defend_P","Defend_P","Eruption","Vigilance","CarveReality","ReachHeaven+1","Consecrate","FollowUp","DevaForm","ThirdEye+1","Fasting2","ConjureBlade+1","Fasting2"],"relics":["PureWater","NeowsBlessing","Melange","InkBottle","Girya","Toxic Egg 2","Bronze Scales","Busted Crown","Yang"],"acts_visited":["Exordium","TheCity"],"potions_floor_usage":[8,11,11,13,22,24,27],"damage_taken":[{"damage":0.0,"enemies":"Small Slimes","floor":1.0,"turns":1.0},{"damage":0.0,"enemies":"2 Louse","floor":5.0,"turns":1.0},{"damage":0.0,"enemies":"Lagavulin","floor":6.0,"turns":1.0},{"damage":4,"enemies":"3 Sentries","floor":8,"turns":3},{"damage":4,"enemies":"Jaw Worm","floor":10,"turns":3},{"damage":0,"enemies":"Exordium Thugs","floor":11,"turns":2},{"damage":18,"enemies":"Lagavulin","floor":13,"turns":5},{"damage":4,"enemies":"Large Slime","floor":14,"turns":3},{"damage":0,"enemies":"Slime Boss","floor":16,"turns":7},{"damage":20,"enemies":"Chosen","floor":18,"turns":4},{"damage":19,"enemies":"Shell Parasite","floor":19,"turns":5},{"damage":0,"enemies":"Cultist and Chosen","floor":22,"turns":3},{"damage":5,"enemies":"Gremlin Leader","floor":24,"turns":4},{"damage":34,"enemies":"Slavers","floor":27,"turns":1}],"seed_played":"-284885115673072199","potions_obtained":[{"floor":1.0,"key":"BlessingOfTheForge"},{"floor":8,"key":"EntropicBrew"},{"floor":11,"key":"Explosive Potion"},{"floor":13,"key":"Weak Potion"},{"floor":22,"key":"LiquidBronze"},{"floor":24,"key":"PowerPotion"}],"is_trial":false,"path_per_floor":["M","?","?","$","M","E","R","E","T","M","M","$","E","M","R","B",null,"M","M","?","?","M","R","E","R","T","E"],"character_chosen":"WATCHER","items_purchased":["Melange"],"campfire_rested":1,"item_purchase_floors":[4],"current_hp_per_floor":[61,50,50,50,50,50,50,46,46,42,42,42,24,20,20,20,56,36,17,17,17,17,37,32,32,32,0,0],"gold":306,"neow_bonus":"THREE_ENEMY_KILL","is_daily":false,"chose_seed":false,"campfire_upgraded":1,"win_rate":0.0,"timestamp":1608150522,"path_taken":["M","?","?","$","M","E","R","E","T","M","M","?","E","M","R","BOSS","M","M","?","?","M","R","E","R","T","E"],"items_purchased_type":["Relic"],"build_version":"2020-12-13","purchased_purges":2,"victory":false,"max_hp_per_floor":[68,68,68,68,68,68,68,68,68,68,68,68,68,68,68,68,68,68,68,68,68,68,68,68,68,68,68,68],"relic_stats":{"Busted Crown":8,"counters":[14,43],"Bronze Scales":[48],"Melange":[24],"Yang":[1],"obtain_stats":[{"Girya":8,"Busted Crown":17,"NeowsBlessing":0,"Bronze Scales":13,"Melange":4,"Yang":24,"PureWater":0,"Toxic Egg 2":9,"InkBottle":6},{"Girya":4,"Busted Crown":9,"NeowsBlessing":0,"Bronze Scales":7,"Melange":1,"Yang":13,"PureWater":0,"Toxic Egg 2":4,"InkBottle":3},{"Girya":6,"Busted Crown":26,"NeowsBlessing":0,"Bronze Scales":16,"Melange":1,"Yang":42,"PureWater":0,"Toxic Egg 2":6,"InkBottle":3}],"InkBottle":[15]},"card_choices":[{"not_picked":["SandsOfTime","BowlingBash"],"picked":"CarveReality","floor":1.0},{"not_picked":["Swivel","CarveReality"],"picked":"ReachHeaven","floor":5.0},{"not_picked":["WaveOfTheHand","ForeignInfluence"],"picked":"Consecrate","floor":6.0},{"not_picked":["PathToVictory","CrushJoints"],"picked":"FollowUp","floor":8},{"not_picked":["Nirvana","EmptyBody+1"],"picked":"DevaForm","floor":10},{"not_picked":["Perseverance+1","WreathOfFlame+1"],"picked":"ThirdEye+1","floor":11},{"not_picked":["SashWhip","FollowUp"],"picked":"Fasting2","floor":13},{"not_picked":["PathToVictory+1","SashWhip","Prostrate+1"],"picked":"SKIP","floor":14},{"not_picked":["DevaForm","Ragnarok"],"picked":"ConjureBlade+1","floor":16},{"not_picked":["FollowUp"],"picked":"SKIP","floor":18},{"not_picked":["Collect+1"],"picked":"SKIP","floor":19},{"not_picked":["CarveReality"],"picked":"SKIP","floor":22},{"not_picked":["Pray+1"],"picked":"SKIP","floor":24}],"player_experience":1024571,"relics_obtained":[{"floor":6.0,"key":"InkBottle"},{"floor":8,"key":"Girya"},{"floor":9,"key":"Toxic Egg 2"},{"floor":13,"key":"Bronze Scales"},{"floor":24,"key":"Yang"}],"event_choices":[{"damage_healed":0.0,"max_hp_gain":0.0,"max_hp_loss":0.0,"gold_gain":75.0,"event_name":"World of Goop","player_choice":"Gather Gold","floor":2.0,"gold_loss":0.0,"damage_taken":11.0},{"damage_healed":0.0,"max_hp_gain":0.0,"max_hp_loss":0.0,"gold_gain":150.0,"event_name":"Liars Game","player_choice":"AGREE","floor":3.0,"gold_loss":0.0,"damage_taken":0.0,"cards_obtained":["Doubt"]},{"damage_healed":0,"gold_gain":0,"player_choice":"Ignored","damage_taken":0,"max_hp_gain":0,"max_hp_loss":0,"event_name":"Ghosts","floor":20,"gold_loss":0},{"damage_healed":0,"gold_gain":0,"player_choice":"Copied","damage_taken":0,"max_hp_gain":0,"max_hp_loss":0,"event_name":"Duplicator","floor":21,"gold_loss":0,"cards_obtained":["Fasting2"]}],"is_beta":false,"boss_relics":[{"not_picked":["Black Star","Coffee Dripper"],"picked":"Busted Crown"}],"items_purged_floors":[4,12],"is_endless":false,"potions_floor_spawned":[1,8,11,13,16,22,24],"killed_by":"Slavers","ascension_level":19}}