{"host":"6bsan6hkua32tfq7","time":1608108430,"event":{"mods":["BaseMod","Better Third Choice","Colored Map","Highlight Path","Minty Spire (QoL Compilation)","StSLib"],"gold_per_floor":[118,129,129,139,139,139,170,190,217,246,246,257,257,271,271,350,350,370,389,389,389,401,429,429,429,429,429,112,124,153,167,167,239,239,258,277,277,302,322,347,347,359,359,359,359,388,388,399,399,399,399],"floor_reached":50,"playtime":1702,"items_purged":["Strike_G"],"score":1354,"play_id":"2ae7ab08-bd0a-4ba8-b8b7-b07f6d9bd581","local_time":"20201216094710","is_ascension_mode":true,"campfire_choices":[{"data":"Bouncing Flask","floor":6.0,"key":"SMITH"},{"floor":11.0,"key":"REST"},{"data":"Catalyst","floor":13.0,"key":"SMITH"},{"data":"Bouncing Flask","floor":15,"key":"SMITH"},{"data":"Burst","floor":24,"key":"SMITH"},{"floor":27,"key":"REST"},{"data":"Ghostly","floor":32,"key":"SMITH"},{"floor":41,"key":"RECALL"},{"floor":44,"key":"REST"},{"floor":47,"key":"REST"},{"floor":49,"key":"REST"}],"circlet_count":0,"master_deck":["AscendersBane","Strike_G","Strike_G","Strike_G","Strike_G","Defend_G","Defend_G+1","Defend_G","Defend_G","Survivor","Neutralize","Slice+1","Predator","Bouncing Flask+1","Dagger Spray","Bouncing Flask+1","Quick Slash","Catalyst+1","PiercingWail","Burst+1","Ghostly+1","Ghostly","Ghostly","Bouncing Flask+1","Neutralize","Escape Plan","Footwork","Well Laid Plans","Adrenaline","PiercingWail","Burst"],"relics":["Ring of the Snake","Bag of Preparation","Anchor","Dream Catcher","Snake Skull","Velvet Choker","NlothsMask","TungstenRod","Medical Kit","Meat on the Bone","Fusion Hammer","Bird Faced Urn","White Beast Statue","Bag of Marbles"],"acts_visited":["Exordium","TheCity","TheBeyond"],"potions_floor_usage":[16,16,50,50],"damage_taken":[{"damage":1.0,"enemies":"2 Louse","floor":1.0,"turns":3.0},{"damage":2.0,"enemies":"Jaw Worm","floor":2.0,"turns":6.0},{"damage":0.0,"enemies":"Small Slimes","floor":4.0,"turns":3.0},{"damage":35.0,"enemies":"Gremlin Nob","floor":7.0,"turns":4.0},{"damage":0.0,"enemies":"Red Slaver","floor":8.0,"turns":2.0},{"damage":0.0,"enemies":"3 Sentries","floor":10.0,"turns":3.0},{"damage":0.0,"enemies":"2 Fungi Beasts","floor":12.0,"turns":2.0},{"damage":4,"enemies":"Lots of Slimes","floor":14,"turns":3},{"damage":13,"enemies":"Slime Boss","floor":16,"turns":8},{"damage":15,"enemies":"3 Byrds","floor":18,"turns":5},{"damage":0,"enemies":"Spheric Guardian","floor":19,"turns":1},{"damage":17,"enemies":"Centurion and Healer","floor":22,"turns":6},{"damage":0,"enemies":"Gremlin Leader","floor":23,"turns":6},{"damage":0,"enemies":"Cultist and Chosen","floor":29,"turns":3},{"damage":0,"enemies":"Book of Stabbing","floor":30,"turns":2},{"damage":7,"enemies":"Snake Plant","floor":31,"turns":2},{"damage":5,"enemies":"Champ","floor":33,"turns":5},{"damage":0,"enemies":"Orb Walker","floor":35,"turns":2},{"damage":0,"enemies":"3 Shapes","floor":36,"turns":4},{"damage":0,"enemies":"Mind Bloom Boss Battle","floor":38,"turns":4},{"damage":15,"enemies":"Jaw Worm Horde","floor":39,"turns":4},{"damage":4,"enemies":"Reptomancer","floor":40,"turns":5},{"damage":0,"enemies":"Writhing Mass","floor":42,"turns":3},{"damage":0,"enemies":"Giant Head","floor":46,"turns":5},{"damage":0,"enemies":"Transient","floor":48,"turns":6},{"damage":41,"enemies":"Awakened One","floor":50,"turns":11}],"seed_played":"-7530222906644160423","potions_obtained":[{"floor":2.0,"key":"Explosive Potion"},{"floor":7.0,"key":"Explosive Potion"},{"floor":12.0,"key":"GhostInAJar"},{"floor":14,"key":"CunningPotion"},{"floor":16,"key":"Dexterity Potion"},{"floor":18,"key":"Poison Potion"},{"floor":23,"key":"PowerPotion"}],"is_trial":false,"path_per_floor":["M","M","?","M","?","R","E","M","T","E","R","M","R","M","R","B",null,"M","M","?","?","M","E","R","?","T","R","$","M","E","M","R","B",null,"M","M","?","?","M","E","R","M","T","R","?","E","R","M","R","B"],"character_chosen":"THE_SILENT","items_purchased":["Medical Kit","Footwork"],"campfire_rested":5,"item_purchase_floors":[28,28],"current_hp_per_floor":[58,56,36,36,36,36,1,1,1,1,20,20,20,16,16,3,50,35,35,33,33,16,16,16,16,16,25,25,25,25,18,18,25,31,31,31,31,31,20,20,20,24,24,33,31,31,31,31,31,0,0],"gold":399,"neow_bonus":"RANDOM_COMMON_RELIC","is_daily":false,"chose_seed":false,"campfire_upgraded":5,"win_rate":0.0,"timestamp":1608108430,"path_taken":["M","M","?","M","?","R","E","M","T","E","R","M","R","M","R","BOSS","M","M","?","?","?","E","R","?","T","R","$","?","E","M","R","BOSS","M","M","?","?","M","E","R","?","T","R","?","E","R","M","R","BOSS"],"items_purchased_type":["Relic","Card"],"build_version":"2020-12-13","purchased_purges":1,"victory":false,"max_hp_per_floor":[66,66,66,66,66,66,66,66,66,66,66,66,66,66,66,66,66,66,66,33,33,33,33,33,33,33,33,33,33,33,33,33,33,33,33,33,33,33,33,33,33,33,33,33,31,31,31,31,31,31,31],"card_choices":[{"not_picked":["Quick Slash","Caltrops"],"picked":"Slice","floor":1.0},{"not_picked":["Prepared","Noxious Fumes"],"picked":"Predator","floor":2.0},{"not_picked":["Slice","Sucker Punch"],"picked":"Bouncing Flask","floor":4.0},{"not_picked":["Phantasmal Killer","Concentrate"],"picked":"Dagger Spray","floor":7.0},{"not_picked":["Bane","Reflex"],"picked":"Bouncing Flask","floor":8.0},{"not_picked":["Accuracy","Expertise"],"picked":"Quick Slash","floor":10.0},{"not_picked":["Underhanded Strike","PiercingWail"],"picked":"Catalyst","floor":11.0},{"not_picked":["Expertise","Backstab"],"picked":"PiercingWail","floor":12.0},{"not_picked":["Flying Knee","Bane","Expertise"],"picked":"SKIP","floor":14},{"not_picked":["Tools of the Trade","Unload"],"picked":"Burst","floor":16},{"not_picked":["Eviscerate","Prepared","Flying Knee"],"picked":"SKIP","floor":18},{"not_picked":["Tactician","Bane","Deflect"],"picked":"SKIP","floor":19},{"not_picked":["All Out Attack","Quick Slash"],"picked":"Bouncing Flask+1","floor":22},{"not_picked":["Night Terror","A Thousand Cuts","Deflect"],"picked":"SKIP","floor":23},{"not_picked":["Outmaneuver","Slice","Flechettes"],"picked":"SKIP","floor":29},{"not_picked":["Deadly Poison","Reflex","Endless Agony"],"picked":"SKIP","floor":30},{"not_picked":["Dagger Spray","Outmaneuver"],"picked":"Well Laid Plans","floor":31},{"not_picked":["Corpse Explosion","Bullet Time"],"picked":"Adrenaline","floor":33},{"not_picked":["Finisher","Slice+1"],"picked":"PiercingWail","floor":35},{"not_picked":["Poisoned Stab","Flying Knee","Slice"],"picked":"SKIP","floor":36},{"not_picked":["Poisoned Stab","Footwork","Underhanded Strike"],"picked":"SKIP","floor":39},{"not_picked":["Masterful Stab","PiercingWail"],"picked":"Burst","floor":40},{"not_picked":["Skewer","Poisoned Stab","Blade Dance"],"picked":"SKIP","floor":42},{"not_picked":["Skewer","Poisoned Stab","Blade Dance"],"picked":"SKIP","floor":42},{"not_picked":["PiercingWail","Eviscerate","Bouncing Flask+1"],"picked":"SKIP","floor":46},{"not_picked":["Predator","Infinite Blades","Acrobatics"],"picked":"SKIP","floor":48}],"player_experience":5175659,"relics_obtained":[{"floor":7.0,"key":"Anchor"},{"floor":9.0,"key":"Dream Catcher"},{"floor":10.0,"key":"Snake Skull"},{"floor":23,"key":"TungstenRod"},{"floor":30,"key":"Meat on the Bone"},{"floor":38,"key":"Bird Faced Urn"},{"floor":40,"key":"White Beast Statue"},{"floor":46,"key":"Bag of Marbles"}],"event_choices":[{"damage_healed":56.0,"max_hp_gain":0.0,"max_hp_loss":66.0,"gold_gain":0.0,"event_name":"betterThird:BetterShining","player_choice":"Upgrade","floor":3.0,"gold_loss":0.0,"damage_taken":20.0,"cards_upgraded":["Defend_G","Slice"]},{"cards_removed":["Defend_G"],"damage_healed":0.0,"max_hp_gain":0.0,"max_hp_loss":0.0,"gold_gain":0.0,"event_name":"Living Wall","player_choice":"Forget","floor":5.0,"gold_loss":0.0,"damage_taken":0.0},{"damage_healed":0,"gold_gain":0,"player_choice":"Became a Ghost","damage_taken":0,"max_hp_gain":0,"max_hp_loss":33,"event_name":"Ghosts","floor":20,"gold_loss":0,"cards_obtained":["Ghostly","Ghostly","Ghostly"]},{"damage_healed":0,"gold_gain":0,"player_choice":"Trade","damage_taken":0,"relics_obtained":["NlothsMask"],"max_hp_gain":0,"max_hp_loss":0,"event_name":"FaceTrader","floor":21,"gold_loss":0},{"damage_healed":0,"gold_gain":0,"player_choice":"2 cards matched","damage_taken":0,"max_hp_gain":0,"max_hp_loss":0,"event_name":"Match and Keep!","floor":25,"gold_loss":0,"cards_obtained":["Neutralize","Escape Plan"]},{"damage_healed":0,"gold_gain":0,"player_choice":"Ignored","damage_taken":0,"max_hp_gain":0,"max_hp_loss":0,"event_name":"Tomb of Lord Red Mask","floor":37,"gold_loss":0},{"damage_healed":0,"gold_gain":0,"player_choice":"Fight","damage_taken":0,"max_hp_gain":0,"max_hp_loss":0,"event_name":"MindBloom","floor":38,"gold_loss":0},{"damage_healed":0,"gold_gain":0,"player_choice":"Max HP","damage_taken":0,"max_hp_gain":0,"max_hp_loss":2,"event_name":"Winding Halls","floor":45,"gold_loss":0}],"is_beta":false,"boss_relics":[{"not_picked":["Empty Cage","Snecko Eye"],"picked":"Velvet Choker"},{"not_picked":["WristBlade","Pandora\u0027s Box"],"picked":"Fusion Hammer"}],"items_purged_floors":[28],"is_endless":false,"potions_floor_spawned":[2,7,12,14,16,18,23,33,38,39,40,42,46,48],"killed_by":"Awakened One","ascension_level":20}}