{"host":"k0kjm4m87pwj4phr","time":1608139250,"event":{"mods":["BaseMod","Colored Map","Colored Powertips","Downfall","Minty Spire (QoL Compilation)","Permanent Neow","Prisma Mod","Quick Restart","Relic Stats","StSLib","óô»ðÖ¸ÄÏ"],"gold_per_floor":[99,128,138,149,149,169,169,200,211,211,211],"floor_reached":10,"playtime":451,"items_purged":[],"score":90,"play_id":"5b3f58e3-4222-4aad-a6b5-20a5772acaff","local_time":"20201217012050","is_ascension_mode":true,"campfire_choices":[{"data":"expansioncontent:Chronoboost","floor":1,"key":"SMITH"},{"data":"Guardian:CurlUp","floor":5,"key":"SMITH"}],"circlet_count":0,"master_deck":["Guardian:Strike_Guardian","Guardian:Strike_Guardian","Guardian:Strike_Guardian","Guardian:Strike_Guardian","Guardian:Defend_Guardian","Guardian:Defend_Guardian","Guardian:Defend_Guardian","Guardian:Defend_Guardian","Guardian:CurlUp+1","Guardian:TwinSlam","expansioncontent:Chronoboost+1","Guardian:Gem_Cyan","Guardian:Emergency","Guardian:PrismaticBarrier"],"relics":["Guardian:ModeShifter","Mummified Hand","Blue Candle","Guardian:PickAxe"],"acts_visited":["Exordium"],"potions_floor_usage":[10],"damage_taken":[{"damage":32,"enemies":"Gremlin Nob","floor":2,"turns":5},{"damage":2,"enemies":"Small Slimes","floor":3,"turns":5},{"damage":0,"enemies":"2 Louse","floor":4,"turns":3},{"damage":2,"enemies":"Jaw Worm","floor":6,"turns":4},{"damage":16,"enemies":"Lagavulin","floor":8,"turns":6},{"damage":5,"enemies":"Red Slaver","floor":9,"turns":5},{"damage":27,"enemies":"Gremlin Nob","floor":10,"turns":4}],"seed_played":"9220547727429273125","potions_obtained":[{"floor":3,"key":"Block Potion"},{"floor":8,"key":"PowerPotion"}],"is_trial":false,"path_per_floor":["R","E","M","M","R","M","T","E","M","E"],"character_chosen":"GUARDIAN","items_purchased":[],"campfire_rested":0,"item_purchase_floors":[],"current_hp_per_floor":[80,48,46,46,46,44,44,28,23,0,0],"gold":211,"neow_bonus":"RANDOM_COLORLESS","is_daily":false,"chose_seed":false,"campfire_upgraded":2,"win_rate":0.0,"timestamp":1608139250,"path_taken":["R","E","M","M","R","M","T","E","M","E"],"items_purchased_type":[],"build_version":"2020-12-13","purchased_purges":0,"victory":false,"max_hp_per_floor":[80,80,80,80,80,80,80,80,80,80,80],"relic_stats":{"counters":[7,32],"Mummified Hand":[4],"Blue Candle":[0],"obtain_stats":[{"Guardian:PickAxe":8,"Mummified Hand":2,"Blue Candle":7,"Guardian:ModeShifter":0},{"Guardian:PickAxe":5,"Mummified Hand":1,"Blue Candle":4,"Guardian:ModeShifter":0},{"Guardian:PickAxe":23,"Mummified Hand":5,"Blue Candle":17,"Guardian:ModeShifter":0}]},"card_choices":[{"not_picked":["Panacea","expansioncontent:HyperBeam"],"picked":"expansioncontent:Chronoboost","floor":0},{"not_picked":["Guardian:PolyBeam","Guardian:Suspension"],"picked":"Guardian:Gem_Blue","floor":2},{"not_picked":["Guardian:Reroute","Guardian:RefractedBeam"],"picked":"Guardian:Gem_Fragmented","floor":3},{"not_picked":["Guardian:BronzeArmor","Guardian:ShieldCharger"],"picked":"Guardian:Gem_Cyan","floor":4},{"not_picked":["Guardian:TemporalShield","Guardian:PolyBeam"],"picked":"Guardian:Emergency","floor":6},{"not_picked":["Guardian:RollAttack","Guardian:WalkerClaw","Guardian:TemporalShield"],"picked":"SKIP","floor":8},{"not_picked":["Guardian:Gem_Green","Guardian:PiercingHide"],"picked":"Guardian:PrismaticBarrier","floor":9}],"player_experience":436638,"relics_obtained":[{"floor":2,"key":"Mummified Hand"},{"floor":7,"key":"Blue Candle"},{"floor":8,"key":"Guardian:PickAxe"}],"event_choices":[],"is_beta":false,"boss_relics":[],"items_purged_floors":[],"is_endless":false,"potions_floor_spawned":[3,8],"killed_by":"Gremlin Nob","ascension_level":3}}