{"host":"k010f1crm27ngy21","time":1608086929,"event":{"mods":["Aspiration","Bard","BaseMod","Downfall","Minty Spire (QoL Compilation)","Replay The Spire","Shop Mod","Spicy Shops","StSLib","The Cursed","The Hierophant","The Runesmith","The Servant 0.9.4"],"gold_per_floor":[117,137,154,169,169,169,183,198,198,198,148,166,166,15,15,15,15],"floor_reached":16,"playtime":1078,"items_purged":[],"score":94,"play_id":"65ef1f5e-ce1a-48cf-a2da-790898e73dfb","local_time":"20201216104849","daily_mods":["Draft","Vintage","Heirloom","downfall:Lament"],"is_ascension_mode":false,"campfire_choices":[{"data":"bard:Doot","floor":6,"key":"SMITH"},{"data":"bard:Accelerando","floor":10,"key":"SMITH"},{"data":"bard:TinyHut","floor":13,"key":"SMITH"}],"circlet_count":0,"master_deck":["bard:Accelerando","bard:PhantasmalForce+1","bard:InspiringSong","bard:SongBolt","bard:FalseLife","bard:Accelerando+1","bard:Doot+1","bard:FalseLife","bard:Doot+1","bard:GlyphOfWarding","bard:PhantasmalForce","bard:TinyHut+1","bard:Solo","bard:LifeDrain"],"relics":["bard:PitchPipe","bard:BagPipes","Ring of Chaos","NeowsBlessing","Replay:PocketPolymizer","aspiration:FrozenJewel","Blue Candle","Frozen Egg 2","Oddly Smooth Stone","Snack Pack","Golden Egg","Mirror","Blue Doll","MerchantsRug"],"acts_visited":["Exordium"],"potions_floor_usage":[],"damage_taken":[{"damage":0,"enemies":"Jaw Worm","floor":1,"turns":1},{"damage":0,"enemies":"Small Slimes","floor":2,"turns":1},{"damage":0,"enemies":"Cultist","floor":3,"turns":1},{"damage":7,"enemies":"Exordium Thugs","floor":4,"turns":3},{"damage":0,"enemies":"2 Fungi Beasts","floor":7,"turns":1},{"damage":0,"enemies":"Blue Slaver","floor":8,"turns":3},{"damage":10,"enemies":"Exordium Thugs","floor":12,"turns":2},{"damage":0,"enemies":"Hexaghost","floor":16,"turns":4}],"seed_played":"4616510066181992561","potions_obtained":[{"floor":4,"key":"EntropicBrew"},{"floor":8,"key":"Energy Potion"},{"floor":12,"key":"ColorlessPotion"}],"is_trial":true,"path_per_floor":["M","M","M","M","?","R","M","M","T","R","?","M","R","$","R","B"],"character_chosen":"BARD","items_purchased":["MerchantsRug"],"campfire_rested":0,"item_purchase_floors":[14],"current_hp_per_floor":[70,70,70,63,63,63,63,63,63,63,63,53,53,53,70,70,70],"gold":15,"neow_bonus":"","is_daily":false,"chose_seed":false,"campfire_upgraded":3,"win_rate":0.0,"timestamp":1608086929,"path_taken":["M","M","M","M","?","R","M","M","T","R","?","M","R","$","R","BOSS"],"items_purchased_type":["Relic"],"build_version":"2020-12-13","purchased_purges":0,"victory":false,"max_hp_per_floor":[70,70,70,70,70,70,70,70,70,70,70,70,70,70,70,70,70],"card_choices":[{"not_picked":["bard:Thunderwave","bard:TinyHut"],"picked":"bard:Accelerando","floor":0},{"not_picked":["bard:CuttingWords","bard:FeastOnFear"],"picked":"bard:PhantasmalForce","floor":0},{"not_picked":["bard:CuttingWords","bard:TinyHut"],"picked":"bard:InspiringSong","floor":0},{"not_picked":["bard:DiscordantVoice","bard:Thunderwave"],"picked":"bard:SongBolt","floor":0},{"not_picked":["bard:Thunderwave","bard:PhantasmalForce"],"picked":"bard:FalseLife","floor":0},{"not_picked":["bard:CuttingWords","bard:FirstStrike"],"picked":"bard:Accelerando","floor":0},{"not_picked":["bard:InspiringSong","bard:EchoEcho"],"picked":"bard:Doot","floor":0},{"not_picked":["bard:Silence","bard:DervishDance"],"picked":"bard:FalseLife","floor":0},{"not_picked":["bard:SongBolt","bard:InspiringSong"],"picked":"bard:Doot","floor":0},{"not_picked":["bard:HarmoniousVoice","bard:FeastOnFear"],"picked":"bard:GlyphOfWarding","floor":0},{"not_picked":["bard:SongBolt","bard:Gamble"],"picked":"bard:InspiringSong","floor":0},{"not_picked":["bard:GreaterMagicWeapon","bard:Aphasia"],"picked":"bard:PhantasmalForce","floor":0},{"not_picked":["bard:Thunderwave","bard:StudiedStrike"],"picked":"bard:TinyHut","floor":0},{"not_picked":["bard:FaerieFire","bard:TinyHut"],"picked":"bard:Solo","floor":0},{"not_picked":["bard:FirstStrike","bard:BucklerBash"],"picked":"bard:HideousLaughter","floor":0}],"player_experience":121057,"relics_obtained":[{"floor":1,"key":"aspiration:FrozenJewel"},{"floor":2,"key":"Blue Candle"},{"floor":3,"key":"Frozen Egg 2"},{"floor":4,"key":"Oddly Smooth Stone"},{"floor":7,"key":"Snack Pack"},{"floor":8,"key":"Golden Egg"},{"floor":9,"key":"Mirror"},{"floor":12,"key":"Blue Doll"}],"event_choices":[{"cards_removed":["bard:Fermata"],"damage_healed":0,"gold_gain":0,"player_choice":"Card Removal","damage_taken":0,"max_hp_gain":0,"max_hp_loss":0,"event_name":"The Cleric","floor":11,"gold_loss":50}],"is_beta":false,"boss_relics":[],"items_purged_floors":[],"is_endless":true,"potions_floor_spawned":[4,8,12],"killed_by":"Hexaghost","ascension_level":0}}