{"host":"4nqeo0vu1vuav7gg","time":1608128810,"event":{"mods":["AchievementEnabler","BaseMod","Block Reminder","Colored Map","Colored Powertips","Highlight Path","Minty Spire (QoL Compilation)","Quick Restart","Rare Cards Sparkle","Relic Relevance Reorder","StSLib"],"gold_per_floor":[113,127,127,138,208,208,233,251,251,251,60,92,92,116,116,246,246,271,271,49,49,72,105,105,105,156,156,156,199,219,219,219,340,340,360,379,398,17,33,69,69,6,52,76,94,138,162,181,181,181,181,181,29,64,64,64],"floor_reached":55,"playtime":2538,"items_purged":["Injury","Parasite","Rebound+1","Sweeping Beam"],"score":1213,"play_id":"4150b62a-6041-4f0b-b1f1-10963de28530","local_time":"20201216152650","is_ascension_mode":true,"campfire_choices":[{"data":"Barrage","floor":6.0,"key":"SMITH"},{"floor":10.0,"key":"REST"},{"data":"White Noise","floor":15.0,"key":"SMITH"},{"data":"Consume","floor":25.0,"key":"SMITH"},{"data":"Zap","floor":27.0,"key":"SMITH"},{"floor":32.0,"key":"REST"},{"floor":41.0,"key":"REST"},{"floor":49.0,"key":"RECALL"},{"floor":52,"key":"REST"}],"circlet_count":0,"master_deck":["AscendersBane","Defend_B","Defend_B+1","Defend_B","Zap+1","Dualcast+1","Ball Lightning","Barrage+1","White Noise+1","Beam Cell","Static Discharge","Undo","Genetic Algorithm","Biased Cognition","Chill","Zap+1","Dramatic Entrance","Storm+1","Consume+1","Steam Power","Rip and Tear","Chaos","Capacitor+1","Buffer","Genetic Algorithm+1","Creative AI+1","Conserve Battery","White Noise","Self Repair","Doom and Gloom","Capacitor","Buffer","BootSequence","Consume","Coolheaded"],"relics":["Cracked Core","Pen Nib","Ornamental Fan","Letter Opener","Sozu","Happy Flower","Toy Ornithopter","Sundial","Anchor","Vajra","Bronze Scales","Oddly Smooth Stone","Enchiridion","Singing Bowl","Membership Card","Regal Pillow","Ancient Tea Set","Lee\u0027s Waffle","Golden Idol","Astrolabe","Strawberry"],"acts_visited":["Exordium","TheCity","TheBeyond","TheEnding"],"potions_floor_usage":[],"damage_taken":[{"damage":0.0,"enemies":"2 Louse","floor":1.0,"turns":1.0},{"damage":2.0,"enemies":"Jaw Worm","floor":2.0,"turns":3.0},{"damage":7.0,"enemies":"Small Slimes","floor":4.0,"turns":2.0},{"damage":32.0,"enemies":"3 Sentries","floor":7.0,"turns":5.0},{"damage":0.0,"enemies":"Blue Slaver","floor":8.0,"turns":2.0},{"damage":33.0,"enemies":"Lagavulin","floor":12.0,"turns":4.0},{"damage":9.0,"enemies":"3 Louse","floor":14.0,"turns":3.0},{"damage":5.0,"enemies":"Slime Boss","floor":16.0,"turns":7.0},{"damage":0.0,"enemies":"Chosen","floor":18.0,"turns":4.0},{"damage":10.0,"enemies":"3 Byrds","floor":22.0,"turns":5.0},{"damage":2.0,"enemies":"Slavers","floor":23.0,"turns":4.0},{"damage":8.0,"enemies":"Book of Stabbing","floor":29.0,"turns":4.0},{"damage":4.0,"enemies":"Centurion and Healer","floor":30.0,"turns":3.0},{"damage":45.0,"enemies":"Automaton","floor":33.0,"turns":8.0},{"damage":8.0,"enemies":"3 Shapes","floor":35.0,"turns":3.0},{"damage":1.0,"enemies":"3 Darklings","floor":36.0,"turns":4.0},{"damage":14.0,"enemies":"Writhing Mass","floor":37.0,"turns":4.0},{"damage":35.0,"enemies":"Spire Growth","floor":39.0,"turns":3.0},{"damage":17.0,"enemies":"Nemesis","floor":40.0,"turns":5.0},{"damage":0.0,"enemies":"Maw","floor":44.0,"turns":5.0},{"damage":0.0,"enemies":"Jaw Worm Horde","floor":45.0,"turns":1.0},{"damage":34.0,"enemies":"Reptomancer","floor":46.0,"turns":4.0},{"damage":8.0,"enemies":"Spire Growth","floor":47.0,"turns":4.0},{"damage":0.0,"enemies":"Writhing Mass","floor":48.0,"turns":4.0},{"damage":40,"enemies":"Time Eater","floor":50,"turns":8},{"damage":48,"enemies":"Shield and Spear","floor":54,"turns":7},{"damage":74,"enemies":"The Heart","floor":55,"turns":3}],"seed_played":"1997263969001160944","potions_obtained":[{"floor":4.0,"key":"Ancient Potion"},{"floor":8.0,"key":"Energy Potion"},{"floor":14.0,"key":"Energy Potion"}],"is_trial":false,"path_per_floor":["M","M","?","M","T","R","E","M","T","R","$","E","?","M","R","B",null,"M","?","$","?","M","E","?","R","T","R","?","E","M","?","R","B",null,"M","M","M","$","M","E","R","$","T","M","M","E","M","M","R","B",null,"R","$","E","B"],"character_chosen":"DEFECT","items_purchased":["Lee\u0027s Waffle","Static Discharge","Pen Nib","Membership Card","White Noise","Self Repair","Regal Pillow","Doom and Gloom","Oddly Smooth Stone"],"campfire_rested":4,"item_purchase_floors":[11,11,20,38,38,38,38,38,53],"current_hp_per_floor":[68,66,51,44,44,44,12,12,12,34,82,49,49,40,40,35,70,70,54,54,54,44,42,42,42,42,42,42,34,30,30,54,9,64,56,57,50,50,17,14,55,55,55,69,69,44,36,43,43,3,68,89,89,55,0,0],"gold":64,"neow_bonus":"UPGRADE_CARD","is_daily":false,"chose_seed":false,"campfire_upgraded":4,"win_rate":0.0,"timestamp":1608128810,"path_taken":["M","M","?","M","?","R","E","M","T","R","$","E","?","M","R","BOSS","M","?","$","?","?","E","?","R","T","R","?","E","M","?","R","BOSS","M","M","M","$","M","E","R","$","T","M","M","E","M","M","R","BOSS","R","$","E","BOSS"],"items_purchased_type":["Relic","Card","Relic","Relic","Card","Card","Relic","Card","Relic"],"build_version":"2020-12-13","purchased_purges":4,"victory":false,"max_hp_per_floor":[75,75,75,75,75,75,75,75,75,75,82,82,82,82,82,82,82,82,82,82,82,82,82,82,82,82,82,82,82,82,82,82,82,82,82,84,86,83,85,87,87,87,87,87,87,89,89,89,89,89,89,89,89,96,96,96],"card_choices":[{"not_picked":["Rebound","Reprogram"],"picked":"Sweeping Beam","floor":1.0},{"not_picked":["Consume","Barrage"],"picked":"Ball Lightning","floor":2.0},{"not_picked":["Streamline","Sweeping Beam"],"picked":"Barrage","floor":4.0},{"not_picked":["Hologram","Machine Learning"],"picked":"White Noise","floor":7.0},{"not_picked":["Turbo","Hologram"],"picked":"Beam Cell","floor":8.0},{"not_picked":["Streamline","Hologram"],"picked":"Undo","floor":12.0},{"not_picked":["Ball Lightning","Streamline"],"picked":"Genetic Algorithm","floor":14.0},{"not_picked":["Hyperbeam","Machine Learning"],"picked":"Biased Cognition","floor":16.0},{"not_picked":["Steam","Barrage"],"picked":"Chill","floor":18.0},{"not_picked":["Doom and Gloom","Redo"],"picked":"Storm+1","floor":22.0},{"not_picked":["Echo Form","FTL"],"picked":"Consume","floor":23.0},{"not_picked":["Rebound+1","Recycle"],"picked":"Chaos","floor":29.0},{"not_picked":["Stack","BootSequence"],"picked":"Capacitor+1","floor":30.0},{"not_picked":["Hyperbeam","Reboot"],"picked":"Buffer","floor":33.0},{"not_picked":["Turbo","Steam"],"picked":"Conserve Battery","floor":35.0},{"not_picked":["Sweeping Beam","Steam","Scrape"],"picked":"Singing Bowl","floor":36.0},{"not_picked":["Streamline","Barrage","Auto Shields"],"picked":"Singing Bowl","floor":37.0},{"not_picked":["Compile Driver","Steam Power+1","Rebound+1"],"picked":"Singing Bowl","floor":39.0},{"not_picked":["Leap","Gash","Streamline"],"picked":"Singing Bowl","floor":40.0},{"not_picked":["Sunder+1","Stack"],"picked":"Capacitor","floor":44.0},{"not_picked":["Redo+1","Scrape"],"picked":"Buffer","floor":45.0},{"not_picked":["Barrage","Redo+1","Reprogram+1"],"picked":"Singing Bowl","floor":46.0},{"not_picked":["Steam+1","Beam Cell+1"],"picked":"BootSequence","floor":47.0},{"not_picked":["Leap","All For One"],"picked":"Consume","floor":48.0},{"not_picked":["Conserve Battery+1","Ball Lightning+1"],"picked":"Coolheaded","floor":54}],"player_experience":948196,"relics_obtained":[{"floor":5.0,"key":"Sundial"},{"floor":7.0,"key":"Anchor"},{"floor":12.0,"key":"Singing Bowl"},{"floor":19.0,"key":"Enchiridion"},{"floor":23.0,"key":"Ornamental Fan"},{"floor":26.0,"key":"Vajra"},{"floor":29.0,"key":"Letter Opener"},{"floor":40.0,"key":"Happy Flower"},{"floor":43.0,"key":"Bronze Scales"},{"floor":46.0,"key":"Ancient Tea Set"},{"floor":54,"key":"Strawberry"}],"event_choices":[{"damage_healed":0.0,"max_hp_gain":0.0,"max_hp_loss":0.0,"gold_gain":0.0,"event_name":"Shining Light","player_choice":"Entered Light","floor":3.0,"gold_loss":0.0,"damage_taken":15.0,"cards_upgraded":["Dualcast","Defend_B"]},{"damage_healed":0.0,"max_hp_gain":0.0,"max_hp_loss":0.0,"gold_gain":0.0,"event_name":"Golden Idol","player_choice":"Take Wound","floor":13.0,"gold_loss":0.0,"damage_taken":0.0,"relics_obtained":["Golden Idol"],"cards_obtained":["Injury"]},{"damage_healed":0.0,"max_hp_gain":0.0,"max_hp_loss":0.0,"gold_gain":0.0,"event_name":"Cursed Tome","player_choice":"Obtained Book","floor":19.0,"gold_loss":0.0,"damage_taken":16.0},{"damage_healed":0.0,"max_hp_gain":0.0,"max_hp_loss":0.0,"gold_gain":0.0,"event_name":"Match and Keep!","player_choice":"2 cards matched","floor":21.0,"gold_loss":0.0,"damage_taken":0.0,"cards_obtained":["Zap","Dramatic Entrance"]},{"damage_healed":0.0,"max_hp_gain":0.0,"max_hp_loss":0.0,"gold_gain":0.0,"event_name":"The Mausoleum","player_choice":"Opened","floor":24.0,"gold_loss":0.0,"damage_taken":0.0,"relics_obtained":["Toy Ornithopter"]},{"damage_healed":0.0,"max_hp_gain":0.0,"max_hp_loss":0.0,"gold_gain":0.0,"cards_transformed":["Strike_B","Strike_B"],"event_name":"Drug Dealer","player_choice":"Became Test Subject","floor":28.0,"gold_loss":0.0,"damage_taken":0.0,"cards_obtained":["Steam Power","Rip and Tear"]},{"damage_healed":0.0,"max_hp_gain":0.0,"max_hp_loss":0.0,"gold_gain":0.0,"event_name":"Ghosts","player_choice":"Ignored","floor":31.0,"gold_loss":0.0,"damage_taken":0.0}],"is_beta":false,"boss_relics":[{"not_picked":["Velvet Choker","Black Star"],"picked":"Sozu"},{"not_picked":["Calling Bell","Fusion Hammer"],"picked":"Astrolabe"}],"items_purged_floors":[20,38,42,53],"is_endless":false,"potions_floor_spawned":[4,8,14,22,30,35,37,40,44,48],"killed_by":"The Heart","ascension_level":12}}