{"host":"hszimsrtxxc2k25w","time":1608146282,"event":{"mods":["AchievementEnabler","BaseMod","Colored Map","DeckTracker","Minty Spire (QoL Compilation)","Rare Cards Sparkle","SuperFastMode"],"gold_per_floor":[109,109,109,119,133,133,164,181,206,206,13,42,61,74,74,172,172,172,172],"floor_reached":18,"playtime":454,"items_purged":["Defend_P+1"],"score":278,"play_id":"024890f0-e6e0-47a6-bf97-f867d9124e01","local_time":"20201217041802","is_ascension_mode":true,"campfire_choices":[{"data":"CrushJoints","floor":6.0,"key":"SMITH"},{"floor":10.0,"key":"REST"},{"data":"Worship","floor":15.0,"key":"SMITH"}],"circlet_count":0,"master_deck":["AscendersBane","Strike_P+1","Strike_P+1","Strike_P+1","Defend_P+1","Defend_P+1","Defend_P","Eruption+1","Vigilance+1","LessonLearned+1","CrushJoints+1","EmptyMind+1","SandsOfTime","CutThroughFate","Worship+1","Omniscience"],"relics":["PureWater","Ancient Tea Set","Centennial Puzzle","Membership Card","MealTicket","Ectoplasm"],"acts_visited":["Exordium","TheCity"],"potions_floor_usage":[],"damage_taken":[{"damage":5.0,"enemies":"Small Slimes","floor":1.0,"turns":4.0},{"damage":0.0,"enemies":"Cultist","floor":2.0,"turns":3.0},{"damage":0.0,"enemies":"2 Louse","floor":4.0,"turns":4.0},{"damage":5.0,"enemies":"Blue Slaver","floor":5.0,"turns":4.0},{"damage":20.0,"enemies":"Lagavulin","floor":7.0,"turns":4.0},{"damage":0.0,"enemies":"Large Slime","floor":8.0,"turns":4.0},{"damage":20.0,"enemies":"3 Sentries","floor":12.0,"turns":3.0},{"damage":3.0,"enemies":"Looter","floor":13.0,"turns":3.0},{"damage":0.0,"enemies":"Blue Slaver","floor":14.0,"turns":2.0},{"damage":20.0,"enemies":"The Guardian","floor":16.0,"turns":4.0},{"damage":0,"enemies":"3 Byrds","floor":18,"turns":1}],"seed_played":"7962287411715975243","potions_obtained":[{"floor":1.0,"key":"BottledMiracle"},{"floor":5.0,"key":"Block Potion"},{"floor":8.0,"key":"Swift Potion"},{"floor":14.0,"key":"Fire Potion"}],"is_trial":false,"path_per_floor":["M","M","?","M","M","R","E","M","T","R","$","E","M","M","R","B",null,"M"],"character_chosen":"WATCHER","items_purchased":["Membership Card"],"campfire_rested":1,"item_purchase_floors":[11],"current_hp_per_floor":[60,60,60,60,55,55,35,35,35,56,56,36,33,33,33,13,57,57,57],"gold":172,"neow_bonus":"TRANSFORM_CARD","is_daily":false,"chose_seed":false,"campfire_upgraded":2,"win_rate":0.0,"timestamp":1608146282,"path_taken":["M","M","?","M","?","R","E","M","T","R","?","E","?","M","R","BOSS","M"],"items_purchased_type":["Relic"],"build_version":"2020-12-13","purchased_purges":1,"victory":false,"max_hp_per_floor":[72,72,72,72,72,72,72,72,72,72,72,72,72,72,72,72,72,72,72],"card_choices":[{"not_picked":["Nirvana","CutThroughFate"],"picked":"CrushJoints","floor":1.0},{"not_picked":["Pray","EmptyMind","Indignation"],"picked":"SKIP","floor":2.0},{"not_picked":["CutThroughFate","Consecrate"],"picked":"EmptyMind","floor":4.0},{"not_picked":["Evaluate","Prostrate"],"picked":"SandsOfTime","floor":5.0},{"not_picked":["EmptyMind","SpiritShield","Conclude"],"picked":"SKIP","floor":7.0},{"not_picked":["EmptyMind","SpiritShield","Conclude"],"picked":"SKIP","floor":7.0},{"not_picked":["JustLucky","Consecrate","FollowUp"],"picked":"SKIP","floor":8.0},{"not_picked":["Prostrate","FollowUp","BattleHymn"],"picked":"SKIP","floor":12.0},{"not_picked":["EmptyFist","Establishment"],"picked":"CutThroughFate","floor":13.0},{"not_picked":["EmptyFist","CutThroughFate"],"picked":"Worship","floor":14.0},{"not_picked":["Devotion","DeusExMachina"],"picked":"Omniscience","floor":16.0}],"player_experience":590850,"relics_obtained":[{"floor":7.0,"key":"Ancient Tea Set"},{"floor":9.0,"key":"Centennial Puzzle"},{"floor":12.0,"key":"MealTicket"}],"event_choices":[{"damage_healed":0.0,"max_hp_gain":0.0,"max_hp_loss":0.0,"gold_gain":0.0,"event_name":"Accursed Blacksmith","player_choice":"Forge","floor":3.0,"gold_loss":0.0,"damage_taken":0.0,"cards_upgraded":["Eruption"]}],"is_beta":false,"boss_relics":[{"not_picked":["Velvet Choker","Black Star"],"picked":"Ectoplasm"}],"items_purged_floors":[11],"is_endless":false,"potions_floor_spawned":[1,2,5,8,14],"killed_by":"3 Byrds","ascension_level":12}}