{"host":"egyxg9lnjq7g2hmw","time":1608077069,"event":{"mods":["AchievementEnabler","BaseMod","Block Reminder","Colored Map","Colored Powertips","Highlight Path","Minty Spire (QoL Compilation)","Rare Cards Sparkle","StSLib"],"gold_per_floor":[117,117,167,184,199,209,209,209],"floor_reached":7,"playtime":366,"items_purged":[],"score":77,"play_id":"63a7e5f3-0bef-425c-8ead-a26b688d329e","local_time":"20201215160429","is_ascension_mode":true,"campfire_choices":[],"circlet_count":0,"master_deck":["AscendersBane","Strike_G","Strike_G","Strike_G","Strike_G","Strike_G","Defend_G","Defend_G","Defend_G","Defend_G","Defend_G","Survivor","Neutralize","Dagger Spray","Regret","Flying Knee","Venomology"],"relics":["Ring of the Snake","Potion Belt"],"acts_visited":["Exordium"],"potions_floor_usage":[7,7],"damage_taken":[{"damage":0,"enemies":"2 Louse","floor":1,"turns":6},{"damage":3,"enemies":"Jaw Worm","floor":4,"turns":5},{"damage":1,"enemies":"Cultist","floor":5,"turns":4},{"damage":27,"enemies":"Exordium Thugs","floor":6,"turns":7},{"damage":58,"enemies":"Gremlin Nob","floor":7,"turns":6}],"seed_played":"-4904673680291609193","potions_obtained":[{"floor":4,"key":"GamblersBrew"},{"floor":6,"key":"Energy Potion"}],"is_trial":false,"path_per_floor":["M","?","?","M","M","M","E"],"character_chosen":"THE_SILENT","items_purchased":[],"campfire_rested":0,"item_purchase_floors":[],"current_hp_per_floor":[65,65,65,62,61,34,0,0],"gold":209,"neow_bonus":"TEN_PERCENT_HP_BONUS","is_daily":false,"chose_seed":false,"campfire_upgraded":0,"win_rate":0.0,"timestamp":1608077069,"path_taken":["M","?","?","?","M","M","E"],"items_purchased_type":[],"build_version":"2020-12-13","purchased_purges":0,"victory":false,"max_hp_per_floor":[72,72,72,72,72,72,72,72],"card_choices":[{"not_picked":["PiercingWail","Dodge and Roll"],"picked":"Dagger Spray","floor":1},{"not_picked":["Deadly Poison","Riddle With Holes"],"picked":"Flying Knee","floor":4},{"not_picked":["Cloak And Dagger","Setup","Acrobatics"],"picked":"SKIP","floor":5},{"not_picked":["Endless Agony","Dagger Spray"],"picked":"Venomology","floor":6}],"player_experience":466239,"relics_obtained":[],"event_choices":[{"damage_healed":0,"gold_gain":0,"player_choice":"Box","damage_taken":0,"relics_obtained":["Potion Belt"],"max_hp_gain":0,"max_hp_loss":0,"event_name":"Big Fish","floor":2,"gold_loss":0,"cards_obtained":["Regret"]},{"damage_healed":0,"gold_gain":50,"player_choice":"Pray","damage_taken":0,"max_hp_gain":0,"max_hp_loss":0,"event_name":"Golden Shrine","floor":3,"gold_loss":0}],"is_beta":false,"boss_relics":[],"items_purged_floors":[],"is_endless":false,"potions_floor_spawned":[4,6],"killed_by":"Gremlin Nob","ascension_level":16}}