{"host":"f5h077e5av00giy4","time":1608122030,"event":{"mods":["Act Like it!","Aspiration","BaseMod","Colored Powertips","Conspire","Decade(王小明)","Hermit","Hunter 猎人","KinomotoSakuraMod(木之本樱)","Koishi","KomeijiMod","Marisa（F雨　魔理沙）","Minty Spire (QoL Compilation)","MostiFishMod","Pale of the Ancients","Quick Restart","Reimu（博丽灵梦）","Relic Stats","Remilia（蕾米莉亚）","Replay The Spire","RumiaBox-露米娅的神秘盒子","Shop Mod","Spicy Shops","StSLib","TestMod","The Alterego","The Gatherer","The Mystic","The Poker Player","The Runesmith","The Servant 0.9.4","TheWitcher","Youmu（魂魄妖梦）","Yuyuko","noobMod","vexMod","【东方二次创作】八云紫mod","【功能Mod】聪明的最终Boss","【遗物卡牌】REMEMod"],"gold_per_floor":[113,113,133,143,223,255,255],"floor_reached":6,"playtime":311,"items_purged":[],"score":71,"play_id":"76691718-83ce-4141-ba6e-93b40921fe6e","local_time":"20201216203350","is_ascension_mode":false,"campfire_choices":[],"circlet_count":0,"master_deck":["alterego_mod:Strike","alterego_mod:Strike","alterego_mod:Strike","alterego_mod:Strike","alterego_mod:Defend","alterego_mod:Defend","alterego_mod:Defend","alterego_mod:Defend","alterego_mod:Impale","alterego_mod:BigMeatyClaws","alterego_mod:BrynhildrsRune","MostiFishMod:FrostNova","MostiFishMod:WinterMarkForm","MostiFishMod:FantasySummer","alterego_mod:PurpleHair","alterego_mod:IndependentAction","alterego_mod:Support"],"relics":["alterego_mod:MasochisticConstitution","testmod-TestBox","ice","DaveBox","REME_ComplimentaryCards","FrostBlade","testmod-AssaultLearning","Question Card"],"acts_visited":["Exordium"],"potions_floor_usage":[],"damage_taken":[{"damage":0.0,"enemies":"2 Louse","floor":1.0,"turns":2.0},{"damage":0.0,"enemies":"Cultist","floor":3.0,"turns":4.0},{"damage":6.0,"enemies":"Jaw Worm","floor":4.0,"turns":2.0},{"damage":0,"enemies":"Gremlin Nob","floor":6,"turns":3}],"seed_played":"-1533209096930214806","potions_obtained":[{"floor":6,"key":"LifebloodPotion"}],"is_trial":false,"path_per_floor":["M","?","M","M","?","E"],"character_chosen":"The_Alterego","items_purchased":[],"campfire_rested":0,"item_purchase_floors":[],"current_hp_per_floor":[77,77,77,72,72,72,72],"gold":255,"neow_bonus":"TEN_PERCENT_HP_BONUS","is_daily":false,"chose_seed":false,"campfire_upgraded":0,"win_rate":0.0,"timestamp":1608122030,"path_taken":["M","?","M","?","?","E"],"items_purchased_type":[],"build_version":"2020-12-13","purchased_purges":0,"victory":false,"max_hp_per_floor":[77,77,77,78,78,78,78],"relic_stats":{"counters":[4,11],"Question Card":3,"obtain_stats":[{"FrostBlade":0,"alterego_mod:MasochisticConstitution":0,"testmod-TestBox":0,"DaveBox":0,"testmod-AssaultLearning":0,"ice":0,"Question Card":1,"REME_ComplimentaryCards":0},{"FrostBlade":0,"alterego_mod:MasochisticConstitution":0,"testmod-TestBox":0,"DaveBox":0,"testmod-AssaultLearning":0,"ice":0,"Question Card":1,"REME_ComplimentaryCards":0},{"FrostBlade":0,"alterego_mod:MasochisticConstitution":0,"testmod-TestBox":0,"DaveBox":0,"testmod-AssaultLearning":0,"ice":0,"Question Card":2,"REME_ComplimentaryCards":0}]},"card_choices":[{"not_picked":["alterego_mod:Undulate","alterego_mod:Skirt"],"picked":"alterego_mod:PurpleHair","floor":1.0},{"not_picked":["alterego_mod:Jiggle","alterego_mod:Clones","alterego_mod:DustData"],"picked":"alterego_mod:IndependentAction","floor":3.0},{"not_picked":["alterego_mod:BeGentle","alterego_mod:Cooking","alterego_mod:BreastValley"],"picked":"alterego_mod:Support","floor":4.0}],"player_experience":249073,"relics_obtained":[{"floor":1.0,"key":"Question Card"}],"event_choices":[{"damage_healed":0.0,"max_hp_gain":0.0,"max_hp_loss":0.0,"gold_gain":0.0,"event_name":"NoteForYourself","player_choice":"Ignored","floor":2.0,"gold_loss":0.0,"damage_taken":0.0}],"is_beta":false,"boss_relics":[],"items_purged_floors":[],"is_endless":false,"potions_floor_spawned":[6],"killed_by":"Gremlin Nob","ascension_level":0}}