{"host":"4pmzrw6j7p9u06vv","time":1608085445,"event":{"mods":["BaseMod","BetterRewards","Downfall","MarisaÅiñ∂âJÅ@ñÇóùçπÅj","Minty Spire (QoL Compilation)","Replay The Spire","StSLib","The Disciple","The Jungle"],"gold_per_floor":[111,111,121,131,141,216,226,226,296,296,296,315,325,21,21,125,125,141,66,66,16,16,16,26,45,45,60,60,77,77,77,77],"floor_reached":31,"playtime":11200,"items_purged":["Strike_B","Strike_B"],"score":229,"play_id":"523169eb-daf4-4162-aaef-1bcfe90e0799","local_time":"20201215232405","is_ascension_mode":false,"campfire_choices":[{"data":"UltimateShortwave","floor":8,"key":"SMITH"},{"floor":10,"key":"REST"},{"floor":15,"key":"REST"},{"data":"Beam Cell","floor":23,"key":"SMITH"},{"floor":28,"key":"REST"}],"circlet_count":0,"master_deck":["Strike_B+1","Strike_B+1","Defend_B","Defend_B","Defend_B","Dualcast","UpSweep","UltimateShortwave+1","Sweeping Beam","Beam Cell+1","Gash"],"relics":["Cracked Core","Mango","Gremlin Horn","Membership Card","Anchor","Black Star","HornCleat"],"acts_visited":["Exordium","TheCity"],"potions_floor_usage":[16,18,18,27,29,31],"damage_taken":[{"damage":7.0,"enemies":"2 Louse","floor":1.0,"turns":2.0},{"damage":0.0,"enemies":"Cultist","floor":3.0,"turns":3.0},{"damage":2.0,"enemies":"Small Slimes","floor":4.0,"turns":3.0},{"damage":9,"enemies":"Blue Slaver","floor":5,"turns":3},{"damage":14,"enemies":"Large Slime","floor":7,"turns":5},{"damage":1,"enemies":"Exordium Wildlife","floor":12,"turns":2},{"damage":6,"enemies":"Red Slaver","floor":13,"turns":3},{"damage":42,"enemies":"Slime Boss","floor":16,"turns":11},{"damage":6,"enemies":"Spheric Guardian","floor":18,"turns":5},{"damage":5,"enemies":"2 Thieves","floor":24,"turns":4},{"damage":31,"enemies":"Snake Plant","floor":25,"turns":5},{"damage":27,"enemies":"Centurion and Healer","floor":27,"turns":9},{"damage":13,"enemies":"3 Cultists","floor":29,"turns":6},{"damage":27,"enemies":"Snake Plant","floor":31,"turns":4}],"seed_played":"-1746080825367582087","potions_obtained":[{"floor":1.0,"key":"Weak Potion"},{"floor":7,"key":"Adrenaline Potion"},{"floor":13,"key":"Toxic Potion"},{"floor":16,"key":"LifebloodPotion"},{"floor":27,"key":"PowerPotion"},{"floor":29,"key":"Regen Potion"}],"is_trial":false,"path_per_floor":["M","?","M","M","M","?","M","R","T","R","?","M","M","$","R","B",null,"M","?","?","$","$","R","M","M","T","M","R","M","?","M"],"character_chosen":"DEFECT","items_purchased":["Membership Card","Anchor"],"campfire_rested":3,"item_purchase_floors":[14,14],"current_hp_per_floor":[82,82,82,80,71,60,46,46,46,72,54,53,47,47,73,31,89,83,83,67,67,67,67,62,31,31,4,30,17,17,0,0],"gold":77,"neow_bonus":"ONE_RARE_RELIC","is_daily":false,"chose_seed":false,"campfire_upgraded":2,"win_rate":0.0,"timestamp":1608085445,"path_taken":["M","?","M","?","M","?","M","R","T","R","?","M","M","$","R","BOSS","M","?","?","?","$","R","M","M","T","?","R","?","?","M"],"items_purchased_type":["Relic","Relic"],"build_version":"2020-12-13","purchased_purges":2,"victory":false,"max_hp_per_floor":[89,89,89,89,89,89,89,89,89,89,89,89,89,89,89,89,89,89,89,89,89,89,89,89,89,89,89,89,89,89,89,89],"card_choices":[{"not_picked":["ReplaySolidLightProjector","Streamline","Barrage"],"picked":"SKIP","floor":1.0},{"not_picked":["Skim","ReplayTheSpireMod:Reroute Power"],"picked":"Sweeping Beam","floor":3.0},{"not_picked":["Go for the Eyes","ReplaySolidLightProjector"],"picked":"Beam Cell","floor":4},{"not_picked":["Steam Power","Steam"],"picked":"Gash","floor":5},{"not_picked":["Conserve Battery","Sweeping Beam","ReplayTheSpireMod:Omega Cannon"],"picked":"SKIP","floor":7},{"not_picked":["Streamline","Cold Snap","Genetic Algorithm"],"picked":"SKIP","floor":12},{"not_picked":["Crystallizer","Beam Cell","Conserve Battery"],"picked":"SKIP","floor":13},{"not_picked":["Hello World","Leap","Panic Button+1"],"picked":"SKIP","floor":18},{"not_picked":["Leap","Melter","Redo"],"picked":"SKIP","floor":24},{"not_picked":["ReplaySolidLightProjector","Compile Driver","Scrape"],"picked":"SKIP","floor":25},{"not_picked":["ReplayTheSpireMod:Reroute Power","Stack+1","Go for the Eyes"],"picked":"SKIP","floor":27},{"not_picked":["ReplayTheSpireMod:Repulse+1","Melter","Barrage"],"picked":"SKIP","floor":29}],"player_experience":15376,"relics_obtained":[{"floor":9,"key":"Gremlin Horn"},{"floor":26,"key":"HornCleat"}],"event_choices":[{"cards_removed":["Zap"],"damage_healed":0.0,"max_hp_gain":0.0,"max_hp_loss":0.0,"gold_gain":0.0,"event_name":"NoteForYourself","player_choice":"Took Card","floor":2.0,"gold_loss":0.0,"damage_taken":0.0,"cards_obtained":["UltimateShortwave"]},{"damage_healed":0,"gold_gain":75,"player_choice":"Gather Gold","damage_taken":11,"max_hp_gain":0,"max_hp_loss":0,"event_name":"World of Goop","floor":6,"gold_loss":0},{"damage_healed":0,"gold_gain":0,"player_choice":"Entered Light","damage_taken":18,"max_hp_gain":0,"max_hp_loss":0,"event_name":"Shining Light","floor":11,"gold_loss":0,"cards_upgraded":["Strike_B","Strike_B"]},{"cards_removed":["Strike_B"],"damage_healed":0,"gold_gain":0,"player_choice":"Gave Gold","damage_taken":0,"max_hp_gain":0,"max_hp_loss":0,"event_name":"Beggar","floor":19,"gold_loss":75},{"damage_healed":0,"gold_gain":0,"player_choice":"Obtained Book","damage_taken":16,"max_hp_gain":0,"max_hp_loss":0,"event_name":"Cursed Tome","floor":20,"gold_loss":0},{"cards_removed":["Defend_B"],"damage_healed":0,"gold_gain":0,"player_choice":"Elegance","damage_taken":0,"max_hp_gain":0,"max_hp_loss":0,"event_name":"Back to Basics","floor":30,"gold_loss":0}],"is_beta":false,"boss_relics":[{"not_picked":["Replay:Grab Bag","Coffee Dripper"],"picked":"Black Star"}],"items_purged_floors":[14,21],"is_endless":false,"potions_floor_spawned":[1,7,13,16,27,29],"killed_by":"Snake Plant","ascension_level":0}}