{"host":"lctcqud4f9t1q6q5","time":1608124294,"event":{"mods":["BaseMod","Better Vampires","Block Reminder","Colored Map","Colored Powertips","Downfall","Highlight Path","KinomotoSakuraMod(木之本樱)","Lobotomy","LobotomyExtend","Marisa（F雨　魔理沙）","Minty Spire (QoL Compilation)","Quick Restart","Reimu（博丽灵梦）","Relic Stats","Replay The Spire","RumiaBox-露米娅的神秘盒子","Shop Mod","Spicy Shops","StSLib","TestMod","The Bug Knight","Thieving Mod","WarShipGirlsR/战舰少女R mod","vexMod","【功能Mod】混沌之环修复补丁","篝火指南"],"gold_per_floor":[111,111,111,131,406,432,452,151,176,76,86,102,62,62,62],"floor_reached":14,"playtime":739,"items_purged":["Regret","DreamingCurrent"],"score":132,"play_id":"7663c24b-c1a4-44fb-8596-8cb569296e19","local_time":"20201216211134","is_ascension_mode":true,"campfire_choices":[],"circlet_count":0,"master_deck":["Strike_P","Strike_P","Strike_P","Defend_P","Defend_P","Defend_P","Eruption","Vigilance+1","ForeignInfluence","Steam","DeusExMachina","Worship","Prostrate","DespairKnight"],"relics":["PureWater","testmod-TestBox","CogitoBucket","LetterFromLob","MerchantsRug","Strange Spoon","Oddly Smooth Stone","AdjustmentMirror","PaintedHorse:ReiMu"],"acts_visited":["Exordium"],"potions_floor_usage":[],"damage_taken":[{"damage":1.0,"enemies":"2 Louse","floor":1.0,"turns":2.0},{"damage":6.0,"enemies":"Small Slimes","floor":4.0,"turns":3.0},{"damage":7.0,"enemies":"Lagavulin","floor":6.0,"turns":3.0},{"damage":9.0,"enemies":"Cultist","floor":7.0,"turns":4.0},{"damage":0.0,"enemies":"2 Fungi Beasts","floor":11.0,"turns":4.0},{"damage":3.0,"enemies":"Looter","floor":12.0,"turns":6.0},{"damage":66,"enemies":"3 Sentries","floor":14,"turns":10}],"seed_played":"5191785854874181226","potions_obtained":[{"floor":4.0,"key":"Adrenaline Potion"},{"floor":7.0,"key":"BlessingOfTheForge"},{"floor":11.0,"key":"BlessingOfTheForge"}],"is_trial":false,"path_per_floor":["M","?","?","M","?","E","M","R","T","R","M","M","?","E"],"character_chosen":"WATCHER","items_purchased":["MerchantsRug","Strange Spoon"],"campfire_rested":0,"item_purchase_floors":[8,8],"current_hp_per_floor":[71,71,71,72,72,65,68,68,68,68,68,65,65,0,0],"gold":62,"neow_bonus":"","is_daily":false,"chose_seed":false,"campfire_upgraded":0,"win_rate":0.0,"timestamp":1608124294,"path_taken":["M","?","?","M","?","E","M","R","T","R","?","M","?","E"],"items_purchased_type":["Relic","Relic"],"build_version":"2020-12-13","purchased_purges":2,"victory":false,"max_hp_per_floor":[72,72,72,72,72,72,72,72,72,72,72,72,72,72,72],"relic_stats":{"Strange Spoon":[9],"counters":[8,33],"obtain_stats":[{"MerchantsRug":8,"Strange Spoon":8,"CogitoBucket":0,"testmod-TestBox":0,"PaintedHorse:ReiMu":13,"Oddly Smooth Stone":9,"LetterFromLob":1,"PureWater":0,"AdjustmentMirror":12,"Boot":6},{"MerchantsRug":4,"Strange Spoon":4,"CogitoBucket":0,"testmod-TestBox":0,"PaintedHorse:ReiMu":7,"Oddly Smooth Stone":4,"LetterFromLob":1,"PureWater":0,"AdjustmentMirror":7,"Boot":3},{"MerchantsRug":12,"Strange Spoon":12,"CogitoBucket":0,"testmod-TestBox":0,"PaintedHorse:ReiMu":23,"Oddly Smooth Stone":12,"LetterFromLob":2,"PureWater":0,"AdjustmentMirror":23,"Boot":8}]},"card_choices":[{"not_picked":["CherryBlossoms","CrumblingArmor"],"picked":"DreamingCurrent","floor":1.0},{"not_picked":["EmptyFist","FollowUp","Replay:AtTheReady"],"picked":"SKIP","floor":1.0},{"not_picked":["EmptyFist","FollowUp","Replay:AtTheReady"],"picked":"SKIP","floor":1.0},{"not_picked":["SandsOfTime","FlurryOfBlows"],"picked":"DeusExMachina","floor":4.0},{"not_picked":["Replay:ManipulateFuture","ClearTheMind"],"picked":"Worship","floor":6.0},{"not_picked":["DeceiveReality","Evaluate"],"picked":"Prostrate","floor":7.0},{"not_picked":["JustLucky","Wireheading","BowlingBash"],"picked":"SKIP","floor":11.0},{"not_picked":["BeautyBeast","Bloodbath"],"picked":"DespairKnight","floor":12.0},{"not_picked":["EmptyFist","BowlingBash","Fasting2"],"picked":"SKIP","floor":12.0},{"not_picked":["EmptyFist","BowlingBash","Fasting2"],"picked":"SKIP","floor":12.0}],"player_experience":338187,"relics_obtained":[{"floor":1.0,"key":"LetterFromLob"},{"floor":6.0,"key":"Boot"},{"floor":9.0,"key":"Oddly Smooth Stone"}],"event_choices":[{"damage_healed":0.0,"max_hp_gain":0.0,"max_hp_loss":0.0,"gold_gain":275.0,"event_name":"Golden Shrine","player_choice":"Desecrate","floor":5.0,"gold_loss":0.0,"damage_taken":0.0,"cards_obtained":["Regret"]},{"damage_healed":0.0,"max_hp_gain":0.0,"max_hp_loss":0.0,"gold_gain":0.0,"event_name":"yidonshenshe","player_choice":"塞钱","floor":13.0,"gold_loss":40.0,"damage_taken":0.0,"relics_obtained":["PaintedHorse:ReiMu"]}],"is_beta":false,"boss_relics":[],"items_purged_floors":[8,10],"is_endless":false,"potions_floor_spawned":[4,7,11],"killed_by":"3 Sentries","ascension_level":3}}