{"host":"iptgt7xajlx4idp5","time":1608083597,"event":{"mods":["BaseMod","Bestiary","Colored Map","Minty Spire (QoL Compilation)","Rare Cards Sparkle","Slay-I"],"gold_per_floor":[210,210,224,60,60,60,72,103,103,103,122,122,149,149,149,252,252,267,182,196,121,135,164,164,177,203,215,75,90,106,119,119,119,119],"floor_reached":33,"playtime":3071,"items_purged":["Strike_R"],"score":277,"play_id":"c7225590-8725-4686-9f89-489c804c70a9","local_time":"20201215185317","is_ascension_mode":false,"campfire_choices":[{"data":"Spot Weakness","floor":6,"key":"SMITH"},{"data":"Cleave","floor":10,"key":"SMITH"},{"data":"Bash","floor":12,"key":"SMITH"},{"data":"Defend_R","floor":15,"key":"SMITH"},{"floor":24,"key":"REST"},{"data":"Flex","floor":27,"key":"SMITH"},{"floor":32,"key":"REST"}],"circlet_count":0,"master_deck":["Strike_R","Strike_R","Defend_R","Defend_R","Defend_R+1","Defend_R+1","Bash+1","Spot Weakness+1","Apotheosis+1","Cleave+1","Bludgeon+1","Reaper+1","Flex+1","Disarm+1","Heavy Blade+1","Rage+1"],"relics":["Burning Blood","Letter Opener","Bag of Marbles","InkBottle","Molten Egg 2","Empty Cage","Bag of Preparation","War Paint","MawBank","Lantern"],"acts_visited":["Exordium","TheCity"],"potions_floor_usage":[8,13,20,20,22,29,31],"damage_taken":[{"damage":1,"enemies":"Cultist","floor":1,"turns":4},{"damage":0,"enemies":"Small Slimes","floor":3,"turns":4},{"damage":0,"enemies":"2 Louse","floor":7,"turns":3},{"damage":10,"enemies":"Gremlin Nob","floor":8,"turns":3},{"damage":12,"enemies":"Large Slime","floor":11,"turns":5},{"damage":10,"enemies":"3 Sentries","floor":13,"turns":5},{"damage":52,"enemies":"The Guardian","floor":16,"turns":7},{"damage":12,"enemies":"2 Thieves","floor":18,"turns":4},{"damage":5,"enemies":"3 Byrds","floor":20,"turns":2},{"damage":21,"enemies":"Snake Plant","floor":22,"turns":4},{"damage":42,"enemies":"Slavers","floor":23,"turns":7},{"damage":22,"enemies":"Centurion and Healer","floor":25,"turns":5},{"damage":15,"enemies":"Chosen and Byrds","floor":29,"turns":3},{"damage":33,"enemies":"Snake Plant","floor":30,"turns":5},{"damage":1,"enemies":"3 Cultists","floor":31,"turns":5},{"damage":79,"enemies":"Champ","floor":33,"turns":8}],"seed_played":"8619069220705425524","potions_obtained":[{"floor":7,"key":"PowerPotion"},{"floor":8,"key":"SteroidPotion"},{"floor":13,"key":"Weak Potion"},{"floor":18,"key":"SkillPotion"},{"floor":20,"key":"DuplicationPotion"},{"floor":25,"key":"SteroidPotion"},{"floor":30,"key":"BlessingOfTheForge"}],"is_trial":false,"path_per_floor":["M","?","M","$","?","R","M","E","T","R","M","R","E","?","R","B",null,"M","?","M","$","M","E","R","M","T","R","$","M","M","M","R","B"],"character_chosen":"IRONCLAD","items_purchased":["Apotheosis","Lantern"],"campfire_rested":2,"item_purchase_floors":[4,28],"current_hp_per_floor":[80,68,74,74,74,74,80,76,76,76,70,70,66,66,66,20,80,74,74,80,80,65,47,71,64,64,64,64,55,28,38,62,0,0],"gold":119,"neow_bonus":"HUNDRED_GOLD","is_daily":false,"chose_seed":false,"campfire_upgraded":5,"win_rate":0.0,"timestamp":1608083597,"path_taken":["M","?","M","$","?","R","M","E","T","R","M","R","E","?","R","BOSS","M","?","M","?","M","E","R","M","T","R","$","M","?","?","R","BOSS"],"items_purchased_type":["Card","Relic"],"build_version":"2020-12-13","purchased_purges":1,"victory":false,"max_hp_per_floor":[80,80,80,80,80,80,80,80,80,80,80,80,80,80,80,80,80,80,80,80,80,80,80,80,80,80,80,80,80,80,80,80,80,80],"card_choices":[{"not_picked":["Iron Wave","Warcry"],"picked":"Spot Weakness","floor":1},{"not_picked":["Evolve","Armaments","Havoc"],"picked":"SKIP","floor":3},{"not_picked":["Carnage","Sword Boomerang","Second Wind"],"picked":"SKIP","floor":7},{"not_picked":["Combust","Evolve"],"picked":"Cleave","floor":8},{"not_picked":["Havoc","Rupture","Perfected Strike"],"picked":"SKIP","floor":11},{"not_picked":["Rage","Pummel+1"],"picked":"Bludgeon+1","floor":13},{"not_picked":["Bludgeon+1","Exhume"],"picked":"Reaper+1","floor":16},{"not_picked":["Armaments","Thunderclap+1","Perfected Strike+1"],"picked":"SKIP","floor":18},{"not_picked":["Second Wind","True Grit"],"picked":"Flex","floor":20},{"not_picked":["Battle Trance","Twin Strike+1"],"picked":"Disarm","floor":22},{"not_picked":["Shrug It Off+1","Demon Form"],"picked":"Heavy Blade+1","floor":23},{"not_picked":["Anger+1","Ghostly Armor","Shockwave+1"],"picked":"SKIP","floor":25},{"not_picked":["Heavy Blade+1","Sever Soul+1","Thunderclap+1"],"picked":"SKIP","floor":29},{"not_picked":["Searing Blow+1","True Grit"],"picked":"Rage+1","floor":30},{"not_picked":["Blood for Blood+1","Body Slam+1","Perfected Strike+1"],"picked":"SKIP","floor":31}],"player_experience":470459,"relics_obtained":[{"floor":8,"key":"Bag of Marbles"},{"floor":9,"key":"InkBottle"},{"floor":13,"key":"Molten Egg 2"},{"floor":23,"key":"War Paint"},{"floor":26,"key":"MawBank"}],"event_choices":[{"damage_healed":0,"gold_gain":0,"player_choice":"Success","damage_taken":12,"relics_obtained":["Letter Opener"],"max_hp_gain":0,"max_hp_loss":0,"event_name":"Scrap Ooze","floor":2,"gold_loss":0},{"damage_healed":0,"gold_gain":0,"player_choice":"Grow","damage_taken":0,"max_hp_gain":0,"max_hp_loss":0,"event_name":"Living Wall","floor":5,"gold_loss":0,"cards_upgraded":["Apotheosis"]},{"damage_healed":0,"gold_gain":0,"player_choice":"Ignored","damage_taken":0,"max_hp_gain":0,"max_hp_loss":0,"event_name":"Liars Game","floor":14,"gold_loss":0},{"damage_healed":0,"gold_gain":0,"player_choice":"Obtained Relic","damage_taken":0,"relics_obtained":["Bag of Preparation"],"max_hp_gain":0,"max_hp_loss":0,"event_name":"Addict","floor":19,"gold_loss":85}],"is_beta":false,"boss_relics":[{"not_picked":["Runic Cube","Tiny House"],"picked":"Empty Cage"}],"items_purged_floors":[21],"is_endless":false,"potions_floor_spawned":[7,8,13,18,20,25,30],"killed_by":"Champ","ascension_level":0}}