{"host":"6xsbn6ynqlzwllfm","time":1608094310,"event":{"mods":["2.2 Compatiblity","BaseMod","Bestiary","Colored Map","Colored Powertips","Downfall","Googly Eyes","Highlight Path","Minty Spire (QoL Compilation)","Relic Stats","Slay the Relics Exporter","StSLib"],"gold_per_floor":[114,114,38,49,66,66,100,100,153,153,153,165,183,193,193,292,292,310,325,97,109,109,109,437,437,492,492,591,591,611,174,174,174,174],"floor_reached":33,"playtime":1548,"items_purged":["Guardian:Strike_Guardian","Guardian:Defend_Guardian"],"score":409,"play_id":"2bc933a9-2d96-4af3-9708-f29397cc3ab3","local_time":"20201215235150","is_ascension_mode":true,"campfire_choices":[{"floor":8,"key":"REST"},{"floor":23,"key":"REST"},{"floor":25,"key":"REST"},{"data":"Guardian:EvasiveProtocol","floor":29,"key":"SMITH"},{"data":"Guardian:EvasiveProtocol","floor":32,"key":"SMITH"}],"circlet_count":0,"master_deck":["Guardian:Defend_Guardian","Guardian:Defend_Guardian","Guardian:Defend_Guardian","Guardian:CurlUp","Guardian:TwinSlam","Guardian:Reroute","Guardian:EvasiveProtocol+1","Guardian:Orbwalk","Guardian:PiercingHide","Guardian:MultiBeam","Guardian:ExploitGems","Guardian:RevengeProtocol","Guardian:VentSteam","Guardian:PolyBeam","Guardian:EvasiveProtocol+1","Guardian:TimeCapacitor","Bite","Bite","Bite","Bite","Bite","Guardian:TemporalStrike","Dramatic Entrance"],"relics":["Guardian:ModeShifter","Guardian:PickAxe","Bag of Marbles","Vajra","Omamori","Runic Pyramid","MutagenicStrength","Old Coin","Smiling Mask","Toxic Egg 2"],"acts_visited":["Exordium","TheCity"],"potions_floor_usage":[18,19,24,33,33],"damage_taken":[{"damage":8,"enemies":"Jaw Worm","floor":1,"turns":5},{"damage":0,"enemies":"Cultist","floor":4,"turns":3},{"damage":1,"enemies":"2 Louse","floor":5,"turns":4},{"damage":33,"enemies":"3 Sentries","floor":7,"turns":10},{"damage":12,"enemies":"Exordium Wildlife","floor":12,"turns":5},{"damage":3,"enemies":"3 Louse","floor":13,"turns":4},{"damage":1,"enemies":"Blue Slaver","floor":14,"turns":4},{"damage":3,"enemies":"The Guardian","floor":16,"turns":11},{"damage":11,"enemies":"2 Thieves","floor":18,"turns":5},{"damage":0,"enemies":"Chosen","floor":19,"turns":5},{"damage":23,"enemies":"Snake Plant","floor":21,"turns":7},{"damage":49,"enemies":"Gremlin Leader","floor":24,"turns":7},{"damage":15,"enemies":"3 Cultists","floor":30,"turns":7},{"damage":66,"enemies":"Automaton","floor":33,"turns":6}],"seed_played":"-1582834147632323418","potions_obtained":[{"floor":1,"key":"CultistPotion"},{"floor":12,"key":"AttackPotion"},{"floor":14,"key":"Block Potion"},{"floor":18,"key":"Explosive Potion"},{"floor":30,"key":"Strength Potion"}],"is_trial":false,"path_per_floor":["M","?","$","M","M","R","E","R","T","R","T","M","M","M","R","B",null,"M","M","$","M","?","R","E","R","T","?","?","R","M","$","R","B"],"character_chosen":"GUARDIAN","items_purchased":["Guardian:EvasiveProtocol","Guardian:PolyBeam","Guardian:EvasiveProtocol","Guardian:TemporalStrike","Toxic Egg 2","Dramatic Entrance"],"campfire_rested":3,"item_purchase_floors":[3,20,20,31,31,31],"current_hp_per_floor":[64,64,64,64,63,63,30,54,54,54,54,42,39,38,38,35,69,58,58,58,35,35,59,10,34,34,34,34,34,33,33,33,0,0],"gold":174,"neow_bonus":"RANDOM_COMMON_RELIC","is_daily":false,"chose_seed":false,"campfire_upgraded":2,"win_rate":0.0,"timestamp":1608094310,"path_taken":["M","?","?","M","M","R","E","R","T","R","?","?","M","M","R","BOSS","M","M","$","M","?","R","E","R","T","?","?","R","?","?","R","BOSS"],"items_purchased_type":["Card","Card","Card","Card","Relic","Card"],"build_version":"2020-12-13","purchased_purges":2,"victory":false,"max_hp_per_floor":[80,80,80,80,80,80,80,80,80,80,80,80,80,80,80,80,80,80,80,80,80,80,80,80,80,80,56,56,56,56,56,56,56,56],"relic_stats":{"counters":[14,83],"Smiling Mask":50,"obtain_stats":[{"Guardian:PickAxe":0,"MutagenicStrength":22,"Guardian:ModeShifter":0,"Vajra":9,"Bag of Marbles":7,"Omamori":11,"Toxic Egg 2":31,"Smiling Mask":26,"Runic Pyramid":17,"Old Coin":24},{"Guardian:PickAxe":0,"MutagenicStrength":11,"Guardian:ModeShifter":0,"Vajra":4,"Bag of Marbles":4,"Omamori":4,"Toxic Egg 2":13,"Smiling Mask":12,"Runic Pyramid":8,"Old Coin":12},{"Guardian:PickAxe":0,"MutagenicStrength":63,"Guardian:ModeShifter":0,"Vajra":22,"Bag of Marbles":22,"Omamori":22,"Toxic Egg 2":77,"Smiling Mask":70,"Runic Pyramid":46,"Old Coin":70}]},"card_choices":[{"not_picked":["Guardian:Repulse","Guardian:Gem_Green"],"picked":"Guardian:Reroute","floor":1},{"not_picked":["Guardian:Planning","Guardian:BronzeOrb"],"picked":"Guardian:Orbwalk","floor":4},{"not_picked":["Guardian:Harden","Guardian:ShieldCharger"],"picked":"Guardian:Gem_Purple","floor":5},{"not_picked":["Guardian:Gem_Cyan","Guardian:MultiBeam"],"picked":"Guardian:Gem_Green","floor":7},{"not_picked":["Guardian:GuardianWhirl","Guardian:TemporalShield"],"picked":"Guardian:PiercingHide","floor":12},{"not_picked":["Guardian:ArmoredProtocol","Guardian:CrystalBeam"],"picked":"Guardian:MultiBeam","floor":13},{"not_picked":["Guardian:DonusPower","Guardian:GuardianWhirl"],"picked":"Guardian:ExploitGems","floor":14},{"not_picked":["Guardian:GemFinder","Guardian:FastForward"],"picked":"Guardian:RevengeProtocol","floor":16},{"not_picked":["Guardian:ArmoredProtocol","Guardian:ShieldCharger"],"picked":"Guardian:VentSteam","floor":18},{"not_picked":["Guardian:DonusPower","Guardian:RollAttack","Guardian:CrystalBeam"],"picked":"SKIP","floor":19},{"not_picked":["Guardian:ChargeCore","Guardian:VentSteam"],"picked":"Guardian:TimeCapacitor","floor":21},{"not_picked":["Guardian:Gem_Red","Guardian:Reroute","Guardian:PiercingHide"],"picked":"SKIP","floor":24},{"not_picked":["Guardian:ArmoredProtocol","Guardian:Repulse+1","Guardian:MultiBeam"],"picked":"SKIP","floor":30}],"player_experience":1195256,"relics_obtained":[{"floor":7,"key":"Bag of Marbles"},{"floor":9,"key":"Vajra"},{"floor":11,"key":"Omamori"},{"floor":24,"key":"Old Coin"},{"floor":26,"key":"Smiling Mask"}],"event_choices":[{"damage_healed":0,"gold_gain":0,"player_choice":"Inject Mutagens","damage_taken":0,"relics_obtained":["MutagenicStrength"],"max_hp_gain":0,"max_hp_loss":0,"event_name":"Drug Dealer","floor":22,"gold_loss":0},{"damage_healed":0,"gold_gain":0,"player_choice":"Became a vampire","damage_taken":0,"max_hp_gain":0,"max_hp_loss":24,"event_name":"Vampires","floor":27,"gold_loss":0,"cards_obtained":["Bite","Bite","Bite","Bite","Bite"]},{"damage_healed":0,"gold_gain":99,"player_choice":"Stole From Cult","damage_taken":0,"max_hp_gain":0,"max_hp_loss":0,"event_name":"Nest","floor":28,"gold_loss":0}],"is_beta":false,"boss_relics":[{"not_picked":["Pandora\u0027s Box","Velvet Choker"],"picked":"Runic Pyramid"}],"items_purged_floors":[20,31],"is_endless":false,"potions_floor_spawned":[1,12,14,16,18,30],"killed_by":"Automaton","ascension_level":9}}