{"host":"mvz90ilxx8epviq1","time":1608085240,"event":{"mods":["2.2 Compatiblity","Act Like it!","BaseMod","Better Note","Better Third Choice","Better Vampires","Colored Map","Colored Powertips","Downfall","Gensokyo","Hallownest","Hermit","Hubris","Infinite Spire","Marisa????????","Minty Spire (QoL Compilation)","Replay The Spire","Shop Mod","Spicy Shops","StSLib","The Alterego","The Bug Knight","The Cursed","The Mystic","The Senshi","The Servant 0.9.4","The Wild Card","slay the spire mod where everything is the same but ironclad has a cowboy hat"],"gold_per_floor":[115,131,149,149,165,165,195,195,195,195,213,213,229,309,309,407,407,425,425,425,425,443,474,474,32,32,32,46,46,46],"floor_reached":29,"playtime":2506,"items_purged":["Shame"],"score":268,"play_id":"c5a8b264-8c93-4c76-9e32-6cb6f6f5b4b8","local_time":"20201215212040","is_ascension_mode":false,"campfire_choices":[{"data":"mysticmod:MagicWeapon","floor":6,"key":"SMITH"},{"data":"mysticmod:Fireball","floor":8,"key":"SMITH"},{"data":"mysticmod:ArcaneDodge","floor":15,"key":"SMITH"},{"data":"1","floor":24,"key":"LIFT"},{"data":"mysticmod:BladedDash","floor":27,"key":"SMITH"},{"data":"mysticmod:LightningBolt","floor":27,"key":"SMITH"}],"circlet_count":0,"master_deck":["mysticmod:Strike_Mystic","mysticmod:Strike_Mystic","mysticmod:Strike_Mystic","mysticmod:Strike_Mystic","mysticmod:Defend_Mystic+1","mysticmod:Defend_Mystic+1","mysticmod:Defend_Mystic","mysticmod:Defend_Mystic","mysticmod:ArcaneDodge+1","mysticmod:ShockingGrasp","mysticmod:MagicWeapon+1","mysticmod:ComboCaster+1","mysticmod:Fireball+1","mysticmod:FiveFootStep","mysticmod:Flourish","mysticmod:EbbAndFlow","mysticmod:GreaterInvisibility","mysticmod:GeminiForm","CurseOfTheBell","mysticmod:VorpalThrust+1","mysticmod:Feint+1","Gensokyo:FourOfAKind","Gensokyo:FourOfAKind","Gensokyo:FourOfAKind","Gensokyo:FourOfAKind","mysticmod:LightningBolt+1","mysticmod:BladedDash+1","mysticmod:CorrosiveTouch"],"relics":["mysticmod:SpellBook","Centennial Puzzle","Bottled Flame","Gensokyo:OccultBall","hubris:CrackedHourglass","Coffee Dripper","mysticmod:CrystalBall","Mummified Hand","Girya","MerchantsRug","hubris:HerbalPaste","Replay:Arrowhead","Lantern"],"acts_visited":["Exordium","Gensokyo:Gensokyo"],"potions_floor_usage":[7,16,16,23,29],"damage_taken":[{"damage":0,"enemies":"Gensokyo:2_Kodama","floor":1,"turns":2},{"damage":4,"enemies":"Gensokyo:Gryphon","floor":2,"turns":3},{"damage":0,"enemies":"Gensokyo:Python","floor":3,"turns":2},{"damage":12,"enemies":"Gensokyo:Kitsune","floor":5,"turns":4},{"damage":6,"enemies":"Gensokyo:Aya","floor":7,"turns":4},{"damage":0,"enemies":"Gensokyo:3_Kodama","floor":11,"turns":1},{"damage":6,"enemies":"Gensokyo:Gryphon_and_Rabbit","floor":13,"turns":4},{"damage":4,"enemies":"Gensokyo:Yukari","floor":16,"turns":9},{"damage":2,"enemies":"Gensokyo:CosmicMonolith","floor":18,"turns":2},{"damage":19,"enemies":"Gensokyo:3_Dogs","floor":22,"turns":4},{"damage":31,"enemies":"Gensokyo:Koishi","floor":23,"turns":4},{"damage":0,"enemies":"Gensokyo:Slime_Group","floor":28,"turns":1},{"damage":15,"enemies":"Nightmare","floor":29,"turns":2}],"seed_played":"7144947161263367515","potions_obtained":[{"floor":1,"key":"EssenceOfSteel"},{"floor":2,"key":"Weak Potion"},{"floor":13,"key":"mysticmod:EssenceOfMagic"},{"floor":16,"key":"Fire Potion"},{"floor":28,"key":"SkillPotion"}],"is_trial":false,"path_per_floor":["M","M","M","?","M","R","E","R","T","?","M","?","M","?","R","B",null,"M","?","?","?","M","E","R","$","T","R","M","NM"],"character_chosen":"MYSTIC_CLASS","items_purchased":["MerchantsRug","hubris:HerbalPaste","Replay:Arrowhead","Lantern"],"campfire_rested":0,"item_purchase_floors":[25,25,25,25],"current_hp_per_floor":[77,73,73,73,61,61,55,55,55,55,55,55,49,49,49,45,77,75,75,54,54,35,4,4,4,4,4,4,0,0],"gold":46,"neow_bonus":"ONE_RANDOM_RARE_CARD","is_daily":false,"chose_seed":false,"campfire_upgraded":5,"win_rate":0.0,"timestamp":1608085240,"path_taken":["M","M","?","?","M","R","E","R","T","?","?","?","M","?","R","BOSS","M","?","?","?","M","E","R","$","T","R","?","NM"],"items_purchased_type":["Relic","Relic","Relic","Relic"],"build_version":"2020-12-13","purchased_purges":1,"victory":false,"max_hp_per_floor":[77,77,77,77,77,77,77,77,77,77,77,77,77,77,77,77,77,77,77,54,54,54,54,54,54,54,54,54,54,54],"card_choices":[{"not_picked":["mysticmod:Snowball","mysticmod:HeavyStrike"],"picked":"mysticmod:MagicWeapon","floor":1},{"not_picked":["mysticmod:PowerSlash","mysticmod:IllusionOfCalm"],"picked":"mysticmod:ComboCaster","floor":2},{"not_picked":["mysticmod:Sideswipe","mysticmod:Shield"],"picked":"mysticmod:Fireball","floor":3},{"not_picked":["mysticmod:BulkUp","mysticmod:Probe"],"picked":"mysticmod:FiveFootStep","floor":5},{"not_picked":["mysticmod:MagicMissile","mysticmod:PureInstinct"],"picked":"mysticmod:Flourish","floor":7},{"not_picked":["mysticmod:SpellCombat","mysticmod:TomeOfSpells"],"picked":"mysticmod:EbbAndFlow","floor":11},{"not_picked":["mysticmod:Fly","mysticmod:HeavyStrike"],"picked":"mysticmod:GreaterInvisibility","floor":13},{"not_picked":["mysticmod:Momentum","mysticmod:GreaterInvisibility"],"picked":"mysticmod:GeminiForm","floor":16},{"not_picked":["mysticmod:FiveFootStep+1","mysticmod:PowerAttack+1"],"picked":"mysticmod:VorpalThrust+1","floor":18},{"not_picked":["mysticmod:CorrosiveTouch","mysticmod:GeminiForm"],"picked":"mysticmod:LightningBolt","floor":22},{"not_picked":["mysticmod:Fireball","mysticmod:ComponentsPouch"],"picked":"mysticmod:BladedDash","floor":23},{"not_picked":["mysticmod:EbbAndFlow","mysticmod:SpellCombat"],"picked":"mysticmod:CorrosiveTouch","floor":28}],"player_experience":377429,"relics_obtained":[{"floor":7,"key":"Centennial Puzzle"},{"floor":9,"key":"Bottled Flame"},{"floor":16,"key":"Gensokyo:OccultBall"},{"floor":17,"key":"Mummified Hand"},{"floor":17,"key":"Pet Ghost"},{"floor":17,"key":"Girya"},{"floor":23,"key":"infinitespire:Eraser"}],"event_choices":[],"is_beta":false,"boss_relics":[{"not_picked":["infinitespire:Cupcake","Tiny House"],"picked":"Replay:Grab Bag"},{"not_picked":["hubris:RunicObelisk","Velvet Choker"],"picked":"hubris:CrackedHourglass"},{"not_picked":["Philosopher\u0027s Stone","ReplayTheSpireMod:DimensionalGlitch"],"picked":"Coffee Dripper"},{"not_picked":["mysticmod:BlessedBook","hubris:Stopwatch"],"picked":"mysticmod:CrystalBall"},{"not_picked":["ReplayTheSpireMod:SealedPack","hubris:Backtick"],"picked":"Calling Bell"}],"items_purged_floors":[25],"is_endless":false,"potions_floor_spawned":[1,2,13,16,28],"killed_by":"Nightmare","ascension_level":0}}