{"host":"ilxricga2547gmyy","time":1608161171,"event":{"mods":["AchievementEnabler","BaseMod","Minty Spire (QoL Compilation)","Quick Restart","Replay The Spire","StSLib"],"gold_per_floor":[115,190,190,26,42,42,72,72,120,137,148,148,148],"floor_reached":12,"playtime":309,"items_purged":[],"score":144,"play_id":"37f7e941-1c4c-4847-8648-41fd2c8a500c","local_time":"20201217002611","is_ascension_mode":true,"campfire_choices":[{"data":"Crow Ritual","floor":6,"key":"SMITH"},{"data":"Evolve","floor":8,"key":"SMITH"}],"circlet_count":0,"master_deck":["Strike_R","Strike_R","Strike_R","Strike_R","Strike_R","Defend_R","Defend_R","Defend_R","Defend_R","Bash+1","Crow Ritual+1","Evolve+1","Brutality","True Grit"],"relics":["Burning Blood","NeowsBlessing","Letter Opener","Strawberry"],"acts_visited":["Exordium"],"potions_floor_usage":[12,12,12],"damage_taken":[{"damage":0,"enemies":"Small Slimes","floor":1,"turns":2},{"damage":0,"enemies":"Jaw Worm","floor":5,"turns":1},{"damage":0,"enemies":"3 Sentries","floor":7,"turns":2},{"damage":1,"enemies":"Cultist","floor":10,"turns":3},{"damage":2,"enemies":"Large Slime","floor":11,"turns":4},{"damage":130,"enemies":"Gremlin Nob","floor":12,"turns":7}],"seed_played":"-2762378934313801441","potions_obtained":[{"floor":1,"key":"Languid Potion"},{"floor":10,"key":"Swift Potion"},{"floor":11,"key":"SkillPotion"}],"is_trial":false,"path_per_floor":["M","?","?","$","M","R","E","R","T","M","M","E"],"character_chosen":"IRONCLAD","items_purchased":["Crow Ritual"],"campfire_rested":0,"item_purchase_floors":[4],"current_hp_per_floor":[78,67,67,67,73,73,79,79,86,87,87,0,0],"gold":148,"neow_bonus":"THREE_ENEMY_KILL","is_daily":false,"chose_seed":false,"campfire_upgraded":2,"win_rate":0.0,"timestamp":1608161171,"path_taken":["M","?","?","$","M","R","E","R","T","M","M","E"],"items_purchased_type":["Card"],"build_version":"2020-12-13","purchased_purges":0,"victory":false,"max_hp_per_floor":[80,80,80,80,80,80,80,80,87,87,87,87,87],"card_choices":[{"not_picked":["Dark Embrace","Anger","Feel No Pain"],"picked":"SKIP","floor":1},{"not_picked":["Iron Wave","Run Through"],"picked":"Evolve","floor":5},{"not_picked":["Defy Death","ReplayTheSpireMod:Muscle Training","Anger"],"picked":"SKIP","floor":7},{"not_picked":["Metallicize","Body Slam"],"picked":"Brutality","floor":10},{"not_picked":["Perfected Strike","Havoc"],"picked":"True Grit","floor":11}],"player_experience":232161,"relics_obtained":[{"floor":7,"key":"Letter Opener"},{"floor":9,"key":"Strawberry"}],"event_choices":[{"damage_healed":0,"gold_gain":75,"player_choice":"Gather Gold","damage_taken":11,"max_hp_gain":0,"max_hp_loss":0,"event_name":"World of Goop","floor":2,"gold_loss":0},{"damage_healed":0,"gold_gain":0,"player_choice":"Grow","damage_taken":0,"max_hp_gain":0,"max_hp_loss":0,"event_name":"Living Wall","floor":3,"gold_loss":0,"cards_upgraded":["Bash"]}],"is_beta":false,"boss_relics":[],"items_purged_floors":[],"is_endless":false,"potions_floor_spawned":[1,10,11],"killed_by":"Gremlin Nob","ascension_level":8}}