{"host":"3l94tha3a4jgu0q4","time":1608146185,"event":{"mods":["2.2 Compatiblity","AchievementEnabler","BaseMod","Colored Map","Colored Powertips","Highlight Path","Minty Spire (QoL Compilation)","Permanent Neow","StSLib","SuperFastMode"],"gold_per_floor":[163,238,250,269,2,35,35,35,114,128,128,148,179,195,195,292,292,305,325,325,325],"floor_reached":20,"playtime":408,"items_purged":["Strike_P"],"score":327,"play_id":"302a7977-9211-498f-8ac4-0ddf0b89de47","local_time":"20201216111625","is_ascension_mode":true,"campfire_choices":[{"data":"Eruption","floor":7,"key":"SMITH"},{"data":"MentalFortress","floor":11,"key":"SMITH"},{"floor":15,"key":"REST"}],"circlet_count":0,"master_deck":["AscendersBane","Strike_P","Strike_P+1","Defend_P","Defend_P","Defend_P","Eruption+1","Vigilance","FlurryOfBlows","Prostrate","Adaptation","FearNoEvil","MentalFortress+1","EmptyFist","Meditate","Pray","FlurryOfBlows","Wallop","Crescendo","Brilliance","TalkToTheHand","MentalFortress"],"relics":["Tiny House","Vajra","NlothsMask","Unceasing Top","Empty Cage"],"acts_visited":["Exordium","TheCity"],"potions_floor_usage":[6,13,13,18,20,20],"damage_taken":[{"damage":3,"enemies":"2 Louse","floor":1,"turns":4},{"damage":2,"enemies":"Cultist","floor":3,"turns":3},{"damage":4,"enemies":"Jaw Worm","floor":4,"turns":2},{"damage":11,"enemies":"Lagavulin","floor":6,"turns":9},{"damage":5,"enemies":"3 Louse","floor":10,"turns":3},{"damage":12,"enemies":"Exordium Thugs","floor":12,"turns":4},{"damage":0,"enemies":"Gremlin Nob","floor":13,"turns":2},{"damage":6,"enemies":"Looter","floor":14,"turns":3},{"damage":26,"enemies":"Slime Boss","floor":16,"turns":9},{"damage":25,"enemies":"Shell Parasite","floor":18,"turns":5},{"damage":5,"enemies":"Chosen","floor":19,"turns":3},{"damage":38,"enemies":"Snecko","floor":20,"turns":4}],"seed_played":"-1068825795635336858","potions_obtained":[{"floor":0,"key":"SmokeBomb"},{"floor":4,"key":"Block Potion"},{"floor":10,"key":"Fire Potion"},{"floor":12,"key":"Strength Potion"},{"floor":13,"key":"AttackPotion"},{"floor":14,"key":"Weak Potion"},{"floor":18,"key":"SkillPotion"}],"is_trial":false,"path_per_floor":["M","?","M","M","$","E","R","?","T","M","R","M","E","M","R","B",null,"M","M","M"],"character_chosen":"WATCHER","items_purchased":["MentalFortress","EmptyFist","Meditate"],"campfire_rested":1,"item_purchase_floors":[5,5,5],"current_hp_per_floor":[67,56,54,50,50,39,39,39,39,34,34,22,22,16,39,13,61,36,31,0,0],"gold":325,"neow_bonus":"BOSS_RELIC","is_daily":false,"chose_seed":false,"campfire_upgraded":2,"win_rate":0.0,"timestamp":1608146185,"path_taken":["M","?","M","M","$","E","R","?","T","?","R","M","E","M","R","BOSS","M","?","M"],"items_purchased_type":["Card","Card","Card"],"build_version":"2020-12-13","purchased_purges":1,"victory":false,"max_hp_per_floor":[77,77,77,77,77,77,77,77,77,77,77,77,77,77,77,77,77,77,77,77,77],"card_choices":[{"not_picked":["ReachHeaven","Evaluate"],"picked":"FlurryOfBlows","floor":0},{"not_picked":["PathToVictory","Protect"],"picked":"Prostrate","floor":1},{"not_picked":["ReachHeaven","Fasting2"],"picked":"Adaptation","floor":3},{"not_picked":["EmptyBody","Vengeance"],"picked":"FearNoEvil","floor":4},{"not_picked":["FlyingSleeves","EmptyMind"],"picked":"Pray","floor":6},{"not_picked":["CrushJoints","FlyingSleeves"],"picked":"FlurryOfBlows","floor":10},{"not_picked":["Halt","JustLucky"],"picked":"Wallop","floor":12},{"not_picked":["FlyingSleeves","BowlingBash","PathToVictory"],"picked":"SKIP","floor":13},{"not_picked":["FlyingSleeves","DeusExMachina"],"picked":"Crescendo","floor":14},{"not_picked":["ConjureBlade","Wish"],"picked":"Brilliance","floor":16},{"not_picked":["CrushJoints","EmptyFist"],"picked":"TalkToTheHand","floor":18},{"not_picked":["Crescendo","WaveOfTheHand"],"picked":"MentalFortress","floor":19}],"player_experience":1865243,"relics_obtained":[{"floor":6,"key":"Vajra"},{"floor":13,"key":"Unceasing Top"}],"event_choices":[{"damage_healed":0,"gold_gain":75,"player_choice":"Gather Gold","damage_taken":11,"max_hp_gain":0,"max_hp_loss":0,"event_name":"World of Goop","floor":2,"gold_loss":0},{"damage_healed":0,"gold_gain":0,"player_choice":"Trade","damage_taken":0,"relics_obtained":["NlothsMask"],"max_hp_gain":0,"max_hp_loss":0,"event_name":"FaceTrader","floor":8,"gold_loss":0}],"is_beta":false,"boss_relics":[{"not_picked":["Pandora\u0027s Box","SacredBark"],"picked":"Empty Cage"}],"items_purged_floors":[5],"is_endless":false,"potions_floor_spawned":[4,10,12,13,14,18],"killed_by":"Snecko","ascension_level":11}}