{"host":"05vhm55ztg7fyvhd","time":1608123362,"event":{"mods":["BaseMod","Downfall","Googly Eyes","Hubris","Minty Spire (QoL Compilation)","Replay The Spire","Shop Mod","StSLib"],"gold_per_floor":[99,129,129,129,54,97,97,133,176,101,101,17,62,62,104,104,104],"floor_reached":16,"playtime":901,"items_purged":["Regret"],"score":115,"play_id":"86f0f99b-5a3d-49a7-907e-01b8f0b32ccb","local_time":"20201216135602","is_ascension_mode":false,"campfire_choices":[{"floor":3,"key":"RECALL"},{"data":"HandOfGreed","floor":5,"key":"SMITH"},{"data":"champ:StrikeOfGenius","floor":10,"key":"SMITH"}],"circlet_count":0,"master_deck":["champ:Strike","champ:Strike","champ:Strike","champ:Strike+1","champ:Defend+1","champ:Defend","champ:Defend+1","champ:Defend","champ:Execute","champ:Taunt","HandOfGreed+1","champ:FocusedGladiator","champ:FanOfKnives","champ:StrikeOfGenius+1","champ:TornadoPunch","champ:GutPunch","Replay:Hysterical Blindness","champ:PerfectedStrike","champ:SkillfulDodge"],"relics":["champ:ChampionCrown","downfall:HeartBlessingRed","downfall:HeartBlessingBlue","ReplayTheSpireMod:CursedCoin","MerchantsRug"],"acts_visited":["Exordium"],"potions_floor_usage":[16,16,16],"damage_taken":[{"damage":2,"enemies":"2 Louse","floor":2,"turns":3},{"damage":0,"enemies":"Jaw Worm","floor":6,"turns":2},{"damage":0,"enemies":"Small Slimes","floor":8,"turns":3},{"damage":14,"enemies":"downfall:FleeingMerchant","floor":12,"turns":4},{"damage":33,"enemies":"Gremlin Gang","floor":13,"turns":3},{"damage":12,"enemies":"Blue Slaver","floor":15,"turns":2},{"damage":49,"enemies":"downfall:Defect","floor":16,"turns":4}],"seed_played":"-1117724014296229533","potions_obtained":[{"floor":2,"key":"sneckomod:MuddlingPotion"},{"floor":4,"key":"CultistPotion"},{"floor":4,"key":"champ:CounterPotion"},{"floor":4,"key":"SteroidPotion"},{"floor":8,"key":"Regen Potion"}],"is_trial":false,"path_per_floor":["R","M","R","?","R","M","T","M","?","R","?","$","M","?","M","B"],"character_chosen":"THE_CHAMP","items_purchased":["ReplayTheSpireMod:CursedCoin","MerchantsRug"],"campfire_rested":0,"item_purchase_floors":[12,12],"current_hp_per_floor":[63,61,61,61,61,61,61,61,61,71,81,70,40,45,33,0,0],"gold":104,"neow_bonus":"RANDOM_COLORLESS_2","is_daily":false,"chose_seed":false,"campfire_upgraded":2,"win_rate":0.0,"timestamp":1608123362,"path_taken":["R","M","R","?","R","M","T","?","?","R","?","?","M","?","M","BOSS"],"items_purchased_type":["Relic","Relic"],"build_version":"2020-12-13","purchased_purges":1,"victory":false,"max_hp_per_floor":[90,90,90,90,90,90,90,90,90,100,110,110,110,115,115,115,115],"card_choices":[{"not_picked":["Secret Weapon","Chrysalis"],"picked":"HandOfGreed","floor":0},{"not_picked":["champ:Circumvent","champ:AdrenalArmor"],"picked":"champ:FocusedGladiator","floor":2},{"not_picked":["champ:GutPunch","champ:Duel"],"picked":"champ:FanOfKnives","floor":6},{"not_picked":["champ:Backstep","champ:GladiatorsShout"],"picked":"champ:StrikeOfGenius","floor":8},{"not_picked":["champ:SkillfulDodge","champ:FanOfKnives"],"picked":"champ:TornadoPunch","floor":9},{"not_picked":["champ:EndlessRage","champ:FaceSlap"],"picked":"champ:GutPunch","floor":12},{"not_picked":["champ:FanOfKnives","champ:TornadoPunch"],"picked":"champ:PerfectedStrike","floor":13},{"not_picked":["champ:Control","champ:PreciseThrust"],"picked":"champ:SkillfulDodge","floor":15}],"player_experience":429704,"relics_obtained":[],"event_choices":[{"damage_healed":0,"gold_gain":0,"player_choice":"Got Potions","damage_taken":0,"max_hp_gain":0,"max_hp_loss":0,"event_name":"Lab","floor":4,"gold_loss":0},{"damage_healed":0,"gold_gain":0,"player_choice":"Donut","damage_taken":0,"max_hp_gain":5,"max_hp_loss":0,"event_name":"Big Fish","floor":14,"gold_loss":0}],"is_beta":false,"boss_relics":[],"items_purged_floors":[12],"is_endless":false,"potions_floor_spawned":[2,8],"killed_by":"downfall:Defect","ascension_level":0}}