{"host":"k8gerrcpv9xe1nxe","time":1608093616,"event":{"mods":["2.2 Compatiblity","AchievementEnabler","BaseMod","Bestiary","Minty Spire (QoL Compilation)","Relic Stats","StSLib"],"gold_per_floor":[111,124,143,154,168,196,196,225,225,234,254,179,203,237,237,351,351,371,397,146,165,165,201,201,228,228,103,126,166,166,175,175,175,175],"floor_reached":33,"playtime":1559,"items_purged":["Strike_R","Strike_R","Strike_R"],"score":452,"play_id":"24399556-b0be-4cf6-a7a2-c1eda9886ee3","local_time":"20201215234016","is_ascension_mode":true,"campfire_choices":[{"floor":7,"key":"REST"},{"data":"1","floor":15,"key":"LIFT"},{"data":"Whirlwind","floor":24,"key":"SMITH"},{"floor":30,"key":"REST"},{"data":"2","floor":32,"key":"LIFT"}],"circlet_count":0,"master_deck":["Strike_R","Defend_R+1","Defend_R","Defend_R+1","Defend_R","Bash","Inflame","Whirlwind+1","Disarm","Feed","Feed","Power Through","Flame Barrier","Immolate","Demon Form","Shrug It Off+1","Uppercut","Burning Pact+1","True Grit+1","Shockwave","Pommel Strike+1","Disarm"],"relics":["Burning Blood","NeowsBlessing","Regal Pillow","CeramicFish","Pantograph","Girya","Velvet Choker","War Paint","Letter Opener","MealTicket","Mummified Hand"],"acts_visited":["Exordium","TheCity"],"potions_floor_usage":[5,6,13,14,16,21,23,33,33],"damage_taken":[{"damage":0,"enemies":"Cultist","floor":1,"turns":1},{"damage":0,"enemies":"Small Slimes","floor":2,"turns":1},{"damage":0,"enemies":"2 Louse","floor":3,"turns":1},{"damage":14,"enemies":"Blue Slaver","floor":4,"turns":5},{"damage":18,"enemies":"Exordium Thugs","floor":5,"turns":6},{"damage":52,"enemies":"3 Sentries","floor":6,"turns":10},{"damage":31,"enemies":"Lagavulin","floor":8,"turns":7},{"damage":23,"enemies":"Lots of Slimes","floor":11,"turns":4},{"damage":15,"enemies":"3 Louse","floor":13,"turns":6},{"damage":5,"enemies":"3 Sentries","floor":14,"turns":7},{"damage":53,"enemies":"Slime Boss","floor":16,"turns":18},{"damage":8,"enemies":"Chosen","floor":18,"turns":4},{"damage":0,"enemies":"3 Byrds","floor":19,"turns":5},{"damage":16,"enemies":"Shelled Parasite and Fungi","floor":21,"turns":12},{"damage":36,"enemies":"Book of Stabbing","floor":23,"turns":7},{"damage":7,"enemies":"Snecko","floor":25,"turns":5},{"damage":16,"enemies":"Snake Plant","floor":28,"turns":5},{"damage":47,"enemies":"Slavers","floor":29,"turns":8},{"damage":137,"enemies":"Automaton","floor":33,"turns":12}],"seed_played":"-6825827672774149084","potions_obtained":[{"floor":1,"key":"Dexterity Potion"},{"floor":2,"key":"Explosive Potion"},{"floor":8,"key":"SkillPotion"},{"floor":11,"key":"Strength Potion"},{"floor":14,"key":"Fire Potion"},{"floor":18,"key":"Strength Potion"},{"floor":19,"key":"AttackPotion"},{"floor":22,"key":"EssenceOfSteel"},{"floor":22,"key":"Explosive Potion"},{"floor":23,"key":"SmokeBomb"}],"is_trial":false,"path_per_floor":["M","M","M","M","M","E","R","E","T","?","M","$","M","E","R","B",null,"M","M","$","M","?","E","R","M","T","$","M","E","R","?","R","B"],"character_chosen":"IRONCLAD","items_purchased":["War Paint"],"campfire_rested":2,"item_purchase_floors":[20],"current_hp_per_floor":[78,80,80,72,60,17,56,34,34,34,23,23,20,27,27,11,85,86,98,98,91,91,61,61,63,63,78,71,33,87,87,87,0,0],"gold":175,"neow_bonus":"THREE_ENEMY_KILL","is_daily":false,"chose_seed":false,"campfire_upgraded":1,"win_rate":0.0,"timestamp":1608093616,"path_taken":["M","M","M","M","M","E","R","E","T","?","?","$","M","E","R","BOSS","M","M","$","M","?","E","R","M","T","$","?","E","R","?","R","BOSS"],"items_purchased_type":["Relic"],"build_version":"2020-12-13","purchased_purges":3,"victory":false,"max_hp_per_floor":[80,80,80,80,80,83,83,86,86,86,92,92,98,104,104,110,110,113,119,119,122,122,122,122,125,125,125,128,131,131,131,131,131,131],"relic_stats":{"Regal Pillow":30,"counters":[19,124],"Mummified Hand":[2],"CeramicFish":108,"Pantograph":50,"MealTicket":15,"Letter Opener":[45],"War Paint":["Defend_R","Defend_R"],"obtain_stats":[{"Girya":14,"Regal Pillow":6,"NeowsBlessing":0,"Mummified Hand":29,"CeramicFish":8,"Pantograph":9,"Velvet Choker":17,"MealTicket":26,"Letter Opener":23,"War Paint":20,"Burning Blood":0},{"Girya":10,"Regal Pillow":6,"NeowsBlessing":0,"Mummified Hand":18,"CeramicFish":7,"Pantograph":7,"Velvet Choker":11,"MealTicket":16,"Letter Opener":15,"War Paint":13,"Burning Blood":0},{"Girya":48,"Regal Pillow":24,"NeowsBlessing":0,"Mummified Hand":112,"CeramicFish":31,"Pantograph":31,"Velvet Choker":66,"MealTicket":99,"Letter Opener":94,"War Paint":75,"Burning Blood":0}],"Burning Blood":98},"card_choices":[{"not_picked":["Entrench","True Grit","Iron Wave"],"picked":"SKIP","floor":1},{"not_picked":["Iron Wave","Twin Strike"],"picked":"Inflame","floor":2},{"not_picked":["Iron Wave","Heavy Blade"],"picked":"Whirlwind","floor":3},{"not_picked":["Iron Wave","Seeing Red"],"picked":"Disarm","floor":4},{"not_picked":["Shrug It Off","Pommel Strike"],"picked":"Feed","floor":5},{"not_picked":["Havoc","Flame Barrier","Entrench"],"picked":"SKIP","floor":6},{"not_picked":["Armaments","Disarm","Intimidate"],"picked":"SKIP","floor":8},{"not_picked":["Disarm","Metallicize"],"picked":"Power Through","floor":11},{"not_picked":["Body Slam","Burning Pact"],"picked":"Flame Barrier","floor":13},{"not_picked":["Entrench","Flame Barrier"],"picked":"Immolate","floor":14},{"not_picked":["Berserk","Fiend Fire"],"picked":"Demon Form","floor":16},{"not_picked":["Perfected Strike+1","Flex"],"picked":"Shrug It Off+1","floor":18},{"not_picked":["Cleave","Thunderclap"],"picked":"Uppercut","floor":19},{"not_picked":["Iron Wave","Twin Strike","Bloodletting"],"picked":"SKIP","floor":21},{"not_picked":["Rupture","Clothesline+1"],"picked":"Burning Pact+1","floor":23},{"not_picked":["Whirlwind","Headbutt"],"picked":"True Grit+1","floor":25},{"not_picked":["Warcry","Thunderclap"],"picked":"Shockwave","floor":28},{"not_picked":["Exhume","Body Slam"],"picked":"Pommel Strike+1","floor":29}],"player_experience":81809,"relics_obtained":[{"floor":6,"key":"Regal Pillow"},{"floor":8,"key":"CeramicFish"},{"floor":9,"key":"Pantograph"},{"floor":14,"key":"Girya"},{"floor":23,"key":"Letter Opener"},{"floor":26,"key":"MealTicket"},{"floor":29,"key":"Mummified Hand"}],"event_choices":[{"damage_healed":0,"gold_gain":0,"cards_transformed":["Strike_R"],"player_choice":"Transformed","damage_taken":0,"max_hp_gain":0,"max_hp_loss":0,"event_name":"Transmorgrifier","floor":10,"gold_loss":0,"cards_obtained":["Feed"]},{"damage_healed":0,"gold_gain":0,"player_choice":"Got Potions","damage_taken":0,"max_hp_gain":0,"max_hp_loss":0,"event_name":"Lab","floor":22,"gold_loss":0},{"damage_healed":0,"gold_gain":0,"player_choice":"Read","damage_taken":0,"max_hp_gain":0,"max_hp_loss":0,"event_name":"The Library","floor":31,"gold_loss":0,"cards_obtained":["Disarm"]}],"is_beta":false,"boss_relics":[{"not_picked":["Coffee Dripper","Tiny House"],"picked":"Velvet Choker"}],"items_purged_floors":[12,20,27],"is_endless":false,"potions_floor_spawned":[1,2,8,11,14,18,19,23,29],"killed_by":"Automaton","ascension_level":6}}