{"host":"aukiz5jlacd3g5yc","time":1608087517,"event":{"mods":["2.2 Compatiblity","BaseMod","Bestiary","Colored Map","Colored Powertips","Downfall","GifTheSpireLib","Highlight Path","Hubris","Infinite Spire","Marisa????????","Minty Spire (QoL Compilation)","Permanent Neow","Quick Restart","Random Character Button","Rare Cards Sparkle","Relic Sorter","Relic Stats","Replay The Spire","StSLib","Unknown Chances","everything is the same but u backflip on backflip","slay the spire mod where everything is the same but ironclad has a cowboy hat"],"gold_per_floor":[0,11,41,56,56,76,76,76,90,122,132,162,162,173,191,290,290,290,310,310,235,264,277,277,291,322,54,71,71,71,82,101,205,205,130,140,152,152,179,192,217,217,217,217,123,135,151,166,178,178],"floor_reached":51,"playtime":3037,"items_purged":["ReplayTheSpireMod:Splinters"],"score":860,"play_id":"106ce110-34ac-4961-b201-1c3306e0946f","local_time":"20201215205837","is_ascension_mode":false,"campfire_choices":[{"data":"champ:SwordThrow","floor":1,"key":"SMITH"},{"data":"champ:Lariat","floor":5,"key":"SMITH"},{"data":"champ:Taunt","floor":8,"key":"SMITH"},{"floor":18,"key":"RECALL"},{"data":"champ:BerserkersShout","floor":21,"key":"SMITH"},{"data":"1","floor":35,"key":"LIFT"},{"data":"2","floor":44,"key":"LIFT"}],"circlet_count":0,"master_deck":["champ:Strike","champ:Strike","champ:Strike","champ:Defend","champ:Defend","champ:Defend","champ:Defend","champ:Execute","champ:Taunt+1","champ:SwordThrow+1","champ:Lariat+1","champ:Encircle","champ:Encircle","champ:Shatter","champ:BerserkersShout+1","champ:Shatter","champ:AdrenalArmor","champ:Control+1","champ:BerserkersShout","champ:BerserkerStyle","champ:StanceDance","champ:HoldFirm","champ:AdrenalArmor","champ:RecklessLeap","champ:FanOfKnives+1","champ:FanOfKnives+1","champ:FocusedBerserking","champ:FightOn","expansioncontent:PolyBeam","champ:EndlessRage","Parasite","champ:LastStand","champ:AdrenalArmor","champ:AdrenalArmor"],"relics":["champ:ChampionCrown","infinitespire:Golems Mask","hubris:Potato","Replay:Wax Seal","infinitespire:Magic Flask","downfall:ShatteredFragment","champ:ChampionCrownUpgraded","downfall:HeartBlessingRed","Ornamental Fan","ReplayTheSpireMod:Shallot","Bottled Flame","Iron Hammer","Girya","Coffee Dripper","hubris:ScarierMask","downfall:HeartBlessingGreen","hubris:FunFungus","ReplayFunnel","Strawberry","hubris:Towel","hubris:CrystalStatue"],"acts_visited":["Exordium","TheCity","TheBeyond"],"potions_floor_usage":[16,16,16,22,33,33,50,50,50],"damage_taken":[{"damage":5,"enemies":"Cultist","floor":2,"turns":3},{"damage":54,"enemies":"3 Sentries","floor":3,"turns":10},{"damage":12,"enemies":"2 Louse","floor":4,"turns":2},{"damage":5,"enemies":"Small Slimes","floor":6,"turns":4},{"damage":8,"enemies":"3 Louse","floor":9,"turns":2},{"damage":4,"enemies":"Replay:BlueRogue","floor":10,"turns":4},{"damage":4,"enemies":"Blue Slaver","floor":11,"turns":2},{"damage":9,"enemies":"Lots of Slimes","floor":14,"turns":3},{"damage":0,"enemies":"Exordium Wildlife","floor":15,"turns":2},{"damage":10,"enemies":"downfall:Ironclad","floor":16,"turns":3},{"damage":0,"enemies":"Spheric Guardian","floor":19,"turns":2},{"damage":62,"enemies":"Slavers","floor":22,"turns":5},{"damage":0,"enemies":"3 Cultists","floor":23,"turns":3},{"damage":0,"enemies":"Centurion and Healer","floor":25,"turns":2},{"damage":0,"enemies":"Gremlin Leader","floor":26,"turns":3},{"damage":0,"enemies":"downfall:FleeingMerchant","floor":27,"turns":4},{"damage":0,"enemies":"Snecko","floor":28,"turns":3},{"damage":2,"enemies":"Snake Plant","floor":31,"turns":2},{"damage":0,"enemies":"Cultist and Chosen","floor":32,"turns":3},{"damage":9,"enemies":"downfall:Silent","floor":33,"turns":4},{"damage":0,"enemies":"3 Darklings","floor":36,"turns":1},{"damage":8,"enemies":"Orb Walker","floor":37,"turns":1},{"damage":0,"enemies":"Reptomancer","floor":39,"turns":3},{"damage":31,"enemies":"Maw","floor":40,"turns":5},{"damage":5,"enemies":"downfall:FleeingMerchant","floor":45,"turns":4},{"damage":0,"enemies":"3 Darklings","floor":46,"turns":2},{"damage":8,"enemies":"Writhing Mass","floor":47,"turns":4},{"damage":0,"enemies":"Sphere and 2 Shapes","floor":48,"turns":2},{"damage":0,"enemies":"4 Shapes","floor":49,"turns":2},{"damage":0,"enemies":"downfall:Defect","floor":50,"turns":5}],"seed_played":"8708539883232537753","potions_obtained":[{"floor":4,"key":"Ancient Potion"},{"floor":6,"key":"Fire Potion"},{"floor":14,"key":"SteroidPotion"},{"floor":16,"key":"Weak Potion"},{"floor":22,"key":"EssenceOfSteel"},{"floor":25,"key":"Elixir"},{"floor":26,"key":"Strength Potion"},{"floor":40,"key":"Strength Potion"},{"floor":46,"key":"Adrenaline Potion"}],"is_trial":false,"path_per_floor":["R","M","E","M","R","M","T","R","M","E","M","?","?","M","M","B",null,"R","M","?","R","E","M","T","M","E","$","M","?","AVR","M","M","B",null,"R","M","M","AVR","E","M","T","?","?","R","$","M","M","M","M","B",null],"character_chosen":"THE_CHAMP","items_purchased":["Iron Hammer","champ:EndlessRage","hubris:CrystalStatue"],"campfire_rested":0,"item_purchase_floors":[27,45,45],"current_hp_per_floor":[90,90,50,47,47,44,44,44,38,47,52,52,25,32,39,53,90,90,90,90,90,47,73,73,90,90,90,90,90,90,90,90,90,90,90,90,90,90,90,90,97,97,97,97,97,97,97,97,97,102],"gold":178,"neow_bonus":"THREE_RARE_CARDS","is_daily":false,"chose_seed":false,"campfire_upgraded":4,"win_rate":0.0,"timestamp":1608087517,"path_taken":["R","M","E","M","R","?","T","R","?","E","M","?","?","M","M","BOSS","R","M","?","R","E","M","T","?","E","$","M","?","AVR","M","M","BOSS","R","M","?","AVR","E","M","T","?","?","R","$","M","?","M","M","BOSS"],"items_purchased_type":["Relic","Card","Relic"],"build_version":"2020-12-13","purchased_purges":1,"victory":true,"max_hp_per_floor":[90,90,90,90,90,90,90,90,90,90,90,90,90,90,90,90,90,90,90,90,90,90,90,90,90,90,90,90,90,90,90,90,90,90,90,90,90,90,90,90,97,97,97,97,97,97,97,97,97,102],"relic_stats":{"counters":[30,95],"Ornamental Fan":[160],"obtain_stats":[{"ReplayFunnel":39,"Girya":30,"downfall:ShatteredFragment":13,"hubris:CrystalStatue":45,"downfall:HeartBlessingRed":21,"champ:ChampionCrown":0,"downfall:HeartBlessingGreen":35,"champ:ChampionCrownUpgraded":17,"infinitespire:Magic Flask":12,"hubris:Towel":42,"Bottled Flame":26,"ReplayTheSpireMod:Shallot":24,"Ornamental Fan":22,"Strawberry":41,"hubris:ScarierMask":34,"infinitespire:Golems Mask":3,"Iron Hammer":27,"hubris:FunFungus":38,"Coffee Dripper":30,"Replay:Wax Seal":10,"hubris:Potato":7},{"ReplayFunnel":23,"Girya":17,"downfall:ShatteredFragment":7,"hubris:CrystalStatue":25,"downfall:HeartBlessingRed":11,"champ:ChampionCrown":0,"downfall:HeartBlessingGreen":20,"champ:ChampionCrownUpgraded":10,"infinitespire:Magic Flask":7,"hubris:Towel":24,"Bottled Flame":15,"ReplayTheSpireMod:Shallot":13,"Ornamental Fan":12,"Strawberry":24,"hubris:ScarierMask":20,"infinitespire:Golems Mask":2,"Iron Hammer":16,"hubris:FunFungus":22,"Coffee Dripper":17,"Replay:Wax Seal":6,"hubris:Potato":4},{"ReplayFunnel":71,"Girya":57,"downfall:ShatteredFragment":27,"hubris:CrystalStatue":80,"downfall:HeartBlessingRed":37,"champ:ChampionCrown":0,"downfall:HeartBlessingGreen":66,"champ:ChampionCrownUpgraded":35,"infinitespire:Magic Flask":27,"hubris:Towel":76,"Bottled Flame":50,"ReplayTheSpireMod:Shallot":45,"Ornamental Fan":42,"Strawberry":76,"hubris:ScarierMask":66,"infinitespire:Golems Mask":13,"Iron Hammer":54,"hubris:FunFungus":68,"Coffee Dripper":57,"Replay:Wax Seal":25,"hubris:Potato":19}]},"card_choices":[{"not_picked":["champ:StrikeOfGenius","champ:HeavySlash"],"picked":"champ:SwordThrow","floor":0},{"not_picked":["champ:ShieldWall","champ:Haymaker"],"picked":"champ:Lariat","floor":2},{"not_picked":["champ:FocusedGladiator","champ:DefensiveShout"],"picked":"champ:Encircle","floor":3},{"not_picked":["champ:Circumvent","champ:FlashCut","champ:HeartStrike"],"picked":"SKIP","floor":4},{"not_picked":["champ:Haymaker","champ:RapidStrikes"],"picked":"champ:Encircle","floor":6},{"not_picked":["champ:BladeFlurry","champ:Backstep","champ:Haymaker"],"picked":"SKIP","floor":9},{"not_picked":["champ:FalseCounter","champ:GladiatorStyle"],"picked":"champ:Shatter","floor":10},{"not_picked":["champ:PerfectedStrike","champ:PreciseThrust"],"picked":"champ:BerserkersShout","floor":11},{"not_picked":["champ:SkillfulDodge","champ:FocusedGladiator"],"picked":"champ:Shatter","floor":12},{"not_picked":["champ:GladiatorsShout","champ:CrownThrow"],"picked":"champ:AdrenalArmor","floor":14},{"not_picked":["champ:Backstep","champ:GladiatorStyle"],"picked":"champ:Control","floor":15},{"not_picked":["champ:PerfectedStrike","champ:DefensiveShout","champ:RisingSlash"],"picked":"SKIP","floor":19},{"not_picked":["champ:ViciousMockery","champ:Encircle"],"picked":"champ:BerserkersShout","floor":22},{"not_picked":["champ:AdrenalArmor+1","champ:TornadoPunch"],"picked":"champ:BerserkerStyle","floor":23},{"not_picked":["champ:FalseCounter","champ:BladeFlurry"],"picked":"champ:StanceDance","floor":25},{"not_picked":["champ:FightOn","champ:HeartStrike+1"],"picked":"champ:HoldFirm","floor":26},{"not_picked":["champ:StanceDance","champ:Duel"],"picked":"champ:AdrenalArmor","floor":27},{"not_picked":["champ:DefensiveShout+1","champ:SkillfulDodge"],"picked":"champ:RecklessLeap","floor":28},{"not_picked":["champ:FlashCut","champ:IronFortress+1"],"picked":"champ:FanOfKnives+1","floor":31},{"not_picked":["champ:Circumvent","champ:StrikeOfGenius"],"picked":"champ:FanOfKnives+1","floor":32},{"not_picked":["champ:DefensiveStyle","champ:PerfectedStrike"],"picked":"champ:FocusedBerserking","floor":36},{"not_picked":["champ:DeathBlow","champ:GladiatorsShout","champ:FlashCut"],"picked":"SKIP","floor":37},{"not_picked":["champ:CheapShot","champ:Circumvent"],"picked":"champ:FightOn","floor":39},{"not_picked":["champ:Backstep","champ:TornadoPunch+1","champ:FanOfKnives"],"picked":"SKIP","floor":40},{"not_picked":["Replay:SS_forest_5","expansioncontent:CaCaw"],"picked":"expansioncontent:PolyBeam","floor":43},{"not_picked":["champ:FlashCut+1","champ:RisingSlash","champ:Backstep"],"picked":"SKIP","floor":45},{"not_picked":["champ:PerfectedStrike+1","champ:FlashCut+1"],"picked":"champ:FightOn","floor":46},{"not_picked":["champ:FlashCut","champ:StanceDance+1"],"picked":"champ:LastStand","floor":47},{"not_picked":["champ:FanOfKnives","champ:EnragedBash+1"],"picked":"champ:AdrenalArmor","floor":48},{"not_picked":["champ:Haymaker+1","champ:BladeFlurry+1"],"picked":"champ:AdrenalArmor","floor":49}],"player_experience":362808,"relics_obtained":[{"floor":3,"key":"infinitespire:Golems Mask"},{"floor":7,"key":"hubris:Potato"},{"floor":10,"key":"Replay:Wax Seal"},{"floor":12,"key":"infinitespire:Magic Flask"},{"floor":22,"key":"Ornamental Fan"},{"floor":24,"key":"ReplayTheSpireMod:Shallot"},{"floor":26,"key":"Bottled Flame"},{"floor":39,"key":"ReplayFunnel"},{"floor":41,"key":"Strawberry"}],"event_choices":[{"damage_healed":0,"gold_gain":0,"player_choice":"Upgraded","damage_taken":0,"max_hp_gain":0,"max_hp_loss":0,"event_name":"Upgrade Shrine","floor":20,"gold_loss":0,"cards_upgraded":["champ:Control"]},{"cards_removed":["champ:Strike"],"damage_healed":0,"gold_gain":0,"player_choice":"Offered Basic","damage_taken":0,"max_hp_gain":0,"max_hp_loss":0,"event_name":"Bonfire Elementals","floor":29,"gold_loss":0}],"is_beta":false,"boss_relics":[{"not_picked":["Astrolabe","infinitespire:Cupcake"],"picked":"champ:ChampionCrownUpgraded"},{"not_picked":["hubris:Stopwatch","ChewingGum"],"picked":"hubris:ScarierMask"}],"items_purged_floors":[45],"is_endless":false,"potions_floor_spawned":[4,6,14,15,16,22,25,26,28,32,40,46,47,48],"ascension_level":0}}