{"host":"25hwxgnshg5vqzox","time":1608150845,"event":{"mods":["BaseMod","Colored Map","Googly Eyes","Highlight Path","Minty Spire (QoL Compilation)","Replay The Spire","StSLib"],"gold_per_floor":[119,85,98,98,41,68,68,80,80,30,48,48,63,90,90,186,186,198,198,216,16,29,29,40,40,64,64,64,80,80,179,179,199,199,302,302,319,332,332,332,344,344,358,358,384,350,350,6,33,44,144,144],"floor_reached":53,"playtime":3511,"items_purged":[],"score":772,"play_id":"a3690212-5cdf-4950-8090-ad1018dae1ba","local_time":"20201216203405","is_ascension_mode":false,"campfire_choices":[{"data":"Loop","floor":7,"key":"SMITH"},{"data":"Loop","floor":12,"key":"SMITH"},{"data":"Zap","floor":15,"key":"SMITH"},{"data":"White Noise","floor":23,"key":"SMITH"},{"data":"Apotheosis","floor":25,"key":"SMITH"},{"data":"Loop","floor":30,"key":"SMITH"},{"floor":34,"key":"DIG"},{"floor":42,"key":"REST"},{"floor":44,"key":"REST"},{"data":"Buffer","floor":47,"key":"SMITH"}],"circlet_count":0,"master_deck":["Strike_B","Strike_B","Strike_B","Strike_B","Defend_B","Defend_B","Defend_B","Defend_B","Zap+1","Dualcast","Conserve Battery","Loop+1","Loop+1","Self Repair+1","Self Repair","Lockon","Leap","Ball Lightning","Multi-Cast+1","Ball Lightning","Electrodynamics+1","Stack","Doom and Gloom","Loop+1","Apotheosis+1","White Noise+1","Go for the Eyes","Force Field","Conserve Battery","Buffer+1","Injury","CurseOfTheBell","CommonCold","White Noise+1","Redo+1","Loop+1","Leap","Melter+1","BasicCrystalCard+1","Steam+1","Steam+1","ReplaySolidLightProjector+1","Storm","Conserve Battery+1","Self Repair","Reinforced Body","Tempest"],"relics":["Cracked Core","NeowsBlessing","ReplayTheSpireMod:TigerMarble","Divine Protection","Counterbalance","Replay:Towering Pillar of Hats","Honey Jar","Dream Catcher","Ancient Tea Set","Replay:Ancient Bell","Boot","Carrot","TungstenRod","Prayer Wheel","Juzu Bracelet","MealTicket","Guide Book","Bronze Scales","Oddly Smooth Stone"],"acts_visited":["Exordium","TheCity","TheBeyond"],"potions_floor_usage":[52,52,52,52],"damage_taken":[{"damage":0,"enemies":"Cultist","floor":1,"turns":1},{"damage":0,"enemies":"Jaw Worm","floor":3,"turns":1},{"damage":4,"enemies":"3 Sentries","floor":6,"turns":2},{"damage":4,"enemies":"2 Louse","floor":8,"turns":2},{"damage":6,"enemies":"Red Slaver","floor":11,"turns":3},{"damage":2,"enemies":"Looter","floor":13,"turns":4},{"damage":11,"enemies":"Lagavulin","floor":14,"turns":6},{"damage":21,"enemies":"Hexaghost","floor":16,"turns":9},{"damage":0,"enemies":"Chosen","floor":18,"turns":4},{"damage":1,"enemies":"Shell Parasite","floor":20,"turns":4},{"damage":0,"enemies":"Snecko","floor":22,"turns":4},{"damage":23,"enemies":"Sentry and Sphere","floor":24,"turns":4},{"damage":7,"enemies":"Centurion and Healer","floor":29,"turns":6},{"damage":16,"enemies":"3 Cultists","floor":33,"turns":4},{"damage":27,"enemies":"Automaton","floor":35,"turns":8},{"damage":0,"enemies":"Orb Walker","floor":37,"turns":3},{"damage":23,"enemies":"3 Darklings","floor":38,"turns":4},{"damage":50,"enemies":"Transient","floor":41,"turns":5},{"damage":0,"enemies":"Jaw Worm Horde","floor":43,"turns":3},{"damage":0,"enemies":"Giant Head","floor":49,"turns":9},{"damage":0,"enemies":"Spire Growth","floor":50,"turns":7},{"damage":69,"enemies":"Awakened One","floor":52,"turns":11}],"seed_played":"-6780062742150420287","potions_obtained":[{"floor":11,"key":"Ancient Potion"},{"floor":14,"key":"Fire Potion"},{"floor":16,"key":"Milkshake"},{"floor":20,"key":"Energy Potion"},{"floor":22,"key":"Venom Potion"},{"floor":35,"key":"Adrenaline Potion"},{"floor":37,"key":"Weak Potion"},{"floor":41,"key":"DistilledChaos"},{"floor":49,"key":"Block Potion"},{"floor":50,"key":"Fire Potion"}],"is_trial":false,"path_per_floor":["M","$","M","T","$","E","R","M","T","$","M","R","M","E","R","B",null,"M","?","M","$","M","R","M","R","T","PTL","PTL","M","R","?","?","M","R_BF","B",null,"M","M","T","?","M","R","M","R","T","$","R","$","E","M","R_BF","B",null],"character_chosen":"DEFECT","items_purchased":["Loop","Self Repair","Leap","Loop","Apotheosis","Conserve Battery+1","Guide Book","Bronze Scales","Self Repair"],"campfire_rested":2,"item_purchase_floors":[2,5,10,21,21,46,48,48,48],"current_hp_per_floor":[75,75,75,75,75,75,75,75,75,75,75,75,75,75,75,54,75,75,75,75,75,75,75,72,72,72,72,72,75,75,75,75,66,66,39,75,75,59,59,59,23,45,52,74,74,75,75,75,75,75,75,6],"gold":144,"neow_bonus":"THREE_ENEMY_KILL","is_daily":false,"chose_seed":false,"campfire_upgraded":7,"win_rate":0.0,"timestamp":1608150845,"path_taken":["M","$","M","?","?","E","R","M","T","$","?","R","M","E","R","BOSS","M","?","M","$","?","R","M","R","T","PTL","PTL","M","R","?","?","?","R_BF","BOSS","M","?","?","?","M","R","M","R","T","$","R","$","E","M","R_BF","BOSS"],"items_purchased_type":["Card","Card","Card","Card","Card","Card","Relic","Relic","Card"],"build_version":"2020-12-13","purchased_purges":0,"victory":true,"max_hp_per_floor":[75,75,75,75,75,75,75,75,75,75,75,75,75,75,75,75,75,75,75,75,75,75,75,75,75,75,75,75,75,75,75,75,75,75,75,75,75,75,75,75,75,75,75,75,75,75,75,75,75,75,75,75],"card_choices":[{"not_picked":["BootSequence","Sweeping Beam"],"picked":"Conserve Battery","floor":1},{"not_picked":["Hologram","Sweeping Beam"],"picked":"Loop","floor":3},{"not_picked":["Go for the Eyes","Beam Cell"],"picked":"Time Bomb","floor":6},{"not_picked":["Steam","Doom and Gloom"],"picked":"Lockon","floor":8},{"not_picked":["Panic Button","Static Discharge"],"picked":"Ball Lightning","floor":11},{"not_picked":["Ball Lightning","Cold Snap"],"picked":"Multi-Cast","floor":13},{"not_picked":["Panic Button","Coolheaded"],"picked":"Ball Lightning","floor":14},{"not_picked":["Reboot","ReplayTheSpireMod:Fabricate Wheel"],"picked":"Electrodynamics","floor":16},{"not_picked":["Panic Button","Conserve Battery","Lockon"],"picked":"Stack","floor":18},{"not_picked":["Cold Snap","Coolheaded+1","Conserve Battery"],"picked":"Doom and Gloom","floor":20},{"not_picked":["Coolheaded","Hello World","Beam Cell"],"picked":"White Noise","floor":22},{"not_picked":["Darkness","FTL","Ball Lightning+1"],"picked":"Go for the Eyes","floor":24},{"not_picked":["Reprogram","Ball Lightning","Hologram+1"],"picked":"Force Field","floor":29},{"not_picked":["Compile Driver","Coolheaded","Heatsinks"],"picked":"Conserve Battery","floor":33},{"not_picked":["Mirror Shield","Multi-Cast","Thunder Strike"],"picked":"Buffer","floor":35},{"not_picked":["Sickly","Parasite","AbeCurse"],"picked":"Injury","floor":36},{"not_picked":["Spreading Infection","Replay:Hysterical Blindness","Looming Evil"],"picked":"CurseOfTheBell","floor":36},{"not_picked":["Sickly","Overencumbered","Looming Evil"],"picked":"CommonCold","floor":36},{"not_picked":["Conserve Battery","BasicCrystalCard+1","Steam Power"],"picked":"White Noise+1","floor":37},{"not_picked":["Conserve Battery+1","Compile Driver+1","BasicCrystalCard"],"picked":"Redo+1","floor":37},{"not_picked":["Redo+1","Machine Learning","Sweeping Beam"],"picked":"Loop+1","floor":38},{"not_picked":["Sweeping Beam+1","Stack+1","Ball Lightning"],"picked":"Leap","floor":38},{"not_picked":["Rainbow","Beam Cell+1","Stack"],"picked":"Melter+1","floor":41},{"not_picked":["Ball Lightning+1","Beam Cell+1","Streamline"],"picked":"BasicCrystalCard+1","floor":41},{"not_picked":["ReplaySort+1","Cold Snap","Sweeping Beam"],"picked":"Steam+1","floor":42},{"not_picked":["White Noise","ReplayGash+1","BasicCrystalCard+1"],"picked":"Steam+1","floor":43},{"not_picked":["Hologram+1","Go for the Eyes+1","Heatsinks+1"],"picked":"ReplaySolidLightProjector+1","floor":43},{"not_picked":["Redo+1","ReplayTheSpireMod:Reroute Power+1","Gash"],"picked":"Storm","floor":44},{"not_picked":["Genetic Algorithm+1","Steam Power","Skim+1"],"picked":"Reinforced Body","floor":49},{"not_picked":["BasicCrystalCard+1","Lockon","Storm+1"],"picked":"Tempest","floor":50},{"not_picked":["Gash+1","Sweeping Beam","Hologram","White Noise"],"picked":"SKIP","floor":50}],"player_experience":6660,"relics_obtained":[{"floor":4,"key":"ReplayTheSpireMod:TigerMarble"},{"floor":6,"key":"Divine Protection"},{"floor":9,"key":"Counterbalance"},{"floor":14,"key":"Replay:Towering Pillar of Hats"},{"floor":26,"key":"Dream Catcher"},{"floor":34,"key":"Ancient Tea Set"},{"floor":39,"key":"Juzu Bracelet"},{"floor":45,"key":"MealTicket"},{"floor":49,"key":"Oddly Smooth Stone"}],"event_choices":[{"damage_healed":0,"gold_gain":0,"player_choice":"Upgraded","damage_taken":0,"max_hp_gain":0,"max_hp_loss":0,"event_name":"Upgrade Shrine","floor":19,"gold_loss":0,"cards_upgraded":["Electrodynamics"]},{"damage_healed":0,"gold_gain":99,"player_choice":"Stole From Cult","damage_taken":0,"max_hp_gain":0,"max_hp_loss":0,"event_name":"Nest","floor":31,"gold_loss":0},{"cards_removed":["Time Bomb"],"damage_healed":0,"gold_gain":0,"player_choice":"Offered Uncommon","damage_taken":0,"max_hp_gain":0,"max_hp_loss":0,"event_name":"Bonfire Elementals","floor":32,"gold_loss":0},{"damage_healed":0,"gold_gain":0,"player_choice":"Bought 0 Potions","damage_taken":0,"max_hp_gain":0,"max_hp_loss":0,"event_name":"The Woman in Blue","floor":40,"gold_loss":0},{"damage_healed":0,"gold_gain":100,"player_choice":"Pray","damage_taken":0,"max_hp_gain":0,"max_hp_loss":0,"event_name":"Golden Shrine","floor":51,"gold_loss":0}],"is_beta":false,"boss_relics":[{"not_picked":["Sozu","SlaversCollar"],"picked":"Honey Jar"},{"not_picked":["Philosopher\u0027s Stone","Replay:Bronze Core"],"picked":"Replay:Ancient Bell"},{"not_picked":["Simple Rune","Potion Belt"],"picked":"Boot"},{"not_picked":["ReplayTheSpireMod:Shallot","Letter Opener"],"picked":"Carrot"},{"not_picked":["Peace Pipe","Calipers"],"picked":"TungstenRod"}],"items_purged_floors":[],"is_endless":false,"potions_floor_spawned":[11,14,16,20,22,35,37,41,49,50],"ascension_level":0}}