{"host":"f0gpob8hq9vgebej","time":1608093862,"event":{"mods":["AchievementEnabler","BaseMod","Googly Eyes","Minty Spire (QoL Compilation)","Quick Restart","SuperFastMode"],"gold_per_floor":[119,132,33,53,68,68,96,106,177,177,195,229,57,74,74,176,176,193,207,207,13,213,213,223,243,291,303,319,319,319,169,169,265,265,283,338,124,1123,203,230,230,260,260,35,35,54,54,81,81,81],"floor_reached":51,"playtime":1563,"items_purged":["Strike_G","Strike_G","Strike_G","Writhe","Strike_G","Defend_G","Defend_G"],"score":1176,"play_id":"d6d4fe89-f17b-4656-923a-7124205d2c00","local_time":"20201216134422","is_ascension_mode":true,"campfire_choices":[{"data":"Apotheosis","floor":6.0,"key":"SMITH"},{"floor":10.0,"key":"REST"},{"floor":15.0,"key":"REST"},{"data":"Calculated Gamble","floor":23.0,"key":"SMITH"},{"floor":29,"key":"REST"},{"data":"Burst","floor":32,"key":"SMITH"},{"floor":41,"key":"REST"},{"floor":49,"key":"REST"}],"circlet_count":0,"master_deck":["Defend_G","Defend_G","Survivor","Neutralize","Apotheosis+1","Blade Dance","Noxious Fumes","Acrobatics","Prepared","Adrenaline","Escape Plan","PiercingWail","Blur","Calculated Gamble+1","Burst+1","Accuracy+1","Accuracy","Footwork","Blade Dance+1","Phantasmal Killer","Reflex","Escape Plan","Adrenaline","Deep Breath","Concentrate"],"relics":["Ring of the Snake","Orichalcum","HornCleat","Incense Burner","WristBlade","Bronze Scales","Omamori","Empty Cage","CaptainsWheel","Kunai","DollysMirror","Toy Ornithopter","Regal Pillow","Dream Catcher","Bottled Lightning","Akabeko"],"acts_visited":["Exordium","TheCity","TheBeyond"],"potions_floor_usage":[33],"damage_taken":[{"damage":3.0,"enemies":"Jaw Worm","floor":1.0,"turns":7.0},{"damage":0.0,"enemies":"Cultist","floor":2.0,"turns":4.0},{"damage":0.0,"enemies":"Small Slimes","floor":4.0,"turns":4.0},{"damage":12.0,"enemies":"Exordium Wildlife","floor":5.0,"turns":4.0},{"damage":10.0,"enemies":"Lagavulin","floor":7.0,"turns":7.0},{"damage":0.0,"enemies":"3 Louse","floor":8.0,"turns":3.0},{"damage":6.0,"enemies":"Exordium Thugs","floor":11.0,"turns":4.0},{"damage":14.0,"enemies":"Gremlin Nob","floor":12.0,"turns":4.0},{"damage":0.0,"enemies":"Gremlin Gang","floor":14.0,"turns":5.0},{"damage":3.0,"enemies":"Hexaghost","floor":16.0,"turns":12.0},{"damage":0.0,"enemies":"3 Byrds","floor":18.0,"turns":5.0},{"damage":0.0,"enemies":"Spheric Guardian","floor":19.0,"turns":3.0},{"damage":0.0,"enemies":"3 Cultists","floor":20.0,"turns":3.0},{"damage":13.0,"enemies":"Centurion and Healer","floor":24.0,"turns":7.0},{"damage":0.0,"enemies":"Snake Plant","floor":25.0,"turns":6.0},{"damage":6.0,"enemies":"3 Cultists","floor":27.0,"turns":5.0},{"damage":9,"enemies":"Shelled Parasite and Fungi","floor":28,"turns":5},{"damage":0,"enemies":"Champ","floor":33,"turns":7},{"damage":1,"enemies":"3 Shapes","floor":35,"turns":3},{"damage":24,"enemies":"2 Orb Walkers","floor":36,"turns":4},{"damage":0,"enemies":"Giant Head","floor":40,"turns":5},{"damage":0,"enemies":"Nemesis","floor":42,"turns":5},{"damage":0,"enemies":"3 Darklings","floor":46,"turns":2},{"damage":0,"enemies":"Giant Head","floor":48,"turns":3},{"damage":12,"enemies":"Time Eater","floor":50,"turns":8}],"seed_played":"-3867684674902534323","potions_obtained":[{"floor":4.0,"key":"SmokeBomb"},{"floor":8.0,"key":"SteroidPotion"},{"floor":11.0,"key":"Block Potion"},{"floor":14.0,"key":"FearPotion"},{"floor":24.0,"key":"Strength Potion"},{"floor":25.0,"key":"Fire Potion"},{"floor":33,"key":"Ancient Potion"}],"is_trial":false,"path_per_floor":["M","M","$","M","M","R","E","M","T","R","M","E","$","M","R","B",null,"M","M","M","$","?","R","M","M","T","M","M","R","?","$","R","B",null,"M","?","$","?","$","E","R","E","T","$","?","M","?","E","R","B",null],"character_chosen":"THE_SILENT","items_purchased":["Acrobatics","Calculated Gamble","Footwork","Reflex","Kunai","Escape Plan","Flash of Steel","DollysMirror","Toy Ornithopter"],"campfire_rested":5,"item_purchase_floors":[3,13,21,37,39,39,39,39,39],"current_hp_per_floor":[42,42,42,42,30,30,20,20,20,41,35,21,21,21,42,39,62,62,62,62,62,62,62,49,49,49,43,34,55,55,55,55,55,66,65,41,41,41,41,41,70,70,70,70,70,70,70,70,70,58],"gold":81,"neow_bonus":"RANDOM_COLORLESS_2","is_daily":false,"chose_seed":false,"campfire_upgraded":3,"win_rate":0.0,"timestamp":1608093862,"path_taken":["M","M","$","M","M","R","E","M","T","R","M","E","$","M","R","BOSS","M","M","M","$","?","R","M","M","T","M","?","R","?","$","R","BOSS","M","?","$","?","$","E","R","E","T","?","?","M","?","E","R","BOSS"],"items_purchased_type":["Card","Card","Card","Card","Relic","Card","Card","Relic","Relic"],"build_version":"2020-12-13","purchased_purges":7,"victory":true,"max_hp_per_floor":[70,70,70,70,70,70,70,70,70,70,70,70,70,70,70,70,70,70,70,70,70,70,70,70,70,70,70,70,70,70,70,70,70,70,70,70,70,70,70,70,70,70,70,70,70,70,70,70,70,70],"card_choices":[{"not_picked":["Transmutation","Master of Strategy"],"picked":"Apotheosis","floor":0.0},{"not_picked":["Deadly Poison","Distraction"],"picked":"Blade Dance","floor":1.0},{"not_picked":["Eviscerate","Flying Knee"],"picked":"Noxious Fumes","floor":2.0},{"not_picked":["Bane","Slice","Underhanded Strike"],"picked":"SKIP","floor":4.0},{"not_picked":["Bane","Blade Dance"],"picked":"Prepared","floor":5.0},{"not_picked":["All Out Attack","Poisoned Stab"],"picked":"Adrenaline","floor":7.0},{"not_picked":["Flying Knee","Bane"],"picked":"Escape Plan","floor":8.0},{"not_picked":["Predator","Dagger Throw"],"picked":"PiercingWail","floor":11.0},{"not_picked":["Sucker Punch","Dash"],"picked":"Blur","floor":12.0},{"not_picked":["Flying Knee","Riddle With Holes","Dagger Throw"],"picked":"SKIP","floor":14.0},{"not_picked":["Glass Knife","Venomology"],"picked":"Burst","floor":16.0},{"not_picked":["Dagger Throw","Infinite Blades+1"],"picked":"Accuracy+1","floor":18.0},{"not_picked":["Escape Plan","Concentrate"],"picked":"Accuracy","floor":19.0},{"not_picked":["Poisoned Stab","Flechettes"],"picked":"Blade Dance+1","floor":24.0},{"not_picked":["Underhanded Strike+1","Dagger Spray","Catalyst"],"picked":"SKIP","floor":25.0},{"not_picked":["Deflect+1","Cloak And Dagger","Prepared"],"picked":"SKIP","floor":27.0},{"not_picked":["Setup","Dash","Bane"],"picked":"SKIP","floor":28},{"not_picked":["Night Terror","Doppelganger"],"picked":"Phantasmal Killer","floor":33},{"not_picked":["Backflip","Cloak And Dagger+1","PiercingWail+1"],"picked":"SKIP","floor":35},{"not_picked":["Eviscerate+1","Accuracy","Expertise"],"picked":"SKIP","floor":40},{"not_picked":["Quick Slash+1","Expertise","Masterful Stab+1"],"picked":"SKIP","floor":42},{"not_picked":["Discovery","PanicButton"],"picked":"Deep Breath","floor":45},{"not_picked":["Poisoned Stab+1","Predator+1"],"picked":"Concentrate","floor":46},{"not_picked":["Deflect","Outmaneuver","Terror"],"picked":"SKIP","floor":48}],"player_experience":145522,"relics_obtained":[{"floor":7.0,"key":"Orichalcum"},{"floor":9.0,"key":"HornCleat"},{"floor":12.0,"key":"Incense Burner"},{"floor":26.0,"key":"Bronze Scales"},{"floor":36,"key":"CaptainsWheel"},{"floor":40,"key":"Regal Pillow"},{"floor":42,"key":"Dream Catcher"},{"floor":43,"key":"Bottled Lightning"},{"floor":48,"key":"Akabeko"}],"event_choices":[{"damage_healed":0.0,"max_hp_gain":0.0,"max_hp_loss":0.0,"gold_gain":200.0,"event_name":"Wheel of Change","player_choice":"Gold","floor":22.0,"gold_loss":0.0,"damage_taken":0.0},{"damage_healed":0,"gold_gain":0,"player_choice":"Opened","damage_taken":0,"relics_obtained":["Omamori"],"max_hp_gain":0,"max_hp_loss":0,"event_name":"The Mausoleum","floor":30,"gold_loss":0,"cards_obtained":["Writhe"]},{"damage_healed":0,"gold_gain":0,"player_choice":"Fight","damage_taken":0,"max_hp_gain":0,"max_hp_loss":0,"event_name":"Mysterious Sphere","floor":36,"gold_loss":0},{"damage_healed":0,"gold_gain":999,"player_choice":"Gold","damage_taken":0,"max_hp_gain":0,"max_hp_loss":0,"event_name":"MindBloom","floor":38,"gold_loss":0,"cards_obtained":["Normality","Normality"]},{"damage_healed":0,"gold_gain":0,"player_choice":"Memory 1","damage_taken":0,"max_hp_gain":0,"max_hp_loss":0,"event_name":"SensoryStone","floor":45,"gold_loss":0},{"cards_removed":["Flash of Steel"],"damage_healed":0,"gold_gain":0,"player_choice":"Removed Attack","damage_taken":0,"max_hp_gain":0,"max_hp_loss":0,"event_name":"Falling","floor":47,"gold_loss":0}],"is_beta":false,"boss_relics":[{"not_picked":["Fusion Hammer","Ectoplasm"],"picked":"WristBlade"},{"not_picked":["Tiny House","Philosopher\u0027s Stone"],"picked":"Empty Cage"}],"items_purged_floors":[3,13,21,31,37,39,44],"is_endless":false,"potions_floor_spawned":[4,8,11,14,24,25,27,33,35,42,48],"ascension_level":6}}