{"host":"02w9hl92h62kgkzk","time":1608119583,"event":{"mods":["2.2 Compatiblity","AchievementEnabler","Act Like it!","AlwaysNeverKeys","Aspiration","BaseMod","Better Altar","Better Match","Better Note","Better Sensory Stone","Better Skull","Better Third Choice","Better Vampires","BetterRewards","Block Reminder","CCEM","ChefMod","Colored Map","Colored Powertips","Conspire","Downfall","Ekko","Emptier Cage","Energized Spire","Friendly Minions","FruityMod","GifTheSpireLib","Halation","Hallownest","Hubris","Humility","Magitek Elite","Marked Mod","Mimic Mod","Minty Spire (QoL Compilation)","Quick Restart","RRrroohrrRGHHhhh!!","Retaliation","Reworked Bosses","Shop Mod","Spicy Shops","Spikes Relics","StSLib","Stuff the Spire","The Hierophant","The Jungle","Trackpad","Transform Curses","Unceasing Turn Reminder","Wandering Minibosses","vexMod"],"gold_per_floor":[89,113,140,140,172,183,207,207,207,242,17,26,44,62,77,178,178,103,114,147,158,29,29,66,66,66,97,72,84,84,97,116,218,218,218,218,143,68,68,81,112,141,141,169,219,252,266,44,64,64],"floor_reached":51,"playtime":2091,"items_purged":["Guardian:BaubleBeam","Guardian:Defend_Guardian","Glass Knife","Guardian:CurlUp+1"],"score":1238,"play_id":"e8860fa2-c070-412d-b796-46b647f016f3","local_time":"20201216055303","is_ascension_mode":true,"campfire_choices":[{"data":"Guardian:BaubleBeam","floor":1,"key":"SMITH"},{"floor":4,"key":"RECALL"},{"data":"Guardian:BaubleBeam","floor":18,"key":"SMITH"},{"data":"Guardian:WalkerClaw","floor":18,"key":"SMITH"},{"data":"Guardian:ExploitGems","floor":23,"key":"SMITH"},{"data":"Guardian:PrismaticBeam","floor":23,"key":"SMITH"},{"data":"Guardian:TwinSlam","floor":25,"key":"SMITH"},{"data":"Guardian:CurlUp","floor":25,"key":"SMITH"},{"data":"Guardian:PrismaticBeam","floor":35,"key":"SMITH"},{"data":"Guardian:CrystalBeam","floor":35,"key":"SMITH"},{"data":"Guardian:GuardianWhirl","floor":38,"key":"SMITH"},{"data":"Wraith Form v2","floor":38,"key":"SMITH"},{"data":"Escape Plan","floor":43,"key":"SMITH"}],"circlet_count":0,"master_deck":["Guardian:TwinSlam+1","Guardian:WalkerClaw+1","Guardian:PrismaticBeam+1","Guardian:ExploitGems+1","Guardian:PrismaticBeam+1","Guardian:PrismaticBeam+1","Guardian:GuardianWhirl+1","Guardian:BronzeOrb","Guardian:CrystalBeam+1","Wraith Form v2+1","Escape Plan+1","Guardian:Gem_Purple","hubris:DuctTapeCard","Guardian:Gem_Red"],"relics":["SpikesRelics:ToyHorsey","MerchantsRug","Question Card","The Courier","halation:LettersToHer","Hallownest:SalubrasBlessingRelic","halation:EternalFortune","halation:PenCase","trackpad:AdjectivePendant","StuffTheSpire:Kangaroo","downfall:HeartBlessingRed","SuspiciousGoo","halation:Sosunser","PreservedInsect","CCEMRelics:FryingPan","Ninja Scroll","wanderingMiniBosses:AbyssPearl","downfall:HeartBlessingBlue","hubris:DuctTape","StuffTheSpire:PointBlank","StuffTheSpire:Mouthbags","trackpad:ByrdCharm"],"acts_visited":["Hallownest:Greenpath","Hallownest:Greenpath","TheBeyond"],"potions_floor_usage":[16,16,20,20,45],"damage_taken":[{"damage":0,"enemies":"Hallownest:monsterHuskWarrior","floor":2,"turns":3},{"damage":18,"enemies":"Hallownest:eliteVengeflyKing","floor":3,"turns":8},{"damage":8,"enemies":"Hallownest:eliteMossKnight","floor":5,"turns":15},{"damage":0,"enemies":"Hallownest:2_Baldur","floor":6,"turns":2},{"damage":5,"enemies":"Hallownest:eliteVengeflyKing","floor":10,"turns":4},{"damage":10,"enemies":"downfall:FleeingMerchant","floor":11,"turns":4},{"damage":2,"enemies":"downfall:FleeingMerchant","floor":12,"turns":4},{"damage":0,"enemies":"Hallownest:2_Tiktiks_and_1_Crawlid","floor":13,"turns":2},{"damage":4,"enemies":"Hallownest:Guard_and_Warrior","floor":14,"turns":4},{"damage":9,"enemies":"Hallownest:MossCreep_and_Mosskin","floor":15,"turns":4},{"damage":21,"enemies":"downfall:Watcher","floor":16,"turns":7},{"damage":6,"enemies":"theJungle:MUSHROOMGANG","floor":19,"turns":2},{"damage":23,"enemies":"theJungle:2_Phrogs","floor":20,"turns":5},{"damage":7,"enemies":"theJungle:Flameango_and_Byrd","floor":21,"turns":3},{"damage":0,"enemies":"downfall:FleeingMerchant","floor":22,"turns":4},{"damage":8,"enemies":"theJungle:2_Flameangoes","floor":24,"turns":4},{"damage":0,"enemies":"theJungle:MamaSnecko","floor":27,"turns":1},{"damage":11,"enemies":"theJungle:2_Flameangoes","floor":29,"turns":2},{"damage":15,"enemies":"JungleHuntersEvent","floor":30,"turns":5},{"damage":0,"enemies":"theJungle:JungleHuntersEncounter","floor":31,"turns":2},{"damage":1,"enemies":"theJungle:Snecko_Cultist_And_Trap","floor":32,"turns":2},{"damage":0,"enemies":"downfall:Defect","floor":33,"turns":2},{"damage":5,"enemies":"3 Darklings","floor":40,"turns":3},{"damage":0,"enemies":"3 Shapes","floor":41,"turns":1},{"damage":0,"enemies":"Nemesis","floor":42,"turns":2},{"damage":0,"enemies":"Reptomancer","floor":44,"turns":1},{"damage":0,"enemies":"Mind Bloom Boss Battle","floor":45,"turns":1},{"damage":0,"enemies":"3 Shapes","floor":47,"turns":1},{"damage":0,"enemies":"Writhing Mass","floor":49,"turns":2},{"damage":56,"enemies":"downfall:Silent","floor":50,"turns":5}],"seed_played":"5315686508294983226","potions_obtained":[{"floor":6,"key":"CultistPotion"},{"floor":13,"key":"sneckomod:MuddlingPotion"},{"floor":14,"key":"Block Potion"},{"floor":15,"key":"Strength Potion"},{"floor":16,"key":"Fire Potion"},{"floor":29,"key":"Explosive Potion"},{"floor":30,"key":"EssenceOfSteel"},{"floor":31,"key":"PowerPotion"},{"floor":49,"key":"DuplicationPotion"}],"is_trial":false,"path_per_floor":["R","M","E","R","E","M","T","?","?","E","$","$","M","M","M","B",null,"R","M","E","M","$","R","MIM","R","?","E","?","M","?","M","M","B",null,"R","?","?","R","?","M","MIM","E","R","E","?","$","M","$","M","B",null],"character_chosen":"GUARDIAN","items_purchased":["SpikesRelics:ToyHorsey","MerchantsRug","Lee\u0027s Waffle","halation:PenCase","trackpad:AdjectivePendant","halation:Sosunser","PreservedInsect","CCEMRelics:FryingPan","StuffTheSpire:PointBlank","StuffTheSpire:Mouthbags","trackpad:ByrdCharm"],"campfire_rested":0,"item_purchase_floors":[0,0,11,11,12,22,22,22,46,46,48],"current_hp_per_floor":[64,64,46,46,38,38,38,38,41,36,90,88,88,84,75,54,90,90,84,61,54,54,54,46,46,48,51,51,40,25,25,24,24,93,93,93,93,103,103,98,101,101,101,104,107,107,110,110,110,54],"gold":64,"neow_bonus":"","is_daily":false,"chose_seed":false,"campfire_upgraded":12,"win_rate":0.0,"timestamp":1608119583,"path_taken":["R","M","E","R","E","M","T","?","?","E","$","$","M","M","M","BOSS","R","M","E","M","$","R","MIM","R","?","E","?","M","?","?","M","BOSS","R","?","?","R","?","M","MIM","E","R","E","?","$","M","?","M","BOSS"],"items_purchased_type":["Relic","Relic","Relic","Relic","Relic","Relic","Relic","Relic","Relic","Relic","Relic"],"build_version":"2020-12-13","purchased_purges":4,"victory":true,"max_hp_per_floor":[80,80,80,80,80,80,80,80,83,83,90,90,90,90,90,90,90,90,90,90,90,90,90,90,90,90,93,93,93,93,93,93,93,93,93,93,93,103,103,103,106,106,106,109,112,112,115,115,115,115],"card_choices":[{"not_picked":["Guardian:TimeCapacitor","Guardian:RollAttack","Guardian:Suspension"],"picked":"SKIP","floor":2},{"not_picked":["Guardian:Gem_Green","Guardian:MultiBeam","Guardian:CrystalBeam"],"picked":"SKIP","floor":3},{"not_picked":["Guardian:TimeBomb","Guardian:Emergency","Guardian:GuardianWhirl"],"picked":"Guardian:Gem_Fragmented","floor":5},{"not_picked":["Guardian:Preprogram","Guardian:DecasProtection","Guardian:Planning"],"picked":"Guardian:WalkerClaw","floor":6},{"not_picked":["Guardian:TimeSifter","Guardian:ConstructionForm","Guardian:SphericShield"],"picked":"Guardian:Gem_Synthetic","floor":10},{"not_picked":["Guardian:PiercingHide","Guardian:CrystalBeam","Guardian:Clone"],"picked":"Guardian:Gem_Orange","floor":10},{"not_picked":["Guardian:ShieldCharger","Guardian:Gem_Green","Guardian:FierceBash"],"picked":"Guardian:PrismaticBeam","floor":11},{"not_picked":["Guardian:DecasProtection","Guardian:PolyBeam","Guardian:FloatingOrbs","Guardian:RollAttack"],"picked":"SKIP","floor":12},{"not_picked":["Guardian:Repulse","Guardian:Incinerate","Guardian:TemporalStrike","Guardian:ChargeCore"],"picked":"SKIP","floor":13},{"not_picked":["Guardian:ChargeCore","Guardian:PrimingBeam","Guardian:Gem_Green","Guardian:VentSteam"],"picked":"SKIP","floor":14},{"not_picked":["Guardian:TemporalShield","Guardian:WalkerClaw","Guardian:ShieldCharger"],"picked":"Guardian:Gem_Red","floor":15},{"not_picked":["Guardian:StasisStrike","Guardian:FastForward","Guardian:RevengeProtocol"],"picked":"Guardian:BaubleBeam","floor":16},{"not_picked":["Guardian:GuardianWhirl","Guardian:Gem_Green","Guardian:SpikerProtocol"],"picked":"Guardian:Gem_Lightblue","floor":19},{"not_picked":["Guardian:ChargeUp","Guardian:FloatingOrbs","Guardian:Gem_Lightblue"],"picked":"Guardian:ExploitGems","floor":20},{"not_picked":["Guardian:MultiBeam+1","Guardian:VentSteam+1","Guardian:Clone","Guardian:PiercingHide"],"picked":"SKIP","floor":21},{"not_picked":["Guardian:PrismaticBarrier","Guardian:BronzeOrb","Guardian:Gem_Cyan","Guardian:Emergency+1"],"picked":"SKIP","floor":22},{"not_picked":["Guardian:RefractedBeam","Guardian:SpikerProtocol","Guardian:Suspension+1"],"picked":"Guardian:PrismaticBeam+1","floor":24},{"not_picked":["Guardian:TemporalShield","Guardian:DonusPower","Guardian:RefractedBeam"],"picked":"Guardian:Gem_Crimson","floor":27},{"not_picked":["Guardian:Gem_Crimson","Guardian:ShieldSpikes","Guardian:DecasProtection"],"picked":"Guardian:Gem_Red","floor":29},{"not_picked":["Guardian:ChargeUp","Guardian:PrimingBeam","Guardian:Planning"],"picked":"Guardian:PrismaticBeam","floor":31},{"not_picked":["Guardian:TemporalShield+1","Guardian:ShieldSpikes","Guardian:PrimingBeam"],"picked":"Guardian:Gem_White","floor":32},{"not_picked":["Guardian:VentSteam+1","Guardian:ShieldCharger","Guardian:Incinerate","Guardian:Preprogram+1"],"picked":"SKIP","floor":40},{"not_picked":["Guardian:GuardianWhirl+1","Guardian:DonusPower","Guardian:RefractedBeam+1","Guardian:Clone+1"],"picked":"SKIP","floor":42},{"not_picked":["Guardian:Emergency+1","Guardian:MultiBeam+1","Guardian:TemporalStrike+1"],"picked":"Guardian:Gem_Purple","floor":44},{"not_picked":["Guardian:Emergency","Guardian:ShieldCharger+1","Guardian:Planning+1","Guardian:ChargeCore+1"],"picked":"SKIP","floor":47},{"not_picked":["Guardian:Preprogram+1","Guardian:BronzeOrb","Guardian:Reroute+1"],"picked":"Guardian:Gem_Red","floor":49}],"player_experience":480263,"relics_obtained":[{"floor":3,"key":"Question Card"},{"floor":5,"key":"The Courier"},{"floor":7,"key":"halation:LettersToHer"},{"floor":10,"key":"conspire:GiftBox"},{"floor":20,"key":"SuspiciousGoo"},{"floor":24,"key":"halation:LettersToHer"},{"floor":27,"key":"trackpad:PetRock"},{"floor":30,"key":"Ninja Scroll"},{"floor":30,"key":"wanderingMiniBosses:AbyssPearl"},{"floor":41,"key":"halation:LettersToHer"},{"floor":41,"key":"hubris:DuctTape"},{"floor":42,"key":"StuffTheSpire:EmeraldSignet"},{"floor":44,"key":"aspiration:HiddenCompartment"},{"floor":45,"key":"conspire:GlowingRock"}],"event_choices":[{"damage_healed":0,"gold_gain":0,"player_choice":"3","damage_taken":0,"max_hp_gain":0,"max_hp_loss":0,"event_name":"betterMatch:BetterMatch","floor":37,"gold_loss":0,"cards_obtained":[]}],"is_beta":false,"boss_relics":[{"not_picked":["trackpad:Trackpad","energizedSpire:DeadBattery"],"picked":"StuffTheSpire:Kangaroo"},{"not_picked":["vexMod:ImprovementManual","hubris:RunicObelisk"],"picked":"Pandora\u0027s Box"}],"items_purged_floors":[0,22,46,48],"is_endless":false,"potions_floor_spawned":[6,13,14,15,16,29,30,31,32,40,42,44,49],"ascension_level":1}}