{"host":"4t0jwv2xqla89y5e","time":1608152949,"event":{"mods":["AchievementEnabler","Act Like it!","Aspiration","BaseMod","Better Skull","BetterRewards","Colored Map","Colored Powertips","Downfall","Friendly Minions","Hallownest","Hermit","Highlight Path","Hubris","Infinite Spire","Minty Spire (QoL Compilation)","Quick Restart","Rare Cards Sparkle","Relic Stats","Replay The Spire","Shop Mod","Spicy Shops","StSLib","The Construct","The Disciple","The Hierophant","The Runesmith"],"gold_per_floor":[114,129,129,144,159,159,174,174,199,199,199,214,214,214,214,314,314,329,314,279,279,294,294,324,324,324,324,349,379,379,129,129,145,145,245,245,260,260,260,60,60,75,75,75,75,75,75,90,90,93,108,123,123,123,123],"floor_reached":54,"playtime":4388,"items_purged":["Wild Strike","Calculated Gamble"],"score":615,"play_id":"443d238a-15bf-4e05-b5b5-efbb084994ef","local_time":"20201216220909","daily_mods":["downfall:ChampStances","Red Cards","downfall:ExchangeController"],"is_ascension_mode":false,"campfire_choices":[{"floor":10.0,"key":"REST"},{"data":"Seeing Red","floor":23.0,"key":"SMITH"},{"data":"Juggernaut","floor":25.0,"key":"SMITH"},{"data":"infinitespire:Collect","floor":30.0,"key":"SMITH"},{"data":"Bloodletting","floor":32.0,"key":"SMITH"},{"data":"Zap","floor":34.0,"key":"SMITH"},{"floor":43.0,"key":"REST"},{"data":"Madness","floor":46.0,"key":"SMITH"},{"data":"Barricade","floor":49,"key":"SMITH"},{"floor":53,"key":"REST"}],"circlet_count":0,"master_deck":["Strike_B","Strike_B","Strike_B","Strike_B","Defend_B","Defend_B","Defend_B","Defend_B","Zap+1","Bloodletting+1","Fire Breathing","Sweeping Beam","Juggernaut+1","CurseOfTheBell","Seeing Red+1","infinitespire:Collect+1","Defy Death","Chill+1","BootSequence+1","GremboGang","hubris:NaturalOne","Barricade+1","ReplayTheSpireMod:Repulse+1","Draining Mist+1","Envenom","Madness","Madness+1","Seeing Red","Shrug It Off","Leap+1","Ghostly Armor"],"relics":["Cracked Core","champ:ChampStancesModRelic","downfall:NeowBlessing_Player","Hallownest:DreamNailRelic","Ancient Tea Set","infinitespire:Freezer","aspiration:ArtOfWarUpgrade","hubris:SlimyHat","hubris:Icosahedron","Calling Bell","Pen Nib","Eternal Feather","hubris:EmptyBottle","Black Star","Anchor","hubris:ToyBattleship","Blue Doll","Bag of Preparation","hubris:TinFlute","Red Mask","Philosopher\u0027s Stone","Ornamental Fan","War Paint","Replay:Antivirus Software","Runesmith:AutoHammer","infinitespire:EmpoweringShard","hubris:Zylophone"],"acts_visited":["Hallownest:Greenpath","TheCity","TheBeyond"],"potions_floor_usage":[],"damage_taken":[{"damage":2.0,"enemies":"Hallownest:monsterHuskGuard","floor":1.0,"turns":4.0},{"damage":6.0,"enemies":"2_ Uuma","floor":2.0,"turns":4.0},{"damage":36.0,"enemies":"Hallownest:2_Tiktiks_and_1_Crawlid","floor":4.0,"turns":3.0},{"damage":1.0,"enemies":"Hallownest:monsterMossCharger","floor":5.0,"turns":4.0},{"damage":18.0,"enemies":"Hallownest:1_Baldur_1_Crawlid_1_Warrior","floor":7.0,"turns":5.0},{"damage":5.0,"enemies":"Hallownest:Wandering_and_Horned","floor":12.0,"turns":4.0},{"damage":75.0,"enemies":"Hallownest:BossFalseKnight","floor":16.0,"turns":8.0},{"damage":45.0,"enemies":"3 Byrds","floor":18.0,"turns":5.0},{"damage":30.0,"enemies":"2 Thieves","floor":19.0,"turns":4.0},{"damage":45.0,"enemies":"Shelled Parasite and Fungi","floor":20.0,"turns":7.0},{"damage":19.0,"enemies":"Snake Plant","floor":22.0,"turns":4.0},{"damage":112.0,"enemies":"Slavers","floor":24.0,"turns":5.0},{"damage":10.0,"enemies":"Gremlin Leader","floor":29.0,"turns":5.0},{"damage":29.0,"enemies":"Masked Bandits","floor":33.0,"turns":4.0},{"damage":82.0,"enemies":"Champ","floor":35.0,"turns":9.0},{"damage":3.0,"enemies":"3 Darklings","floor":37.0,"turns":3.0},{"damage":4.0,"enemies":"3 Shapes","floor":42.0,"turns":3.0},{"damage":41,"enemies":"Sphere and 2 Shapes","floor":48,"turns":4},{"damage":79,"enemies":"2 Orb Walkers","floor":50,"turns":5},{"damage":11,"enemies":"Spire Growth","floor":51,"turns":4},{"damage":87,"enemies":"Transient","floor":52,"turns":5},{"damage":383,"enemies":"hubris:GrandSnecko","floor":54,"turns":23}],"seed_played":"4580661739168851385","potions_obtained":[{"floor":2.0,"key":"champ:CounterPotion"},{"floor":12.0,"key":"Elixir"},{"floor":16.0,"key":"champ:CounterPotion"},{"floor":22.0,"key":"Regen Potion"},{"floor":24.0,"key":"ColorlessPotion"},{"floor":29.0,"key":"ColorlessPotion"},{"floor":42.0,"key":"Guardian:BlockOnCardUsePotion"},{"floor":48,"key":"sneckomod:MuddlingPotion"},{"floor":51,"key":"Strength Potion"}],"is_trial":false,"path_per_floor":["M","M","?","M","M","?","M","R","T","R","?","M","?","?","R_BF","B",null,"M","M","M","AVR","M","R","E","R","PTL","PTL","T","E","R","?","R","?","R","B",null,"M","?","?","$","?","M","R","PTL","PTL","R","T","M","R","?","M","M","R","B"],"character_chosen":"DEFECT","items_purchased":["Ornamental Fan"],"campfire_rested":3,"item_purchase_floors":[40],"current_hp_per_floor":[273,267,267,249,248,73,55,55,55,137,171,166,166,157,157,103,409,364,334,289,289,270,282,182,194,194,194,194,184,196,196,208,200,212,184,509,506,506,442,442,132,128,295,295,295,310,310,284,299,238,227,140,310,0,0],"gold":123,"neow_bonus":"","is_daily":true,"chose_seed":false,"campfire_upgraded":7,"win_rate":0.0,"timestamp":1608152949,"path_taken":["M","M","?","M","?","?","?","R","T","R","?","M","?","?","R_BF","BOSS","M","M","M","AVR","M","R","E","R","PTL","PTL","T","E","R","?","R","?","R","BOSS","M","?","?","?","?","?","R","PTL","PTL","R","T","M","R","?","M","M","R","BOSS"],"items_purchased_type":["Relic"],"build_version":"2020-12-13","purchased_purges":2,"victory":false,"max_hp_per_floor":[275,275,275,275,275,275,275,275,275,275,309,309,309,309,309,309,409,409,409,409,409,409,409,409,409,409,409,409,409,409,409,409,409,409,409,509,509,509,509,509,509,509,509,509,509,509,509,509,509,509,509,509,509,509,509],"relic_stats":{"counters":[22,122],"Ornamental Fan":[20],"Eternal Feather":123,"Pen Nib":[10],"Black Star":2,"Bag of Preparation":[18],"War Paint":["BootSequence","Draining Mist"],"obtain_stats":[{"champ:ChampStancesModRelic":0,"downfall:NeowBlessing_Player":0,"Blue Doll":28,"Hallownest:DreamNailRelic":3,"hubris:SlimyHat":9,"Bag of Preparation":29,"hubris:EmptyBottle":21,"Ancient Tea Set":6,"hubris:Icosahedron":13,"aspiration:ArtOfWarUpgrade":15,"Philosopher\u0027s Stone":36,"Red Mask":33,"Replay:Antivirus Software":41,"Cracked Core":0,"hubris:TinFlute":29,"Eternal Feather":17,"Pen Nib":17,"War Paint":41,"Calling Bell":17,"hubris:Zylophone":50,"Anchor":24,"Ornamental Fan":40,"Art of War":6,"Black Star":21,"hubris:ToyBattleship":24,"infinitespire:EmpoweringShard":47,"Runesmith:AutoHammer":41,"infinitespire:Freezer":6},{"champ:ChampStancesModRelic":0,"downfall:NeowBlessing_Player":0,"Blue Doll":12,"Hallownest:DreamNailRelic":2,"hubris:SlimyHat":5,"Bag of Preparation":13,"hubris:EmptyBottle":10,"Ancient Tea Set":4,"hubris:Icosahedron":6,"aspiration:ArtOfWarUpgrade":6,"Philosopher\u0027s Stone":15,"Red Mask":14,"Replay:Antivirus Software":16,"Cracked Core":0,"hubris:TinFlute":13,"Eternal Feather":7,"Pen Nib":7,"War Paint":16,"Calling Bell":7,"hubris:Zylophone":19,"Anchor":12,"Ornamental Fan":16,"Art of War":4,"Black Star":10,"hubris:ToyBattleship":12,"infinitespire:EmpoweringShard":17,"Runesmith:AutoHammer":16,"infinitespire:Freezer":4},{"champ:ChampStancesModRelic":0,"downfall:NeowBlessing_Player":0,"Blue Doll":57,"Hallownest:DreamNailRelic":8,"hubris:SlimyHat":20,"Bag of Preparation":62,"hubris:EmptyBottle":48,"Ancient Tea Set":15,"hubris:Icosahedron":24,"aspiration:ArtOfWarUpgrade":24,"Philosopher\u0027s Stone":75,"Red Mask":66,"Replay:Antivirus Software":78,"Cracked Core":0,"hubris:TinFlute":62,"Eternal Feather":32,"Pen Nib":32,"War Paint":78,"Calling Bell":32,"hubris:Zylophone":90,"Anchor":57,"Ornamental Fan":78,"Art of War":15,"Black Star":48,"hubris:ToyBattleship":57,"infinitespire:EmpoweringShard":81,"Runesmith:AutoHammer":78,"infinitespire:Freezer":15}]},"card_choices":[{"not_picked":["Panic Button","Headbutt"],"picked":"Bloodletting","floor":1.0},{"not_picked":["Battle Trance","Pommel Strike"],"picked":"Disarm","floor":2.0},{"not_picked":["Clash","Abandon"],"picked":"Fire Breathing","floor":4.0},{"not_picked":["Stack","Perfected Strike"],"picked":"Wild Strike","floor":5.0},{"not_picked":["Undo","Iron Wave","Blizzard"],"picked":"SKIP","floor":7.0},{"not_picked":["hubris:SpecializedCircuitry","Clash"],"picked":"Sweeping Beam","floor":12.0},{"not_picked":["Multi-Cast","Limit Break"],"picked":"Juggernaut","floor":16.0},{"not_picked":["Turbo","Sword Boomerang","Run Through+1"],"picked":"SKIP","floor":18.0},{"not_picked":["Darkness+1","Abandon"],"picked":"Seeing Red","floor":19.0},{"not_picked":["Intimidate","infinitespire:OneForAll","ReplayTheSpireMod:Limb From Limb"],"picked":"SKIP","floor":20.0},{"not_picked":["Shrug It Off","Stack"],"picked":"Defy Death","floor":22.0},{"not_picked":["True Grit","Massacre+1"],"picked":"Chill+1","floor":24.0},{"not_picked":["Turbo+1","BasicCrystalCard"],"picked":"BootSequence","floor":29.0},{"not_picked":["Mirror Shield","Limit Break"],"picked":"Barricade","floor":35.0},{"not_picked":["Leap","Turbo+1"],"picked":"ReplayTheSpireMod:Repulse+1","floor":37.0},{"not_picked":["Clothesline","Clash","Gash"],"picked":"SKIP","floor":42.0},{"not_picked":["Hyperbeam","Lockon+1"],"picked":"Seeing Red","floor":48},{"not_picked":["Sword Boomerang+1","Clothesline+1"],"picked":"Shrug It Off","floor":50},{"not_picked":["Infernal Blade+1","ReplayTheSpireMod:Calculation Training"],"picked":"Leap+1","floor":51},{"not_picked":["Tempest+1","Run Through"],"picked":"Ghostly Armor","floor":52}],"player_experience":248524,"relics_obtained":[{"floor":9.0,"key":"hubris:SlimyHat"},{"floor":17.0,"key":"Pen Nib"},{"floor":17.0,"key":"Eternal Feather"},{"floor":24.0,"key":"Anchor"},{"floor":24.0,"key":"hubris:ToyBattleship"},{"floor":28.0,"key":"Blue Doll"},{"floor":29.0,"key":"Bag of Preparation"},{"floor":29.0,"key":"hubris:TinFlute"},{"floor":33.0,"key":"Red Mask"},{"floor":47.0,"key":"infinitespire:EmpoweringShard"},{"floor":50,"key":"hubris:Zylophone"}],"event_choices":[{"damage_healed":0.0,"max_hp_gain":0.0,"max_hp_loss":0.0,"gold_gain":0.0,"event_name":"betterSkull:BetterSkull","player_choice":"RE RE RE ","floor":6.0,"gold_loss":0.0,"damage_taken":181.0,"cards_upgraded":[],"relics_obtained":["Ancient Tea Set","infinitespire:Freezer","Art of War"]},{"damage_healed":0.0,"max_hp_gain":0.0,"max_hp_loss":0.0,"gold_gain":0.0,"event_name":"Masked Bandits","player_choice":"Fought Bandits","floor":33.0,"gold_loss":0.0,"damage_taken":0.0},{"damage_healed":0.0,"max_hp_gain":0.0,"max_hp_loss":0.0,"gold_gain":0.0,"event_name":"Winding Halls","player_choice":"Embrace Madness","floor":39.0,"gold_loss":0.0,"damage_taken":64.0,"cards_obtained":["Madness","Madness"]},{"damage_healed":0.0,"max_hp_gain":0.0,"max_hp_loss":0.0,"gold_gain":0.0,"event_name":"betterSkull:BetterSkull","player_choice":"RE RE RE ","floor":41.0,"gold_loss":0.0,"damage_taken":316.0,"cards_upgraded":[],"relics_obtained":["War Paint","Replay:Antivirus Software","Runesmith:AutoHammer"]},{"damage_healed":0,"gold_gain":0,"player_choice":"Fight","damage_taken":0,"max_hp_gain":0,"max_hp_loss":0,"event_name":"Mysterious Sphere","floor":50,"gold_loss":0}],"is_beta":false,"boss_relics":[{"not_picked":["Runesmith:UraniumAnvil","aspiration:FutureDiary"],"picked":"Calling Bell"},{"not_picked":["hubris:BlackHole","expansioncontent:StudyCardRelic"],"picked":"Philosopher\u0027s Stone"}],"items_purged_floors":[21,40],"is_endless":false,"potions_floor_spawned":[2,12,16,22,24,29,42,48,51],"killed_by":"hubris:GrandSnecko","ascension_level":0}}