{"host":"he07elbwfbprxmdo","time":1608114733,"event":{"mods":["BaseMod","Better Skull","Better Third Choice","Better Vampires","Clockwork Mod","Colored Map","Downfall","Energized Spire","Halation","Hermit","Highlight Path","Marisa????????","Minty Spire (QoL Compilation)","Relic Stats","Replay The Spire","StSLib","The Animator","The Servant 0.9.4","Unceasing Turn Reminder"],"gold_per_floor":[115,127,127,127,139,162,162,176,252,277,277,277,297,327,327,327,327],"floor_reached":16,"playtime":1338,"items_purged":[],"score":110,"play_id":"6dbe563a-63de-4ead-82cc-191e6f20305b","local_time":"20201216123213","is_ascension_mode":false,"campfire_choices":[{"data":"UpSweep","floor":7.0,"key":"SMITH"},{"floor":12.0,"key":"REST"}],"circlet_count":0,"master_deck":["Strike_MRS","Strike_MRS","Strike_MRS","Strike_MRS","Defend_MRS","Defend_MRS","Defend_MRS","Defend_MRS","MasterSpark","UpSweep+1","ChargeUpSpray","OrrerysSun","Singularity+1","DoubleSpark","ShootTheMoon"],"relics":["MiniHakkero","halation:EternalFortune","Juzu Bracelet","Chameleon Ring","halation:KoshaPiece","Tiny Chest","InkBottle"],"acts_visited":["Exordium"],"potions_floor_usage":[16],"damage_taken":[{"damage":0.0,"enemies":"Small Slimes","floor":1.0,"turns":3.0},{"damage":6.0,"enemies":"2 Louse","floor":2.0,"turns":3.0},{"damage":0.0,"enemies":"Cultist","floor":5.0,"turns":3.0},{"damage":21.0,"enemies":"Exordium Thugs","floor":8.0,"turns":5.0},{"damage":20.0,"enemies":"Gremlin Nob","floor":10.0,"turns":5.0},{"damage":9.0,"enemies":"2 Fungi Beasts","floor":13.0,"turns":3.0},{"damage":18.0,"enemies":"3 Sentries","floor":14.0,"turns":7.0},{"damage":63,"enemies":"The Guardian","floor":16,"turns":9}],"seed_played":"7416983287828017594","potions_obtained":[{"floor":2.0,"key":"SkillPotion"},{"floor":4.0,"key":"Guardian:BlockOnCardUsePotion"},{"floor":4.0,"key":"Guardian:BlockOnCardUsePotion"},{"floor":5.0,"key":"DistilledChaos"},{"floor":13.0,"key":"DuplicationPotion"}],"is_trial":false,"path_per_floor":["M","M","?","?","M","T","R","M","T","E","?","R","M","E","R_BF","B"],"character_chosen":"MARISA","items_purchased":[],"campfire_rested":1,"item_purchase_floors":[],"current_hp_per_floor":[82,76,79,79,79,79,79,58,58,38,38,63,54,36,61,0,0],"gold":327,"neow_bonus":"TEN_PERCENT_HP_BONUS","is_daily":false,"chose_seed":false,"campfire_upgraded":1,"win_rate":0.0,"timestamp":1608114733,"path_taken":["M","M","?","?","?","?","R","M","T","E","?","R","M","E","R_BF","BOSS"],"items_purchased_type":[],"build_version":"2020-12-13","purchased_purges":0,"victory":false,"max_hp_per_floor":[82,82,85,85,85,85,85,85,85,85,85,85,85,85,85,85,85],"relic_stats":{"counters":[8,38],"Tiny Chest":0,"Juzu Bracelet":0,"obtain_stats":[{"Chameleon Ring":9,"halation:EternalFortune":3,"Tiny Chest":11,"Juzu Bracelet":6,"halation:KoshaPiece":10,"MiniHakkero":0,"InkBottle":14},{"Chameleon Ring":4,"halation:EternalFortune":2,"Tiny Chest":5,"Juzu Bracelet":3,"halation:KoshaPiece":5,"MiniHakkero":0,"InkBottle":7},{"Chameleon Ring":14,"halation:EternalFortune":6,"Tiny Chest":19,"Juzu Bracelet":9,"halation:KoshaPiece":19,"MiniHakkero":0,"InkBottle":29}],"InkBottle":[3]},"card_choices":[{"not_picked":["GrandCross","AsteroidBelt"],"picked":"ChargeUpSpray","floor":1.0},{"not_picked":["Robbery","StarlightTyphoon","ShootingEcho"],"picked":"SKIP","floor":2.0},{"not_picked":["MysteriousBeam","AsteroidBelt"],"picked":"OrrerysSun","floor":5.0},{"not_picked":["Acceleration","ShootTheMoon"],"picked":"Singularity","floor":8.0},{"not_picked":["WitchLeyline","GalacticHalo","ManaConvection"],"picked":"SKIP","floor":10.0},{"not_picked":["SprinkleStarSeal","MysteriousBeam"],"picked":"DoubleSpark","floor":13.0},{"not_picked":["StarDustReverie","PulseMagic"],"picked":"ShootTheMoon","floor":14.0}],"player_experience":42268,"relics_obtained":[{"floor":6.0,"key":"Juzu Bracelet"},{"floor":9.0,"key":"Chameleon Ring"},{"floor":10.0,"key":"halation:KoshaPiece"},{"floor":14.0,"key":"InkBottle"}],"event_choices":[{"damage_healed":0.0,"max_hp_gain":0.0,"max_hp_loss":0.0,"gold_gain":0.0,"event_name":"Lab","player_choice":"Got Potions","floor":4.0,"gold_loss":0.0,"damage_taken":0.0},{"damage_healed":0.0,"max_hp_gain":0.0,"max_hp_loss":0.0,"gold_gain":0.0,"event_name":"WeMeetAgain","player_choice":"Gave Potion","floor":11.0,"gold_loss":0.0,"damage_taken":0.0,"relics_obtained":["Tiny Chest"]}],"is_beta":false,"boss_relics":[],"items_purged_floors":[],"is_endless":false,"potions_floor_spawned":[2,5,13],"killed_by":"The Guardian","ascension_level":0}}