{"host":"5pvsezzv96u4cz40","time":1608163041,"event":{"mods":["2.2 Compatiblity","Act Like it!","BaseMod","BetterRewards","CapriCore","Colored Map","Colored Powertips","GifTheSpireLib","GungeonMod","Hermit","HornydragonMod","Hubris","Infinite Spire","Jorbs\u0027s Wanderer Trilogy","Lobotomy","Marisa????????","Menagerie","Minty Spire (QoL Compilation)","Remilia??????","Replay The Spire","Shop Mod","StSLib","The Bladedancer","The Exalted","The Servant 0.9.4","??????REMEMod"],"gold_per_floor":[112,11,30,4,14,14,49,49,73,22,22,22,42,62,62,160,160,174,185,185,232,346,346,360,360,385,402,402,414,129,129,129,238,238,266,266,301,301,341,341,341,341,341,341,341,380,418,81,81,81],"floor_reached":51,"playtime":6084,"items_purged":["stsjorbsmod:AnimateObjects","stsjorbsmod:Index+1"],"score":824,"play_id":"26140800-b313-4c82-94ae-5f3765a0636c","local_time":"20201217005721","is_ascension_mode":false,"campfire_choices":[{"data":"stsjorbsmod:ArcaneWeapon","floor":6,"key":"SMITH"},{"data":"Apotheosis","floor":8,"key":"SMITH"},{"data":"stsjorbsmod:TrueStrike","floor":15,"key":"SMITH"},{"floor":23,"key":"REST"},{"data":"hubris:Fate","floor":25,"key":"SMITH"},{"data":"stsjorbsmod:DisguiseSelf","floor":28,"key":"SMITH"},{"data":"stsjorbsmod:ColorSpray","floor":32,"key":"SMITH"},{"floor":40,"key":"REST"},{"floor":42,"key":"REST"},{"floor":49,"key":"DIG"}],"circlet_count":0,"master_deck":["stsjorbsmod:ForbiddenGrimoire+1","stsjorbsmod:Defend_Wanderer","stsjorbsmod:Defend_Wanderer","stsjorbsmod:Defend_Wanderer","stsjorbsmod:Defend_Wanderer","stsjorbsmod:FreshAdventure","stsjorbsmod:EyeOfTheStorm","Apotheosis+1","stsjorbsmod:ColorSpray+1","stsjorbsmod:Hibernate","stsjorbsmod:TinyHut+1","stsjorbsmod:ArcaneWeapon+1","stsjorbsmod:Firebolt","stsjorbsmod:Trauma","stsjorbsmod:TrueStrike+1","stsjorbsmod:ChainLightning","stsjorbsmod:Entangle","hubris:Fate+1","stsjorbsmod:DisguiseSelf+1","stsjorbsmod:ChatteringStrike+1","stsjorbsmod:Message","stsjorbsmod:BurningFlask","Bite","Bite","Bite","Bite","Bite","stsjorbsmod:HoldMonster","stsjorbsmod:DoubleCheck","stsjorbsmod:Index+1","hubris:EnhanceAbility+1"],"relics":["stsjorbsmod:GrimoireRelic","REME_ComplimentaryCards","Omamori","DemoMod:PartiallyEatenCheese","Oddly Smooth Stone","hubris:Icosahedron","Shuriken","SacredBark","DemoMod:LamentConfigurum","infinitespire:CursedDice","Bronze Scales","Ornamental Fan","infinitespire:EvilPickle","Calling Bell","Tiny Chest","Frozen Egg 2","Shovel","DemoMod:RingOfEthereal","REME_HourglassOfDeath","stsjorbsmod:BottledMemoryRelic","REME_LimitBreaker"],"acts_visited":["Exordium","TheCity","TheBeyond"],"potions_floor_usage":[16,16,16,21,33,33,41,50,50],"damage_taken":[{"damage":1,"enemies":"Cultist","floor":1,"turns":4},{"damage":0,"enemies":"2 Louse","floor":3,"turns":3},{"damage":0,"enemies":"Jaw Worm","floor":5,"turns":3},{"damage":3,"enemies":"3 Sentries","floor":7,"turns":5},{"damage":4,"enemies":"Red Slaver","floor":13,"turns":3},{"damage":3,"enemies":"Exordium Wildlife","floor":14,"turns":2},{"damage":9,"enemies":"Fading Forest","floor":16,"turns":11},{"damage":3,"enemies":"Chosen","floor":18,"turns":5},{"damage":12,"enemies":"2 Thieves","floor":19,"turns":5},{"damage":18,"enemies":"Sentry and Sphere","floor":21,"turns":5},{"damage":14,"enemies":"Cultist and Chosen","floor":22,"turns":7},{"damage":0,"enemies":"Snake Plant","floor":24,"turns":6},{"damage":0,"enemies":"Chosen and Byrds","floor":27,"turns":4},{"damage":0,"enemies":"Shelled Parasite and Fungi","floor":29,"turns":3},{"damage":31,"enemies":"Pondfish","floor":33,"turns":10},{"damage":0,"enemies":"Orb Walker","floor":35,"turns":2},{"damage":35,"enemies":"3 Shapes","floor":37,"turns":5},{"damage":7,"enemies":"Jaw Worm Horde","floor":39,"turns":2},{"damage":3,"enemies":"Sphere and 2 Shapes","floor":46,"turns":3},{"damage":3,"enemies":"Transient","floor":47,"turns":2},{"damage":10,"enemies":"Awakened One","floor":50,"turns":11}],"seed_played":"-3328071522983642608","potions_obtained":[{"floor":3,"key":"Dexterity Potion"},{"floor":5,"key":"Swift Potion"},{"floor":18,"key":"Elixir"},{"floor":19,"key":"Explosive Potion"},{"floor":24,"key":"FearPotion"},{"floor":29,"key":"stsjorbsmod:BurningPotion"},{"floor":33,"key":"BlessingOfTheForge"},{"floor":37,"key":"SpeedPotion"}],"is_trial":false,"path_per_floor":["M","$","M","$","M","R","E","R","T","$","?","T","M","M","R_BF","B",null,"M","M","AVR","M","M","R","M","R","T","M","R","M","$","?","R","B",null,"M","?","M","AVR","M","R","?","R","T","?","T","M","M","$","R","B",null],"character_chosen":"WANDERER","items_purchased":["stsjorbsmod:Hibernate","stsjorbsmod:TinyHut+1","stsjorbsmod:ArcaneWeapon","Dexterity Potion","Ornamental Fan","stsjorbsmod:BurningFlask","hubris:EnhanceAbility+1","DuplicationPotion"],"campfire_rested":3,"item_purchase_floors":[2,2,4,10,30,30,48,48],"current_hp_per_floor":[70,70,70,70,70,70,67,67,67,67,67,67,63,60,60,61,70,67,56,56,39,41,62,70,70,70,70,70,70,70,49,49,27,49,49,49,24,24,17,31,31,45,45,45,45,44,41,41,41,49],"gold":81,"neow_bonus":"RANDOM_COMMON_RELIC","is_daily":false,"chose_seed":false,"campfire_upgraded":6,"win_rate":0.0,"timestamp":1608163041,"path_taken":["M","?","M","$","M","R","E","R","T","$","?","?","M","M","R_BF","BOSS","M","M","AVR","M","M","R","M","R","T","M","R","M","$","?","R","BOSS","M","?","M","AVR","M","R","?","R","T","?","?","?","M","$","R","BOSS"],"items_purchased_type":["Card","Card","Card","Potion","Relic","Card","Card","Potion"],"build_version":"2020-12-13","purchased_purges":2,"victory":true,"max_hp_per_floor":[70,70,70,70,70,70,70,70,70,70,70,70,70,70,70,70,70,70,70,70,70,70,70,70,70,70,70,70,70,70,49,49,49,49,49,49,49,49,49,49,49,49,49,49,49,49,49,49,49,49],"card_choices":[{"not_picked":["stsjorbsmod:Introspection","stsjorbsmod:BurningFlask"],"picked":"stsjorbsmod:ColorSpray","floor":1},{"not_picked":["stsjorbsmod:BurningFlask","stsjorbsmod:Index"],"picked":"stsjorbsmod:AnimateObjects","floor":3},{"not_picked":["stsjorbsmod:Prestidigitation","stsjorbsmod:BlackTentacles"],"picked":"stsjorbsmod:Firebolt","floor":5},{"not_picked":["stsjorbsmod:Hurt","stsjorbsmod:DoubleCheck"],"picked":"stsjorbsmod:Trauma","floor":7},{"not_picked":["stsjorbsmod:ParryingBlow","stsjorbsmod:Materialize"],"picked":"stsjorbsmod:TrueStrike","floor":13},{"not_picked":["stsjorbsmod:ThirstingSword","stsjorbsmod:Hibernate"],"picked":"stsjorbsmod:ChainLightning","floor":14},{"not_picked":["stsjorbsmod:Fear","stsjorbsmod:ThirstingSword"],"picked":"stsjorbsmod:Entangle","floor":16},{"not_picked":["stsjorbsmod:OldPocket+1","stsjorbsmod:Inferno","stsjorbsmod:BurningFlask"],"picked":"SKIP","floor":18},{"not_picked":["stsjorbsmod:Firebolt","stsjorbsmod:WanderingMind","stsjorbsmod:PurgeMind"],"picked":"SKIP","floor":19},{"not_picked":["stsjorbsmod:Prestidigitation+1","stsjorbsmod:ScorchingRay"],"picked":"stsjorbsmod:DisguiseSelf","floor":21},{"not_picked":["stsjorbsmod:Mania","stsjorbsmod:Index"],"picked":"stsjorbsmod:ChatteringStrike+1","floor":22},{"not_picked":["stsjorbsmod:Entangle","stsjorbsmod:ScorchingRay+1","stsjorbsmod:ChainLightning"],"picked":"SKIP","floor":24},{"not_picked":["stsjorbsmod:WanderingMind+1","stsjorbsmod:Hibernate"],"picked":"stsjorbsmod:Message","floor":27},{"not_picked":["stsjorbsmod:Hibernate","stsjorbsmod:ChatteringStrike","stsjorbsmod:Fear"],"picked":"SKIP","floor":29},{"not_picked":["stsjorbsmod:ThirstingSword","stsjorbsmod:Banish"],"picked":"stsjorbsmod:HoldMonster","floor":33},{"not_picked":["stsjorbsmod:UnseenServant","stsjorbsmod:DisguiseSelf"],"picked":"stsjorbsmod:DoubleCheck","floor":35},{"not_picked":["stsjorbsmod:BurningFlask+1","stsjorbsmod:ChainLightning+1"],"picked":"stsjorbsmod:Index+1","floor":37},{"not_picked":["stsjorbsmod:MagicMissiles","stsjorbsmod:RayOfFrost"],"picked":"stsjorbsmod:Index+1","floor":39},{"not_picked":["stsjorbsmod:Index+1","stsjorbsmod:ChainLightning+1","stsjorbsmod:ChatteringStrike"],"picked":"SKIP","floor":46},{"not_picked":["stsjorbsmod:Mending","stsjorbsmod:MistyStep","stsjorbsmod:MageArmor"],"picked":"SKIP","floor":47}],"player_experience":145085,"relics_obtained":[{"floor":7,"key":"DemoMod:PartiallyEatenCheese"},{"floor":9,"key":"Oddly Smooth Stone"},{"floor":12,"key":"Shuriken"},{"floor":26,"key":"Bronze Scales"},{"floor":34,"key":"Tiny Chest"},{"floor":34,"key":"Frozen Egg 2"},{"floor":34,"key":"Shovel"},{"floor":43,"key":"REME_HourglassOfDeath"},{"floor":45,"key":"stsjorbsmod:BottledMemoryRelic"},{"floor":49,"key":"REME_LimitBreaker"}],"event_choices":[{"damage_healed":0,"gold_gain":0,"player_choice":"Became a vampire","damage_taken":0,"max_hp_gain":0,"max_hp_loss":21,"event_name":"Vampires","floor":31,"gold_loss":0,"cards_obtained":["Bite","Bite","Bite","Bite","Bite"]},{"damage_healed":0,"gold_gain":0,"player_choice":"Ignored","damage_taken":0,"max_hp_gain":0,"max_hp_loss":0,"event_name":"Mysterious Sphere","floor":44,"gold_loss":0}],"is_beta":false,"boss_relics":[{"not_picked":["Philosopher\u0027s Stone","Replay:Bronze Core"],"picked":"SacredBark"},{"not_picked":["SlaversCollar","hubris:RunicObelisk"],"picked":"Calling Bell"}],"items_purged_floors":[20,48],"is_endless":false,"potions_floor_spawned":[3,5,14,18,19,24,29,33,37],"ascension_level":0}}