{"host":"wxm9nhpxzwflah6x","time":1608104761,"event":{"mods":["2.2 Compatiblity","AchievementEnabler","BaseMod","Bestiary","Better Third Choice","Curses Come First","Minty Spire (QoL Compilation)","Quick Restart","Rare Cards Sparkle","Replay The Spire","StSLib","The Blue Laboratory"],"gold_per_floor":[110,123,157,169,25,25,56,56,56,69,84,84,113,113,113,218,218,199,199,199],"floor_reached":19,"playtime":733,"items_purged":[],"score":204,"play_id":"4d19b43e-2eb1-4edf-a4a7-fb6e6089acd1","local_time":"20201215234601","is_ascension_mode":true,"campfire_choices":[{"floor":6,"key":"REST"},{"floor":8,"key":"REST"},{"floor":12,"key":"REST"},{"floor":15,"key":"REST"}],"circlet_count":0,"master_deck":["Strike_B","Strike_B","Strike_B","Strike_B","Defend_B","Defend_B","Defend_B","Defend_B","Zap","Dualcast","Chill","ReplayTheSpireMod:Calculation Training","Chaos","ReplayTheSpireMod:Calculation Training","ReplayTheSpireMod:Calculation Training","Leap","Multi-Cast","Echo Form","Turbo"],"relics":["Cracked Core","NeowsBlessing","Replay:Kaleidoscope","Bronze Scales","Kunai","Replay:Bottled Flurry","PreservedInsect","Fusion Hammer"],"acts_visited":["Exordium","TheCity"],"potions_floor_usage":[16,19],"damage_taken":[{"damage":0,"enemies":"Jaw Worm","floor":1,"turns":1},{"damage":0,"enemies":"Small Slimes","floor":2,"turns":1},{"damage":0,"enemies":"Cultist","floor":4,"turns":1},{"damage":18,"enemies":"Lagavulin","floor":7,"turns":7},{"damage":10,"enemies":"Looter","floor":10,"turns":2},{"damage":23,"enemies":"Exordium Wildlife","floor":11,"turns":5},{"damage":44,"enemies":"Gremlin Nob","floor":13,"turns":4},{"damage":26,"enemies":"Slime Boss","floor":16,"turns":8},{"damage":22,"enemies":"2 Thieves","floor":18,"turns":4},{"damage":55,"enemies":"Masked Bandits","floor":19,"turns":5}],"seed_played":"7290649633206268041","potions_obtained":[{"floor":2,"key":"blueLaboratory:HorrorPotion"},{"floor":7,"key":"blueLaboratory:CorrosionFlask"},{"floor":11,"key":"BlessingOfTheForge"},{"floor":16,"key":"blueLaboratory:PlasmaFuel"}],"is_trial":false,"path_per_floor":["M","M","?","M","$","R","E","R","T","M","M","R","E","?","R","B",null,"M","?"],"character_chosen":"DEFECT","items_purchased":["Bronze Scales"],"campfire_rested":4,"item_purchase_floors":[5],"current_hp_per_floor":[75,75,57,57,57,75,57,75,75,65,42,64,20,20,42,16,75,53,0,0],"gold":199,"neow_bonus":"THREE_ENEMY_KILL","is_daily":false,"chose_seed":false,"campfire_upgraded":0,"win_rate":0.0,"timestamp":1608104761,"path_taken":["M","M","?","M","$","R","E","R","T","M","?","R","E","?","R","BOSS","M","?"],"items_purchased_type":["Relic"],"build_version":"2020-12-13","purchased_purges":0,"victory":false,"max_hp_per_floor":[75,75,75,75,75,75,75,75,75,75,75,75,75,75,75,75,75,75,75,75],"card_choices":[{"not_picked":["Conserve Battery","Rebound","Barrage"],"picked":"SKIP","floor":1},{"not_picked":["ReplayTheSpireMod:Repulse","FIFO Queue"],"picked":"Chill","floor":2},{"not_picked":["Lockon","Heatsinks"],"picked":"ReplayTheSpireMod:Calculation Training","floor":3},{"not_picked":["Go for the Eyes","FTL"],"picked":"Chaos","floor":4},{"not_picked":["Glacier","BasicCrystalCard"],"picked":"ReplayTheSpireMod:Calculation Training","floor":7},{"not_picked":["Beam Cell","Conserve Battery"],"picked":"ReplayTheSpireMod:Calculation Training","floor":10},{"not_picked":["BasicCrystalCard","Panic Button"],"picked":"Leap","floor":11},{"not_picked":["Consume","Undo"],"picked":"Multi-Cast","floor":13},{"not_picked":["Buffer","Reboot"],"picked":"Echo Form","floor":16},{"not_picked":["Steam Power+1","Beam Cell"],"picked":"Turbo","floor":18}],"player_experience":212930,"relics_obtained":[{"floor":3,"key":"Replay:Kaleidoscope"},{"floor":7,"key":"Kunai"},{"floor":9,"key":"Replay:Bottled Flurry"},{"floor":13,"key":"PreservedInsect"}],"event_choices":[{"damage_healed":0,"gold_gain":0,"player_choice":"Ignored","damage_taken":113,"max_hp_gain":0,"max_hp_loss":0,"event_name":"betterThird:BetterSerpent","floor":14,"gold_loss":0},{"damage_healed":0,"gold_gain":0,"player_choice":"Fought Bandits","damage_taken":0,"max_hp_gain":0,"max_hp_loss":0,"event_name":"Masked Bandits","floor":19,"gold_loss":0}],"is_beta":false,"boss_relics":[{"not_picked":["Painkiller Herb","Coffee Dripper"],"picked":"Fusion Hammer"}],"items_purged_floors":[],"is_endless":false,"potions_floor_spawned":[2,7,11,16],"killed_by":"Masked Bandits","ascension_level":3}}