{"host":"hvwa7s69zr612rn1","time":1608083683,"event":{"mods":["BaseMod","Colored Map","Colored Powertips","Marisa????????","Minty Spire (QoL Compilation)","StSLib"],"gold_per_floor":[119,130,140,140,155,182,199,199,225,225,240,272,288,268,268,268,268],"floor_reached":16,"playtime":1005,"items_purged":[],"score":120,"play_id":"07dd7f18-7b98-4ed1-9856-5ce20c7c12c0","local_time":"20201216125443","is_ascension_mode":true,"campfire_choices":[{"data":"EscapeVelocity","floor":10,"key":"SMITH"},{"data":"JA","floor":15,"key":"SMITH"}],"circlet_count":0,"master_deck":["Strike_MRS","Strike_MRS","Strike_MRS","Defend_MRS","Defend_MRS","Defend_MRS","Defend_MRS","MasterSpark","UpSweep","EscapeVelocity+1","StarlightTyphoon","SuperPerseids","JA+1","Orbital","ManaConvection"],"relics":["MiniHakkero","WarpedTongs","AmplifyWand","PreservedInsect","Blood Vial"],"acts_visited":["Exordium"],"potions_floor_usage":[6,16,16],"damage_taken":[{"damage":2,"enemies":"Small Slimes","floor":1,"turns":3},{"damage":1,"enemies":"Cultist","floor":2,"turns":3},{"damage":8,"enemies":"Jaw Worm","floor":3,"turns":3},{"damage":5,"enemies":"Exordium Thugs","floor":5,"turns":3},{"damage":13,"enemies":"Gremlin Nob","floor":6,"turns":4},{"damage":16,"enemies":"2 Fungi Beasts","floor":7,"turns":3},{"damage":5,"enemies":"Lots of Slimes","floor":11,"turns":2},{"damage":9,"enemies":"3 Sentries","floor":12,"turns":3},{"damage":0,"enemies":"3 Louse","floor":13,"turns":2},{"damage":26,"enemies":"The Guardian","floor":16,"turns":3}],"seed_played":"-5747926661977930869","potions_obtained":[{"floor":1,"key":"Block Potion"},{"floor":6,"key":"Strength Potion"},{"floor":12,"key":"Strength Potion"},{"floor":13,"key":"SpeedPotion"},{"floor":14,"key":"SkillPotion"}],"is_trial":false,"path_per_floor":["M","M","M","?","M","E","M","?","T","R","M","E","M","?","R","B"],"character_chosen":"MARISA","items_purchased":[],"campfire_rested":0,"item_purchase_floors":[],"current_hp_per_floor":[73,72,64,64,59,46,30,30,30,30,25,16,18,18,18,0,0],"gold":268,"neow_bonus":"TRANSFORM_CARD","is_daily":false,"chose_seed":false,"campfire_upgraded":2,"win_rate":0.0,"timestamp":1608083683,"path_taken":["M","M","M","?","?","E","M","?","T","R","M","E","?","?","R","BOSS"],"items_purchased_type":[],"build_version":"2020-12-13","purchased_purges":0,"victory":false,"max_hp_per_floor":[75,75,75,75,75,75,75,75,75,75,75,75,75,75,75,75,75],"card_choices":[{"not_picked":["GravityBeat","MilkyWay"],"picked":"StarlightTyphoon","floor":1},{"not_picked":["DC","ChargingUp","NonDirectionalLaser"],"picked":"SKIP","floor":2},{"not_picked":["PowerUp","Acceleration"],"picked":"SuperPerseids","floor":3},{"not_picked":["WitchLeyline","DarkSpark"],"picked":"JA","floor":5},{"not_picked":["MagicAbsorber","MysteriousBeam"],"picked":"Orbital","floor":6},{"not_picked":["BlazeAway","GrandCross"],"picked":"ManaConvection","floor":7},{"not_picked":["ChargingUp","GalacticHalo","6A"],"picked":"SKIP","floor":11},{"not_picked":["ManaConvection","StarBarrage","GalacticHalo"],"picked":"SKIP","floor":12},{"not_picked":["GravityBeat","Acceleration","6A"],"picked":"SKIP","floor":13}],"player_experience":334297,"relics_obtained":[{"floor":6,"key":"AmplifyWand"},{"floor":9,"key":"PreservedInsect"},{"floor":12,"key":"Blood Vial"}],"event_choices":[{"damage_healed":0,"gold_gain":0,"player_choice":"Rummage","damage_taken":0,"relics_obtained":["WarpedTongs"],"max_hp_gain":0,"max_hp_loss":0,"event_name":"Accursed Blacksmith","floor":4,"gold_loss":0,"cards_obtained":["Pain"]},{"cards_removed":["Pain"],"damage_healed":0,"gold_gain":0,"player_choice":"Purged","damage_taken":0,"max_hp_gain":0,"max_hp_loss":0,"event_name":"Purifier","floor":8,"gold_loss":0},{"damage_healed":0,"gold_gain":0,"player_choice":"Bought 1 Potion","damage_taken":0,"max_hp_gain":0,"max_hp_loss":0,"event_name":"The Woman in Blue","floor":14,"gold_loss":0}],"is_beta":false,"boss_relics":[],"items_purged_floors":[],"is_endless":false,"potions_floor_spawned":[1,6,12,13],"killed_by":"The Guardian","ascension_level":1}}