{"host":"7z9w9s73v2jobm2z","time":1608101269,"event":{"mods":["AchievementEnabler","BaseMod","Colored Map","Colored Powertips","Custom Start","Minty Spire (QoL Compilation)","Quick Restart","Rare Cards Sparkle","Relic Stats","StSLib"],"gold_per_floor":[111,10,185,85,85,85,101,101,101,141,166,198,225,252,252,365,392,419,419,433,86,102,102,102,128,128,128,128],"floor_reached":27,"playtime":1051,"items_purged":["Defend_P","Doubt"],"score":404,"play_id":"1f28f50d-35d1-405b-bacf-a4bf238e9943","local_time":"20201216014749","is_ascension_mode":true,"campfire_choices":[{"data":"SandsOfTime","floor":6.0,"key":"SMITH"},{"data":"SandsOfTime","floor":15.0,"key":"SMITH"},{"floor":23.0,"key":"REST"}],"circlet_count":0,"master_deck":["Strike_P","Strike_P+1","Defend_P","Defend_P+1","Eruption","Vigilance","SandsOfTime+1","ThirdEye","SandsOfTime+1","ThirdEye","MentalFortress","Study","Adaptation","Blasphemy","Wireheading+1","Worship+1","Tantrum+1","Vengeance+1","SandsOfTime","Study","EmptyBody"],"relics":["PureWater","NeowsBlessing","Lantern","CeramicFish","Akabeko","Astrolabe","Nilry\u0027s Codex","Bottled Tornado","StoneCalendar"],"acts_visited":["Exordium","TheCity"],"potions_floor_usage":[25,27],"damage_taken":[{"damage":0.0,"enemies":"Small Slimes","floor":1.0,"turns":1.0},{"damage":0.0,"enemies":"Jaw Worm","floor":7.0,"turns":1.0},{"damage":0.0,"enemies":"Gremlin Nob","floor":10.0,"turns":1.0},{"damage":0.0,"enemies":"Cultist","floor":11.0,"turns":3.0},{"damage":21.0,"enemies":"Lagavulin","floor":12.0,"turns":6.0},{"damage":7.0,"enemies":"2 Fungi Beasts","floor":13.0,"turns":4.0},{"damage":1.0,"enemies":"Blue Slaver","floor":14.0,"turns":3.0},{"damage":0.0,"enemies":"The Guardian","floor":16.0,"turns":7.0},{"damage":30.0,"enemies":"2 Thieves","floor":18.0,"turns":4.0},{"damage":0.0,"enemies":"Spheric Guardian","floor":20.0,"turns":2.0},{"damage":0.0,"enemies":"Shelled Parasite and Fungi","floor":22.0,"turns":1.0},{"damage":34,"enemies":"3 Cultists","floor":25,"turns":5},{"damage":15,"enemies":"Slavers","floor":27,"turns":1}],"seed_played":"7387317094391263996","potions_obtained":[{"floor":10.0,"key":"Swift Potion"},{"floor":11.0,"key":"Explosive Potion"},{"floor":14.0,"key":"Block Potion"},{"floor":22.0,"key":"Swift Potion"}],"is_trial":false,"path_per_floor":["M","$","?","$","?","R","M","?","T","E","M","E","M","M","R","B",null,"M","?","M","$","M","R","?","M","T","E"],"character_chosen":"WATCHER","items_purchased":["ThirdEye","SandsOfTime","Study","Bottled Tornado"],"campfire_rested":1,"item_purchase_floors":[2,21,21,21],"current_hp_per_floor":[72,72,72,72,58,58,58,72,72,72,72,51,44,43,43,43,65,35,19,19,19,19,40,40,6,6,0,0],"gold":128,"neow_bonus":"THREE_ENEMY_KILL","is_daily":false,"chose_seed":false,"campfire_upgraded":2,"win_rate":0.0,"timestamp":1608101269,"path_taken":["M","$","?","$","?","R","M","?","T","E","?","E","M","M","R","BOSS","M","?","M","$","M","R","?","M","T","E"],"items_purchased_type":["Card","Card","Card","Relic"],"build_version":"2020-12-13","purchased_purges":2,"victory":false,"max_hp_per_floor":[72,72,72,72,72,72,72,72,72,72,72,72,72,72,72,72,72,72,72,72,72,72,72,72,72,72,72,72],"relic_stats":{"counters":[13,39],"CeramicFish":108,"Astrolabe":["Wireheading","Worship","Tantrum"],"StoneCalendar":[0],"obtain_stats":[{"Lantern":9,"NeowsBlessing":0,"Nilry\u0027s Codex":19,"CeramicFish":10,"Astrolabe":17,"StoneCalendar":26,"PureWater":0,"Bottled Tornado":21,"Akabeko":12},{"Lantern":2,"NeowsBlessing":0,"Nilry\u0027s Codex":9,"CeramicFish":3,"Astrolabe":8,"StoneCalendar":12,"PureWater":0,"Bottled Tornado":10,"Akabeko":5},{"Lantern":2,"NeowsBlessing":0,"Nilry\u0027s Codex":30,"CeramicFish":3,"Astrolabe":26,"StoneCalendar":38,"PureWater":0,"Bottled Tornado":32,"Akabeko":12}]},"card_choices":[{"not_picked":["ThirdEye","EmptyFist"],"picked":"SandsOfTime","floor":1.0},{"not_picked":["ThirdEye","FlyingSleeves"],"picked":"SandsOfTime","floor":7.0},{"not_picked":["Halt","Vengeance"],"picked":"ThirdEye","floor":10.0},{"not_picked":["CrushJoints","Pray"],"picked":"MentalFortress","floor":11.0},{"not_picked":["TalkToTheHand","ClearTheMind","JustLucky"],"picked":"SKIP","floor":12.0},{"not_picked":["Prostrate","Indignation"],"picked":"Study","floor":13.0},{"not_picked":["Omniscience","EmptyBody"],"picked":"Adaptation","floor":14.0},{"not_picked":["Wish","DevaForm"],"picked":"Blasphemy","floor":16.0},{"not_picked":["Pray","JustLucky"],"picked":"Vengeance+1","floor":18.0},{"not_picked":["FlyingSleeves+1","BowlingBash","ClearTheMind"],"picked":"SKIP","floor":20.0},{"not_picked":["EmptyMind","Consecrate","SashWhip"],"picked":"SKIP","floor":22.0},{"not_picked":["SashWhip+1","Study"],"picked":"EmptyBody","floor":25}],"player_experience":424026,"relics_obtained":[{"floor":9.0,"key":"Lantern"},{"floor":10.0,"key":"CeramicFish"},{"floor":12.0,"key":"Akabeko"},{"floor":19.0,"key":"Nilry\u0027s Codex"},{"floor":26,"key":"StoneCalendar"}],"event_choices":[{"damage_healed":0.0,"max_hp_gain":0.0,"max_hp_loss":0.0,"gold_gain":175.0,"event_name":"Liars Game","player_choice":"AGREE","floor":3.0,"gold_loss":0.0,"damage_taken":0.0,"cards_obtained":["Doubt"]},{"damage_healed":0.0,"max_hp_gain":0.0,"max_hp_loss":0.0,"gold_gain":0.0,"event_name":"Shining Light","player_choice":"Entered Light","floor":5.0,"gold_loss":0.0,"damage_taken":14.0,"cards_upgraded":["Strike_P","Defend_P"]},{"damage_healed":14.0,"max_hp_gain":0.0,"max_hp_loss":0.0,"gold_gain":0.0,"event_name":"Wheel of Change","player_choice":"Full Heal","floor":8.0,"gold_loss":0.0,"damage_taken":0.0},{"damage_healed":0.0,"max_hp_gain":0.0,"max_hp_loss":0.0,"gold_gain":0.0,"event_name":"Cursed Tome","player_choice":"Obtained Book","floor":19.0,"gold_loss":0.0,"damage_taken":16.0},{"damage_healed":0.0,"max_hp_gain":0.0,"max_hp_loss":0.0,"gold_gain":0.0,"event_name":"Match and Keep!","player_choice":"0 cards matched","floor":24.0,"gold_loss":0.0,"damage_taken":0.0,"cards_obtained":[]}],"is_beta":false,"boss_relics":[{"not_picked":["Cursed Key","Coffee Dripper"],"picked":"Astrolabe"}],"items_purged_floors":[2,4],"is_endless":false,"potions_floor_spawned":[10,11,14,22],"killed_by":"Slavers","ascension_level":5}}