{"host":"kda2p2afd6bvz6qo","time":1608081068,"event":{"mods":["BaseMod","Colored Map","Minty Spire (QoL Compilation)","Relic Stats"],"gold_per_floor":[109,121,9,84,94,127,127,152,178,190,190,190,219,232,232,331,331,345,13,13,27,27,57,57,72,72,91,122,122,157,40,40,141,141,153,153,167,167,9,35,35,60,60,60,60,95,112,24,24,24],"floor_reached":51,"playtime":2697,"items_purged":["Strike_G","Strike_G","Shame"],"score":1189,"play_id":"a1969f8f-5db3-46fd-be17-b1cd0ccc8dd0","local_time":"20201216011108","is_ascension_mode":true,"campfire_choices":[{"data":"Predator","floor":7,"key":"SMITH"},{"floor":11,"key":"REST"},{"floor":15,"key":"REST"},{"floor":29,"key":"REST"},{"data":"Footwork","floor":32,"key":"SMITH"},{"data":"Terror","floor":44,"key":"SMITH"},{"data":"Footwork","floor":49,"key":"SMITH"}],"circlet_count":0,"master_deck":["AscendersBane","Strike_G","Strike_G","Defend_G","Defend_G","Defend_G","Defend_G","Defend_G","Survivor","Neutralize","Bouncing Flask","Quick Slash","Noxious Fumes","Predator+1","Backflip","Dagger Spray","Terror+1","Envenom","Footwork+1","Corpse Explosion","Quick Slash+1","Outmaneuver+1","Skewer+1","Flying Knee+1","Glass Knife+1","PiercingWail","Footwork+1","Glass Knife+1","After Image","Catalyst+1","Adrenaline+1","Crippling Poison+1","Doubt"],"relics":["Velvet Choker","PreservedInsect","Juzu Bracelet","MealTicket","Happy Flower","Runic Pyramid","Molten Egg 2","Matryoshka","Shuriken","Pantograph","The Courier","Mummified Hand","White Beast Statue","Smiling Mask","Toxic Egg 2","Vajra","Cursed Key","HornCleat","Bottled Lightning","Bag of Preparation","Sundial"],"acts_visited":["Exordium","TheCity","TheBeyond"],"potions_floor_usage":[6,21,23,23,30,33,35,40,50,50,50],"damage_taken":[{"damage":4,"enemies":"Jaw Worm","floor":1,"turns":6},{"damage":1,"enemies":"2 Louse","floor":2,"turns":2},{"damage":0,"enemies":"Cultist","floor":5,"turns":3},{"damage":10,"enemies":"3 Sentries","floor":6,"turns":8},{"damage":10,"enemies":"Gremlin Nob","floor":8,"turns":3},{"damage":8,"enemies":"Looter","floor":10,"turns":2},{"damage":20,"enemies":"Lagavulin","floor":13,"turns":5},{"damage":3,"enemies":"Blue Slaver","floor":14,"turns":3},{"damage":23,"enemies":"Hexaghost","floor":16,"turns":8},{"damage":0,"enemies":"3 Byrds","floor":18,"turns":2},{"damage":18,"enemies":"Spheric Guardian","floor":21,"turns":6},{"damage":27,"enemies":"Book of Stabbing","floor":23,"turns":4},{"damage":8,"enemies":"Snecko","floor":25,"turns":3},{"damage":6,"enemies":"Cultist and Chosen","floor":27,"turns":5},{"damage":14,"enemies":"Gremlin Leader","floor":28,"turns":5},{"damage":6,"enemies":"Slavers","floor":30,"turns":2},{"damage":20,"enemies":"Automaton","floor":33,"turns":9},{"damage":0,"enemies":"Orb Walker","floor":35,"turns":2},{"damage":6,"enemies":"3 Shapes","floor":37,"turns":2},{"damage":27,"enemies":"Nemesis","floor":40,"turns":7},{"damage":6,"enemies":"Reptomancer","floor":42,"turns":3},{"damage":27,"enemies":"Nemesis","floor":46,"turns":5},{"damage":0,"enemies":"Sphere and 2 Shapes","floor":47,"turns":4},{"damage":25,"enemies":"Awakened One","floor":50,"turns":11}],"seed_played":"-6128747819344540923","potions_obtained":[{"floor":1,"key":"FearPotion"},{"floor":2,"key":"SkillPotion"},{"floor":14,"key":"AttackPotion"},{"floor":18,"key":"Regen Potion"},{"floor":21,"key":"SkillPotion"},{"floor":27,"key":"CunningPotion"},{"floor":28,"key":"GhostInAJar"},{"floor":30,"key":"EssenceOfSteel"},{"floor":33,"key":"BlessingOfTheForge"},{"floor":35,"key":"Weak Potion"},{"floor":37,"key":"Poison Potion"},{"floor":40,"key":"Fire Potion"},{"floor":42,"key":"FearPotion"},{"floor":46,"key":"Strength Potion"}],"is_trial":false,"path_per_floor":["M","M","$","?","M","E","R","E","T","M","R","?","E","M","R","B",null,"M","$","?","M","?","E","T","M","T","M","E","R","E","$","R","B",null,"M","?","M","?","$","E","$","E","T","R","?","E","M","$","R","B",null],"character_chosen":"THE_SILENT","items_purchased":["Noxious Fumes","Predator","Molten Egg 2","Vajra","Adrenaline+1","Block Potion"],"campfire_rested":3,"item_purchase_floors":[3,3,19,31,39,48],"current_hp_per_floor":[59,58,58,47,47,37,37,27,27,19,40,40,20,17,38,15,56,56,70,70,52,52,37,37,29,29,23,9,30,24,39,39,44,64,64,64,58,58,66,39,54,48,48,48,48,21,21,36,36,36],"gold":24,"neow_bonus":"BOSS_RELIC","is_daily":false,"chose_seed":false,"campfire_upgraded":4,"win_rate":0.0,"timestamp":1608081068,"path_taken":["M","M","$","?","M","E","R","E","T","M","R","?","E","M","R","BOSS","M","$","?","M","?","E","?","M","T","M","E","R","E","?","R","BOSS","M","?","M","?","$","E","$","E","T","R","?","E","M","$","R","BOSS"],"items_purchased_type":["Card","Card","Relic","Relic","Card","Potion"],"build_version":"2020-12-13","purchased_purges":3,"victory":true,"max_hp_per_floor":[70,70,70,70,70,70,70,70,70,70,70,70,70,70,70,70,70,70,70,70,70,70,70,70,70,70,70,70,70,70,70,70,70,70,70,70,70,66,66,66,66,66,66,66,66,66,66,66,66,66],"relic_stats":{"Happy Flower":[27],"counters":[24,110],"PreservedInsect":345,"Juzu Bracelet":1,"Bag of Preparation":[6],"Smiling Mask":80,"Cursed Key":1,"Shuriken":[16],"Mummified Hand":[34],"Sundial":[2],"Pantograph":50,"MealTicket":67,"obtain_stats":[{"Happy Flower":13,"Velvet Choker":0,"Vajra":31,"PreservedInsect":6,"The Courier":24,"Juzu Bracelet":8,"Bag of Preparation":43,"Smiling Mask":28,"Cursed Key":34,"White Beast Statue":26,"Matryoshka":20,"HornCleat":40,"Shuriken":23,"Mummified Hand":26,"Sundial":46,"Pantograph":24,"MealTicket":9,"Molten Egg 2":19,"Bottled Lightning":42,"Toxic Egg 2":30,"Ring of the Snake":0,"Runic Pyramid":17},{"Happy Flower":7,"Velvet Choker":0,"Vajra":16,"PreservedInsect":4,"The Courier":12,"Juzu Bracelet":5,"Bag of Preparation":21,"Smiling Mask":15,"Cursed Key":17,"White Beast Statue":13,"Matryoshka":10,"HornCleat":20,"Shuriken":12,"Mummified Hand":13,"Sundial":22,"Pantograph":12,"MealTicket":5,"Molten Egg 2":10,"Bottled Lightning":21,"Toxic Egg 2":16,"Ring of the Snake":0,"Runic Pyramid":9},{"Happy Flower":29,"Velvet Choker":0,"Vajra":67,"PreservedInsect":19,"The Courier":52,"Juzu Bracelet":22,"Bag of Preparation":90,"Smiling Mask":65,"Cursed Key":76,"White Beast Statue":55,"Matryoshka":42,"HornCleat":87,"Shuriken":52,"Mummified Hand":55,"Sundial":95,"Pantograph":52,"MealTicket":22,"Molten Egg 2":42,"Bottled Lightning":90,"Toxic Egg 2":67,"Ring of the Snake":0,"Runic Pyramid":40}]},"card_choices":[{"not_picked":["Infinite Blades","Backflip"],"picked":"Bouncing Flask","floor":1},{"not_picked":["Deflect","Underhanded Strike"],"picked":"Quick Slash","floor":2},{"not_picked":["Slice","Tactician"],"picked":"Backflip","floor":5},{"not_picked":["Dodge and Roll","Finisher","Choke"],"picked":"SKIP","floor":6},{"not_picked":["Expertise","Bane"],"picked":"Dagger Spray","floor":8},{"not_picked":["Masterful Stab","Flying Knee"],"picked":"Terror","floor":10},{"not_picked":["Dagger Spray","Cloak And Dagger"],"picked":"Envenom","floor":13},{"not_picked":["Flying Knee","Outmaneuver"],"picked":"Footwork","floor":14},{"not_picked":["Glass Knife","After Image"],"picked":"Corpse Explosion","floor":16},{"not_picked":["Cloak And Dagger","Deflect"],"picked":"Quick Slash+1","floor":18},{"not_picked":["Bouncing Flask","Dodge and Roll+1"],"picked":"Outmaneuver+1","floor":21},{"not_picked":["Outmaneuver","Dodge and Roll"],"picked":"Flying Knee+1","floor":23},{"not_picked":["Bouncing Flask+1","Backflip"],"picked":"Glass Knife+1","floor":25},{"not_picked":["Underhanded Strike+1","Bane+1"],"picked":"PiercingWail","floor":27},{"not_picked":["Slice+1","Dodge and Roll"],"picked":"Footwork","floor":28},{"not_picked":["Deadly Poison+1","Sucker Punch+1"],"picked":"Glass Knife+1","floor":30},{"not_picked":["Adrenaline+1","Wraith Form v2"],"picked":"After Image","floor":33},{"not_picked":["Backflip+1","Choke+1"],"picked":"Catalyst+1","floor":35},{"not_picked":["Endless Agony+1","Cloak And Dagger+1","Blade Dance+1"],"picked":"SKIP","floor":37},{"not_picked":["Cloak And Dagger+1","Dodge and Roll+1","Backflip+1"],"picked":"SKIP","floor":40},{"not_picked":["Backstab+1","Bullet Time+1"],"picked":"Crippling Poison+1","floor":42},{"not_picked":["Sucker Punch+1","Underhanded Strike+1","Bouncing Flask+1"],"picked":"SKIP","floor":46},{"not_picked":["Acrobatics+1","Finisher+1","Deadly Poison+1"],"picked":"SKIP","floor":47}],"player_experience":63458,"relics_obtained":[{"floor":6,"key":"PreservedInsect"},{"floor":8,"key":"Juzu Bracelet"},{"floor":9,"key":"MealTicket"},{"floor":13,"key":"Happy Flower"},{"floor":23,"key":"Shuriken"},{"floor":24,"key":"Pantograph"},{"floor":24,"key":"The Courier"},{"floor":26,"key":"Mummified Hand"},{"floor":26,"key":"White Beast Statue"},{"floor":28,"key":"Smiling Mask"},{"floor":30,"key":"Toxic Egg 2"},{"floor":40,"key":"HornCleat"},{"floor":42,"key":"Bottled Lightning"},{"floor":43,"key":"Bag of Preparation"},{"floor":46,"key":"Sundial"}],"event_choices":[{"damage_healed":0,"gold_gain":75,"player_choice":"Gather Gold","damage_taken":11,"max_hp_gain":0,"max_hp_loss":0,"event_name":"World of Goop","floor":4,"gold_loss":0},{"cards_removed":["Strike_G"],"damage_healed":0,"gold_gain":0,"player_choice":"Offered Basic","damage_taken":0,"max_hp_gain":0,"max_hp_loss":0,"event_name":"Bonfire Elementals","floor":12,"gold_loss":0},{"damage_healed":0,"gold_gain":0,"player_choice":"Stole Relic","damage_taken":0,"relics_obtained":["Matryoshka"],"max_hp_gain":0,"max_hp_loss":0,"event_name":"Addict","floor":20,"gold_loss":0,"cards_obtained":["Shame"]},{"damage_healed":0,"gold_gain":0,"player_choice":"Read","damage_taken":0,"max_hp_gain":0,"max_hp_loss":0,"event_name":"The Library","floor":22,"gold_loss":0,"cards_obtained":["Skewer"]},{"damage_healed":0,"gold_gain":0,"player_choice":"Ignored","damage_taken":0,"max_hp_gain":0,"max_hp_loss":0,"event_name":"Tomb of Lord Red Mask","floor":36,"gold_loss":0},{"damage_healed":0,"gold_gain":0,"player_choice":"Max HP","damage_taken":0,"max_hp_gain":0,"max_hp_loss":4,"event_name":"Winding Halls","floor":38,"gold_loss":0},{"damage_healed":0,"gold_gain":0,"player_choice":"Ignored","damage_taken":0,"max_hp_gain":0,"max_hp_loss":0,"event_name":"SecretPortal","floor":45,"gold_loss":0}],"is_beta":false,"boss_relics":[{"not_picked":["Ectoplasm","Coffee Dripper"],"picked":"Runic Pyramid"},{"not_picked":["SacredBark","WristBlade"],"picked":"Cursed Key"}],"items_purged_floors":[19,39,48],"is_endless":false,"potions_floor_spawned":[1,2,14,18,21,27,28,30,33,35,37,40,42,46,47],"ascension_level":10}}