{"host":"icrrc9b69c1a6188","time":1608157529,"event":{"mods":["BaseMod","Better Altar","Better Match","Better Note","Better Sensory Stone","Better Skull","Better Third Choice","Colored Map","Colored Powertips","Displayed Cursed Tome","Faster Ascension Climbing","HexUI Lib","Minty Spire (QoL Compilation)","Random Character Mod","Spicy Shops","StSLib","Unceasing Turn Reminder"],"gold_per_floor":[111,111,8,22,38,38,53,53,77,152,24,39,49,49,49,123,123,136,136,136,152,169,169,203,45,45,45,45,45,45,61,61,138,138,156,156,173,189,0,0,0,0,54,65,97,97,97,97,97,97,97],"floor_reached":50,"playtime":2729,"items_purged":["Strike_B"],"score":1131,"play_id":"cdfe0c13-c56e-4e8d-9de2-3a0998fb7b6e","local_time":"20201216162529","is_ascension_mode":true,"campfire_choices":[{"data":"Zap","floor":6,"key":"SMITH"},{"data":"Dualcast","floor":8,"key":"SMITH"},{"floor":15,"key":"REST"},{"floor":23,"key":"REST"},{"data":"Defragment","floor":27,"key":"SMITH"},{"data":"Defragment","floor":30,"key":"SMITH"},{"data":"Echo Form","floor":32,"key":"SMITH"},{"data":"Blind","floor":40,"key":"SMITH"},{"floor":42,"key":"REST"},{"floor":46,"key":"REST"},{"floor":49,"key":"RECALL"}],"circlet_count":0,"master_deck":["AscendersBane","Defend_B","Defend_B","Defend_B","Defend_B","Zap+1","Dualcast+1","FTL","All For One","Turbo","Capacitor","Loop","Steam","Blind+1","Ball Lightning","Doom and Gloom","Echo Form+1","Defragment+1","Electrodynamics","Electrodynamics","Chill","Darkness+1","Defragment+1","Core Surge","Rainbow+1","Conserve Battery+1","Sadistic Nature","Bandage Up","Pain","Leap+1"],"relics":["Runic Pyramid","Bag of Preparation","Nuclear Battery","Potion Belt","DollysMirror","Question Card","Enchiridion","Cursed Key","Red Mask","Shovel","StoneCalendar"],"acts_visited":["Exordium","TheCity","TheBeyond"],"potions_floor_usage":[16,18,21,24,50,50,50],"damage_taken":[{"damage":3,"enemies":"Small Slimes","floor":1,"turns":4},{"damage":2,"enemies":"Jaw Worm","floor":4,"turns":3},{"damage":9,"enemies":"2 Louse","floor":5,"turns":3},{"damage":14,"enemies":"Exordium Thugs","floor":7,"turns":3},{"damage":5,"enemies":"3 Louse","floor":12,"turns":3},{"damage":7,"enemies":"Exordium Wildlife","floor":13,"turns":4},{"damage":0,"enemies":"Slime Boss","floor":16,"turns":4},{"damage":8,"enemies":"2 Thieves","floor":18,"turns":3},{"damage":0,"enemies":"Spheric Guardian","floor":21,"turns":3},{"damage":17,"enemies":"Shelled Parasite and Fungi","floor":22,"turns":5},{"damage":0,"enemies":"Slavers","floor":24,"turns":3},{"damage":0,"enemies":"Cultist and Chosen","floor":31,"turns":4},{"damage":14,"enemies":"Collector","floor":33,"turns":8},{"damage":43,"enemies":"3 Darklings","floor":35,"turns":3},{"damage":0,"enemies":"3 Shapes","floor":37,"turns":3},{"damage":21,"enemies":"3 Darklings","floor":38,"turns":3},{"damage":9,"enemies":"Sphere and 2 Shapes","floor":44,"turns":5},{"damage":6,"enemies":"Reptomancer","floor":45,"turns":6},{"damage":77,"enemies":"Donu and Deca","floor":50,"turns":5}],"seed_played":"3772672925482702428","potions_obtained":[{"floor":7,"key":"DuplicationPotion"},{"floor":12,"key":"Block Potion"},{"floor":16,"key":"PowerPotion"},{"floor":18,"key":"AttackPotion"},{"floor":24,"key":"FairyPotion"},{"floor":33,"key":"Dexterity Potion"},{"floor":35,"key":"FocusPotion"},{"floor":45,"key":"Dexterity Potion"}],"is_trial":false,"path_per_floor":["M","?","$","M","M","R","M","R","T","?","$","M","M","$","R","B",null,"M","?","?","M","M","R","E","$","T","R","?","?","R","M","R","B",null,"M","?","M","M","?","R","?","R","T","M","E","R","$","?","R","B"],"character_chosen":"DEFECT","items_purchased":["Turbo","Blind","DollysMirror"],"campfire_rested":4,"item_purchase_floors":[3,11,25],"current_hp_per_floor":[61,61,61,59,50,50,36,36,36,25,25,20,13,13,34,34,62,54,54,54,54,37,58,58,58,58,58,37,39,39,39,39,25,60,17,17,17,21,21,21,21,42,42,37,35,56,56,56,56,0,0],"gold":97,"neow_bonus":"BOSS_RELIC","is_daily":false,"chose_seed":false,"campfire_upgraded":6,"win_rate":0.0,"timestamp":1608157529,"path_taken":["M","?","$","M","M","R","M","R","T","?","$","M","M","?","R","BOSS","M","?","?","?","M","R","E","$","T","R","?","?","R","?","R","BOSS","M","?","?","?","?","R","?","R","T","M","E","R","$","?","R","BOSS"],"items_purchased_type":["Card","Card","Relic"],"build_version":"2020-12-13","purchased_purges":1,"victory":false,"max_hp_per_floor":[71,71,71,71,71,71,71,71,71,71,71,71,71,71,71,71,71,71,71,71,71,71,71,71,71,71,71,71,71,71,71,71,71,71,71,71,71,71,71,71,71,71,71,71,71,71,71,71,71,71,71],"card_choices":[{"not_picked":["Hologram","Rebound"],"picked":"FTL","floor":1},{"not_picked":["Force Field","Stack"],"picked":"Capacitor","floor":4},{"not_picked":["Stack","Melter"],"picked":"Loop","floor":5},{"not_picked":["Barrage","Hologram"],"picked":"Steam","floor":7},{"not_picked":["Leap","Melter"],"picked":"Ball Lightning","floor":12},{"not_picked":["Skim","Ball Lightning"],"picked":"Doom and Gloom","floor":13},{"not_picked":["Buffer","Creative AI"],"picked":"Echo Form","floor":16},{"not_picked":["Turbo","Recycle"],"picked":"Defragment","floor":18},{"not_picked":["Barrage+1","Conserve Battery"],"picked":"Chill","floor":21},{"not_picked":["Streamline","Compile Driver","Sweeping Beam"],"picked":"SKIP","floor":22},{"not_picked":["Recycle","Rebound+1"],"picked":"Darkness+1","floor":24},{"not_picked":["Ball Lightning","Redo","Rebound"],"picked":"Core Surge","floor":31},{"not_picked":["Seek","Meteor Strike","All For One"],"picked":"Rainbow","floor":33},{"not_picked":["Gash","Loop","Hologram+1"],"picked":"Leap","floor":35},{"not_picked":["Ball Lightning","Barrage","Skim"],"picked":"Conserve Battery+1","floor":37},{"not_picked":["Ball Lightning","Turbo","Recycle+1","Melter+1"],"picked":"SKIP","floor":38},{"not_picked":["Swift Strike","Blind","Forethought"],"picked":"Sadistic Nature","floor":41},{"not_picked":["Mayhem","Forethought","Flash of Steel"],"picked":"Bandage Up","floor":41},{"not_picked":["Ball Lightning","Doom and Gloom","Coolheaded"],"picked":"Leap+1","floor":44},{"not_picked":["Steam Power+1","FTL","Redo","Barrage"],"picked":"SKIP","floor":45}],"player_experience":653424,"relics_obtained":[{"floor":9,"key":"Bag of Preparation"},{"floor":24,"key":"Potion Belt"},{"floor":26,"key":"Question Card"},{"floor":45,"key":"Shovel"}],"event_choices":[{"damage_healed":0,"gold_gain":0,"cards_transformed":["Strike_B"],"player_choice":"Change","damage_taken":0,"max_hp_gain":0,"max_hp_loss":0,"event_name":"Living Wall","floor":2,"gold_loss":0,"cards_obtained":["All For One"]},{"damage_healed":0,"gold_gain":75,"player_choice":"Gold","damage_taken":11,"max_hp_gain":1,"max_hp_loss":0,"event_name":"betterThird:BetterGoop","floor":10,"gold_loss":0},{"cards_removed":["Echo Form"],"damage_healed":0,"gold_gain":0,"player_choice":"Give","damage_taken":0,"max_hp_gain":0,"max_hp_loss":0,"event_name":"betterNote:BetterNote","floor":19,"gold_loss":0,"cards_obtained":["Strike_G"]},{"damage_healed":0,"gold_gain":0,"cards_transformed":["Strike_B","Strike_B"],"player_choice":"Became Test Subject","damage_taken":0,"max_hp_gain":0,"max_hp_loss":0,"event_name":"Drug Dealer","floor":20,"gold_loss":0,"cards_obtained":["Electrodynamics","Electrodynamics"]},{"damage_healed":0,"gold_gain":0,"player_choice":"Obtained Book","damage_taken":21,"max_hp_gain":0,"max_hp_loss":0,"event_name":"Cursed Tome","floor":28,"gold_loss":0},{"damage_healed":2,"gold_gain":0,"player_choice":"LEAVE ","damage_taken":0,"relics_obtained":[],"max_hp_gain":0,"max_hp_loss":0,"event_name":"betterSkull:BetterSkull","floor":29,"gold_loss":0,"cards_upgraded":[]},{"damage_healed":0,"gold_gain":0,"player_choice":"Upgraded","damage_taken":0,"max_hp_gain":0,"max_hp_loss":0,"event_name":"Upgrade Shrine","floor":36,"gold_loss":0,"cards_upgraded":["Rainbow"]},{"damage_healed":0,"gold_gain":0,"player_choice":"Paid","damage_taken":0,"relics_obtained":["Red Mask"],"max_hp_gain":0,"max_hp_loss":0,"event_name":"Tomb of Lord Red Mask","floor":39,"gold_loss":189},{"damage_healed":0,"gold_gain":3,"player_choice":"1","damage_taken":0,"max_hp_gain":0,"max_hp_loss":0,"event_name":"betterStone:BetterStone","floor":41,"gold_loss":0},{"cards_removed":["Leap"],"damage_healed":0,"gold_gain":0,"player_choice":"Gave Card","damage_taken":0,"relics_obtained":["StoneCalendar"],"max_hp_gain":0,"max_hp_loss":0,"event_name":"WeMeetAgain","floor":48,"gold_loss":0}],"is_beta":false,"boss_relics":[{"not_picked":["Sozu","Philosopher\u0027s Stone"],"picked":"Nuclear Battery"},{"not_picked":["Fusion Hammer","Black Star"],"picked":"Cursed Key"}],"items_purged_floors":[3],"is_endless":false,"potions_floor_spawned":[7,12,16,18,24,33,35,45],"killed_by":"Donu and Deca","ascension_level":20}}