{"host":"c9m2z2wmcavfgdp8","time":1608142138,"event":{"mods":["2.2 Compatiblity","Act Like it!","Aspiration","BaseMod","Better Third Choice","Conspire","Downfall","Ekko","Elementarium","Energized Spire","Friendly Minions","GifTheSpireLib","Hallownest","Hermit","Hubris","Infinite Spire","Jorbs\u0027s Wanderer Trilogy","Koishi","Luminous","Marisa????????","Menagerie","Minty Spire (QoL Compilation)","Pale of the Ancients","Permanent Neow","Potionbrewer","Prisma Mod","READ ME - Guardian Mod","Remilia??????","Replay The Spire","SCP261 Mod","Shop Mod","StSLib","The Animator","The Blackbeard","The Bug Knight","The Cursed","The Death Knight","The Disciple","The Exalted","The Hierophant","The Necromancer","The Servant 0.9.4","TheBandit","TheFirefly"],"gold_per_floor":[99,130,130,148,180,197,197,209,209,239,7,18,18,118,135,135,135],"floor_reached":16,"playtime":876,"items_purged":[],"score":120,"play_id":"ad7016de-796a-48d4-8df5-2fb201eeb460","local_time":"20201216190858","is_ascension_mode":false,"campfire_choices":[{"floor":1,"key":"RECALL"},{"data":"Summon_Lich","floor":3,"key":"SMITH"},{"data":"Grasp_Heart","floor":9,"key":"SMITH"}],"circlet_count":0,"master_deck":["Strike_W","Strike_W","Strike_W","Strike_W","Defend_W","Defend_W","Defend_W","Defend_W","Negative_Energy_Arrows+1","Bone_Wall","Summon_Lich+1","Negative_Energy_Mist","Summon_Undead_Army","Grasp_Heart+1","Plague_Bolt","Blood_Wake","Negative_Energy_Sphere","Mayhem","Strike_from_Beyond","Life_Drain","hubris:Fate","Bone_Armor"],"relics":["Vampire_Amulet","hubris:GlazedTorus","aspiration:HiddenCompartment","Gremlin Horn","Pear"],"acts_visited":["Exordium"],"potions_floor_usage":[5,5,10,16],"damage_taken":[{"damage":28,"enemies":"Gremlin Nob","floor":2,"turns":5},{"damage":0,"enemies":"Cultist","floor":4,"turns":3},{"damage":15,"enemies":"Lagavulin","floor":5,"turns":6},{"damage":0,"enemies":"Jaw Worm","floor":6,"turns":4},{"damage":0,"enemies":"Small Slimes","floor":8,"turns":2},{"damage":14,"enemies":"Gremlin Nob","floor":10,"turns":3},{"damage":5,"enemies":"downfall:FleeingMerchant","floor":11,"turns":4},{"damage":13,"enemies":"Gremlin Gang","floor":12,"turns":2},{"damage":11,"enemies":"Exordium Thugs","floor":15,"turns":3},{"damage":18,"enemies":"downfall:Silent","floor":16,"turns":4}],"seed_played":"6610849049931476067","potions_obtained":[{"floor":2,"key":"SCP261:GirlTearsPotion"},{"floor":4,"key":"potionbrewer:AcidPotion"},{"floor":6,"key":"SCP261:SweetSwarmPotion"},{"floor":15,"key":"DeathKnight:RimePotion"}],"is_trial":false,"path_per_floor":["R","E","R","M","E","M","T","M","R","E","$","M","?","?","M","B"],"character_chosen":"NECROMANCER","items_purchased":["Mayhem","Strike_from_Beyond"],"campfire_rested":0,"item_purchase_floors":[11,11],"current_hp_per_floor":[75,49,49,51,38,40,40,44,44,42,37,32,11,11,10,0,0],"gold":135,"neow_bonus":"UPGRADE_CARD","is_daily":false,"chose_seed":false,"campfire_upgraded":2,"win_rate":0.0,"timestamp":1608142138,"path_taken":["R","E","R","M","E","M","T","M","R","E","$","M","?","?","M","BOSS"],"items_purchased_type":["Card","Card"],"build_version":"2020-12-13","purchased_purges":0,"victory":false,"max_hp_per_floor":[75,75,75,75,75,75,75,75,75,85,85,85,85,85,85,85,85],"card_choices":[{"not_picked":["Negative_Energy_Mist","Summon_Undead"],"picked":"Summon_Lich","floor":2},{"not_picked":["Scare","Bone_Spikes"],"picked":"Negative_Energy_Mist","floor":4},{"not_picked":["Toxic_Smoke_Screen","Death_Knell"],"picked":"Summon_Undead_Army","floor":5},{"not_picked":["Plague_Bolt","Shackles_Of_Pain"],"picked":"Grasp_Heart","floor":6},{"not_picked":["Uncharnel","Pandemic"],"picked":"Plague_Bolt","floor":8},{"not_picked":["Negative_Energy_Mist","Exploit"],"picked":"Blood_Wake","floor":10},{"not_picked":["Negative_Energy_Mist","Bone_Bullets"],"picked":"Negative_Energy_Sphere","floor":11},{"not_picked":["Bone_Prison","Summon_Lich"],"picked":"Life_Drain","floor":12},{"not_picked":["infinitespire:NeuralNetwork","infinitespire:UltimateForm"],"picked":"hubris:Fate","floor":13},{"not_picked":["Negative_Energy_Sphere","Shackles_Of_Pain"],"picked":"Bone_Armor","floor":15}],"player_experience":1635236,"relics_obtained":[{"floor":2,"key":"hubris:GlazedTorus"},{"floor":5,"key":"aspiration:HiddenCompartment"},{"floor":7,"key":"Gremlin Horn"},{"floor":10,"key":"Pear"}],"event_choices":[],"is_beta":false,"boss_relics":[],"items_purged_floors":[],"is_endless":false,"potions_floor_spawned":[2,4,6,15],"killed_by":"downfall:Silent","ascension_level":0}}