{"host":"ss2ocoam53r2lno0","time":1608135785,"event":{"mods":["Act Like it!","BaseMod","ChefMod","Colored Powertips","Displayed Cursed Tome","Downfall","Googly Eyes","Hallownest","Highlight Path","Minty Spire (QoL Compilation)","Rare Cards Sparkle","Robot Space Explorer","Shade Mod","Shop Mod","Spicy Shops","StSLib"],"gold_per_floor":[99,110,110,142,317,345,391,419,419,454,467,542,553,320,332,430,430,430,455,470,77,177,204,204,232,254,289,311,348,348,365,394,499,499,424,475,506,517,184,9,33,64,64,97,147,147,195,204,233,233],"floor_reached":51,"playtime":3949,"items_purged":["champ:Defend","champ:Execute","champ:BerserkerStyle","Doubt","Clumsy","champ:EnragedBash+1"],"score":1004,"play_id":"60c3e085-ac14-4e84-8b7d-608eb1ceb241","local_time":"20201216172305","is_ascension_mode":true,"campfire_choices":[{"data":"champ:VampiricStrike","floor":1,"key":"SMITH"},{"data":"champ:SkillfulDodge","floor":3,"key":"SMITH"},{"data":"champ:FocusedDefense","floor":9,"key":"SMITH"},{"data":"champ:BerserkerStyle","floor":18,"key":"SMITH"},{"floor":35,"key":"RECALL"},{"data":"champ:Lariat","floor":43,"key":"SMITH"}],"circlet_count":0,"master_deck":["champ:VampiricStrike+1","champ:SkillfulDodge+1","champ:RapidStrikes","champ:FocusedDefense+1","champ:TornadoPunch+1","champ:BerserkerStyle+1","champ:RageSigil","champ:Circumvent","champ:Lariat+1","champ:ShieldSigil+1","champ:Improvising","champ:PerfectForm","champ:IronFortress","champ:AdrenalArmor","champ:StrikeOfGenius","champ:ShieldThrow","champ:MurderStrike","champ:DefensiveStyle+1","champ:ShieldSigil+1","champ:MurderStrike","J.A.X.","champ:Encircle","champ:ShieldSigil","champ:FalseCounter+1","champ:Lariat+1","champ:FalseCounter+1","champ:Lariat+1","champ:MurderStrike","champ:EndlessRage","champ:CrownThrow","champ:EndlessRage"],"relics":["champ:ChampionCrown","Prayer Wheel","Guardian:PocketSentry","Juzu Bracelet","MealTicket","Guardian:GemstoneGun","Chemical X","Pandora\u0027s Box","Whetstone","Unceasing Top","MutagenicStrength","CeramicFish","Toxic Egg 2","Mercury Hourglass","Oddly Smooth Stone","Red Mask","Membership Card","SlaversCollar","downfall:HeartBlessingGreen","Potion Belt","Matryoshka","PreservedInsect","Toy Ornithopter","Lantern","Art of War","Thread and Needle","Lizard Tail"],"acts_visited":["Exordium","TheCity","TheBeyond"],"potions_floor_usage":[6,16,16],"damage_taken":[{"damage":6,"enemies":"Jaw Worm","floor":2,"turns":3},{"damage":32,"enemies":"Lagavulin","floor":4,"turns":6},{"damage":30,"enemies":"3 Sentries","floor":6,"turns":11},{"damage":40,"enemies":"Lagavulin","floor":8,"turns":9},{"damage":35,"enemies":"Gremlin Nob","floor":10,"turns":5},{"damage":5,"enemies":"Cultist","floor":11,"turns":2},{"damage":4,"enemies":"2 Louse","floor":13,"turns":3},{"damage":22,"enemies":"downfall:FleeingMerchant","floor":14,"turns":4},{"damage":7,"enemies":"2 Fungi Beasts","floor":15,"turns":3},{"damage":41,"enemies":"downfall:Watcher","floor":16,"turns":7},{"damage":68,"enemies":"Book of Stabbing","floor":19,"turns":6},{"damage":34,"enemies":"Spheric Guardian","floor":20,"turns":3},{"damage":46,"enemies":"downfall:FleeingMerchant","floor":21,"turns":4},{"damage":35,"enemies":"downfall:Augmenter","floor":22,"turns":4},{"damage":52,"enemies":"Gremlin Leader","floor":23,"turns":6},{"damage":39,"enemies":"Slavers","floor":25,"turns":5},{"damage":7,"enemies":"3 Cultists","floor":26,"turns":3},{"damage":37,"enemies":"Gremlin Leader","floor":27,"turns":3},{"damage":9,"enemies":"Sentry and Sphere","floor":28,"turns":3},{"damage":39,"enemies":"Masked Bandits","floor":29,"turns":3},{"damage":29,"enemies":"downfall:FleeingMerchant","floor":31,"turns":4},{"damage":69,"enemies":"Cultist and Chosen","floor":32,"turns":3},{"damage":29,"enemies":"downfall:Silent","floor":33,"turns":5},{"damage":36,"enemies":"Reptomancer","floor":37,"turns":3},{"damage":22,"enemies":"Orb Walker","floor":38,"turns":3},{"damage":3,"enemies":"Nemesis","floor":42,"turns":3},{"damage":5,"enemies":"Reptomancer","floor":44,"turns":2},{"damage":32,"enemies":"Mind Bloom Boss Battle","floor":45,"turns":5},{"damage":0,"enemies":"2 Orb Walkers","floor":47,"turns":3},{"damage":3,"enemies":"3 Darklings","floor":49,"turns":4},{"damage":86,"enemies":"downfall:Ironclad","floor":50,"turns":6}],"seed_played":"-1846963109866989876","potions_obtained":[{"floor":4,"key":"champ:CounterPotion"},{"floor":10,"key":"Weak Potion"},{"floor":13,"key":"Regen Potion"},{"floor":15,"key":"Explosive Potion"},{"floor":19,"key":"champ:OpenerPotion"},{"floor":25,"key":"EntropicBrew"},{"floor":26,"key":"PowerPotion"},{"floor":30,"key":"Block Potion"},{"floor":30,"key":"FairyPotion"},{"floor":37,"key":"EntropicBrew"},{"floor":38,"key":"Block Potion"}],"is_trial":false,"path_per_floor":["R","M","R","E","?","E","T","E","R","E","M","?","M","$","M","B",null,"R","E","M","$","?","E","T","E","M","E","M","?","?","$","M","B",null,"R","T","E","M","?","$","T","E","R","E","?","?","?","?","M","B",null],"character_chosen":"THE_CHAMP","items_purchased":["Chemical X","Unceasing Top","Membership Card","champ:EndlessRage","Matryoshka"],"campfire_rested":0,"item_purchase_floors":[14,21,31,40,40],"current_hp_per_floor":[90,90,90,90,90,75,75,55,55,40,40,40,40,45,55,54,90,90,76,90,90,74,86,86,51,77,72,71,64,64,90,84,60,90,90,90,90,90,101,101,101,101,101,98,90,90,90,90,87,101],"gold":233,"neow_bonus":"THREE_RARE_CARDS","is_daily":false,"chose_seed":false,"campfire_upgraded":5,"win_rate":0.0,"timestamp":1608135785,"path_taken":["R","M","R","E","?","E","T","E","R","E","M","?","M","$","M","BOSS","R","E","M","$","?","E","T","E","M","E","M","?","?","$","M","BOSS","R","?","E","M","?","$","T","E","R","E","?","?","?","?","M","BOSS"],"items_purchased_type":["Relic","Relic","Relic","Card","Relic"],"build_version":"2020-12-13","purchased_purges":6,"victory":true,"max_hp_per_floor":[90,90,90,90,90,90,90,90,90,90,90,90,90,90,90,90,90,90,90,90,90,90,90,90,90,90,90,90,90,90,90,90,90,90,90,90,90,90,101,101,101,101,101,101,101,101,101,101,101,101],"card_choices":[{"not_picked":["champ:LastStand","champ:SwordThrow"],"picked":"champ:VampiricStrike","floor":0},{"not_picked":["champ:Aggression","champ:ShieldSigil"],"picked":"champ:SkillfulDodge","floor":2},{"not_picked":["champ:Aggression","champ:Encircle"],"picked":"champ:RapidStrikes","floor":4},{"not_picked":["champ:GladiatorsShout","champ:Shatter"],"picked":"champ:FocusedDefense","floor":6},{"not_picked":["champ:Improvising","champ:PerfectedStrike"],"picked":"champ:TornadoPunch","floor":8},{"not_picked":["champ:FocusedGladiator","champ:FocusedBerserking"],"picked":"champ:CalledShot","floor":10},{"not_picked":["champ:PerfectedStrike","champ:FlashCut"],"picked":"champ:EnragedBash","floor":11},{"not_picked":["champ:EnGarde","champ:FocusedDefense"],"picked":"champ:BerserkerStyle","floor":11},{"not_picked":["champ:Riposte","champ:SkillfulDodge"],"picked":"champ:RageSigil","floor":13},{"not_picked":["champ:StanceDance","champ:DefensiveShout"],"picked":"champ:Circumvent","floor":13},{"not_picked":["champ:Haymaker","champ:EnragedBash"],"picked":"champ:Lariat","floor":14},{"not_picked":["champ:FanOfKnives","champ:SkillfulDodge"],"picked":"champ:ShieldSigil","floor":15},{"not_picked":["champ:FanOfKnives","champ:AdrenalArmor","champ:Aggression"],"picked":"SKIP","floor":15},{"not_picked":["champ:CrownThrow","champ:SteelEdge"],"picked":"champ:Improvising","floor":16},{"not_picked":["champ:StanceDance","champ:FocusedDefense"],"picked":"champ:MurderStrike","floor":19},{"not_picked":["champ:BerserkerStyle","champ:ViciousMockery+1"],"picked":"champ:DefensiveStyle+1","floor":20},{"not_picked":["champ:PerfectedStrike","champ:RageSigil"],"picked":"champ:ShieldSigil+1","floor":20},{"not_picked":["champ:HeartStrike","champ:Encircle+1"],"picked":"champ:MurderStrike","floor":21},{"not_picked":[],"picked":"J.A.X.","floor":22},{"not_picked":["champ:SwordSigil","champ:FocusedDefense+1","champ:Circumvent"],"picked":"SKIP","floor":23},{"not_picked":["champ:Duel","champ:Balance+1","champ:Backstep+1"],"picked":"SKIP","floor":25},{"not_picked":["champ:GladiatorsShout+1","champ:CalledShot"],"picked":"champ:FalseCounter+1","floor":26},{"not_picked":["champ:CrookedStrike+1","champ:ArenaPreparation+1","champ:FanOfKnives"],"picked":"SKIP","floor":26},{"not_picked":["champ:Control+1","champ:SkillfulDodge+1","champ:Haymaker"],"picked":"SKIP","floor":27},{"not_picked":["champ:Shatter","champ:Circumvent+1"],"picked":"champ:Lariat+1","floor":28},{"not_picked":["champ:EnGarde+1","champ:FocusedGladiator+1","champ:Haymaker"],"picked":"SKIP","floor":28},{"not_picked":["champ:TornadoPunch","champ:IronFortress"],"picked":"champ:FalseCounter+1","floor":29},{"not_picked":["champ:CrookedStrike","champ:GutPunch+1","champ:SwordSigil+1"],"picked":"SKIP","floor":31},{"not_picked":["champ:HeavySlash","champ:HeartStrike"],"picked":"champ:Lariat+1","floor":32},{"not_picked":["champ:AdrenalArmor+1","champ:GladiatorsShout+1","champ:DefensiveShout+1"],"picked":"SKIP","floor":32},{"not_picked":["champ:Improvising","champ:PerfectForm"],"picked":"champ:MurderStrike","floor":33},{"not_picked":["champ:CalledShot","champ:EnGarde+1","champ:Aggression+1"],"picked":"SKIP","floor":37},{"not_picked":["champ:BerserkerStyle","champ:PreciseThrust","champ:SwordSigil+1"],"picked":"SKIP","floor":38},{"not_picked":["champ:DefensiveShout+1","champ:FlashCut","champ:AdrenalArmor+1"],"picked":"SKIP","floor":38},{"not_picked":["champ:SwordSigil+1","champ:FanOfKnives+1","champ:HeartStrike"],"picked":"SKIP","floor":42},{"not_picked":["champ:ShieldWall+1","champ:SwordSigil+1","champ:Control+1"],"picked":"SKIP","floor":44},{"not_picked":["champ:EnragedBash+1","champ:StanceDance+1"],"picked":"champ:EndlessRage","floor":49},{"not_picked":["champ:BladeFlurry","champ:Haymaker","champ:BerserkersShout+1"],"picked":"SKIP","floor":49}],"player_experience":555070,"relics_obtained":[{"floor":4,"key":"Prayer Wheel"},{"floor":6,"key":"Guardian:PocketSentry"},{"floor":7,"key":"Juzu Bracelet"},{"floor":8,"key":"MealTicket"},{"floor":10,"key":"Guardian:GemstoneGun"},{"floor":19,"key":"Whetstone"},{"floor":22,"key":"MutagenicStrength"},{"floor":23,"key":"CeramicFish"},{"floor":24,"key":"Toxic Egg 2"},{"floor":25,"key":"Mercury Hourglass"},{"floor":27,"key":"Oddly Smooth Stone"},{"floor":29,"key":"Red Mask"},{"floor":37,"key":"Potion Belt"},{"floor":41,"key":"PreservedInsect"},{"floor":41,"key":"Toy Ornithopter"},{"floor":42,"key":"Lantern"},{"floor":44,"key":"Art of War"},{"floor":45,"key":"Thread and Needle"},{"floor":47,"key":"Lizard Tail"}],"event_choices":[{"damage_healed":0,"gold_gain":0,"player_choice":"Fought Bandits","damage_taken":0,"max_hp_gain":0,"max_hp_loss":0,"event_name":"Masked Bandits","floor":29,"gold_loss":0},{"damage_healed":0,"gold_gain":0,"player_choice":"Got Potions","damage_taken":0,"max_hp_gain":0,"max_hp_loss":0,"event_name":"Lab","floor":30,"gold_loss":0},{"damage_healed":0,"gold_gain":0,"player_choice":"Upgraded","damage_taken":0,"max_hp_gain":0,"max_hp_loss":0,"event_name":"Upgrade Shrine","floor":46,"gold_loss":0,"cards_upgraded":["champ:ShieldSigil"]},{"damage_healed":0,"gold_gain":0,"player_choice":"Fight","damage_taken":0,"max_hp_gain":0,"max_hp_loss":0,"event_name":"Mysterious Sphere","floor":47,"gold_loss":0},{"damage_healed":0,"gold_gain":0,"cards_transformed":["champ:Taunt"],"player_choice":"Transformed","damage_taken":0,"max_hp_gain":0,"max_hp_loss":0,"event_name":"Transmorgrifier","floor":48,"gold_loss":0,"cards_obtained":["champ:CrownThrow"]}],"is_beta":false,"boss_relics":[{"not_picked":["Runic Pyramid","Ectoplasm"],"picked":"Pandora\u0027s Box"},{"not_picked":["Coffee Dripper","Tiny House"],"picked":"SlaversCollar"}],"items_purged_floors":[14,21,21,31,31,40],"is_endless":false,"potions_floor_spawned":[4,10,11,13,15,19,25,26,29,33,37,38,45,49],"ascension_level":1}}