{"host":"ko0mgl3op33mqgxv","time":1608085948,"event":{"mods":["BaseMod","Filter the Spire","Minty Spire (QoL Compilation)"],"gold_per_floor":[113,75,92,92,267,267,293,312,312,312,329,329,356,372,372,477,477,495,495,508,508,194,226,244,259,259,259,112,112,112,112],"floor_reached":30,"playtime":2198,"items_purged":[],"score":448,"play_id":"7f605d3c-9f46-4d3a-bff7-53d527a0678d","local_time":"20201215183228","is_ascension_mode":true,"campfire_choices":[{"data":"Chill","floor":6.0,"key":"SMITH"},{"floor":12.0,"key":"REST"},{"floor":15.0,"key":"REST"},{"floor":27.0,"key":"REST"},{"data":"Redo","floor":29.0,"key":"SMITH"}],"circlet_count":0,"master_deck":["Strike_B","Strike_B","Strike_B","Strike_B","Defend_B","Defend_B","Defend_B","Defend_B","Zap","Dualcast","Redo+1","Chill+1","Lockon","Doubt","Cold Snap","Conserve Battery","Redo","Barrage","Glacier","Electrodynamics","Ball Lightning","Hologram","Writhe","Consume","White Noise"],"relics":["Inserter","White Beast Statue","Bottled Lightning","Gambling Chip","Ornamental Fan","Nuclear Battery","Nilry\u0027s Codex","Du-Vu Doll","Mummified Hand","Omamori","Singing Bowl","Frozen Eye"],"acts_visited":["Exordium","TheCity"],"potions_floor_usage":[30,30],"damage_taken":[{"damage":9.0,"enemies":"Small Slimes","floor":1.0,"turns":4.0},{"damage":2.0,"enemies":"Jaw Worm","floor":3.0,"turns":3.0},{"damage":57.0,"enemies":"Gremlin Nob","floor":7.0,"turns":6.0},{"damage":0.0,"enemies":"2 Louse","floor":8.0,"turns":3.0},{"damage":0.0,"enemies":"Large Slime","floor":11.0,"turns":7.0},{"damage":31.0,"enemies":"Lagavulin","floor":13.0,"turns":12.0},{"damage":6.0,"enemies":"Exordium Thugs","floor":14.0,"turns":5.0},{"damage":7.0,"enemies":"Slime Boss","floor":16.0,"turns":9.0},{"damage":0.0,"enemies":"Chosen","floor":18.0,"turns":6.0},{"damage":11.0,"enemies":"Shell Parasite","floor":20.0,"turns":6.0},{"damage":47.0,"enemies":"Slavers","floor":23.0,"turns":6.0},{"damage":8.0,"enemies":"3 Cultists","floor":24.0,"turns":4.0},{"damage":1.0,"enemies":"Centurion and Healer","floor":25.0,"turns":9.0},{"damage":40,"enemies":"Book of Stabbing","floor":30,"turns":7}],"seed_played":"-2670087523230260118","potions_obtained":[{"floor":1.0,"key":"SmokeBomb"},{"floor":3.0,"key":"PowerPotion"},{"floor":8.0,"key":"Regen Potion"},{"floor":11.0,"key":"DistilledChaos"},{"floor":13.0,"key":"BlessingOfTheForge"},{"floor":14.0,"key":"PowerPotion"},{"floor":16.0,"key":"SteroidPotion"},{"floor":18.0,"key":"Weak Potion"},{"floor":20.0,"key":"Regen Potion"},{"floor":23.0,"key":"Regen Potion"},{"floor":24.0,"key":"LiquidMemories"},{"floor":25.0,"key":"Dexterity Potion"}],"is_trial":false,"path_per_floor":["M","$","M","?","?","R","E","M","T","T","M","R","E","M","R","B",null,"M","?","M","?","$","E","M","M","T","R","$","R","E"],"character_chosen":"DEFECT","items_purchased":["Chill","Consume","Mummified Hand","Frozen Eye"],"campfire_rested":3,"item_purchase_floors":[2,22,22,28],"current_hp_per_floor":[66,66,64,69,69,69,12,12,12,12,27,51,20,14,38,31,68,68,52,41,41,41,9,13,12,12,36,36,36,0,0],"gold":112,"neow_bonus":"BOSS_RELIC","is_daily":false,"chose_seed":false,"campfire_upgraded":2,"win_rate":0.0,"timestamp":1608085948,"path_taken":["M","$","M","?","?","R","E","M","T","?","M","R","E","M","R","BOSS","M","?","M","?","$","E","M","?","T","R","?","R","E"],"items_purchased_type":["Card","Card","Relic","Relic"],"build_version":"2020-12-13","purchased_purges":0,"victory":false,"max_hp_per_floor":[75,75,75,80,80,80,80,80,80,80,80,80,80,80,80,80,80,80,80,80,80,80,80,80,80,80,80,80,80,80,80],"card_choices":[{"not_picked":["Doom and Gloom","Force Field"],"picked":"Redo","floor":1.0},{"not_picked":["Turbo","Rebound"],"picked":"Lockon","floor":3.0},{"not_picked":["Ball Lightning","Steam Power"],"picked":"Cold Snap","floor":7.0},{"not_picked":["Rip and Tear","Heatsinks"],"picked":"Conserve Battery","floor":8.0},{"not_picked":["Hologram","Compile Driver"],"picked":"Redo","floor":11.0},{"not_picked":["Go for the Eyes","Reboot"],"picked":"Barrage","floor":13.0},{"not_picked":["Cold Snap","Compile Driver"],"picked":"Glacier","floor":14.0},{"not_picked":["Multi-Cast","Thunder Strike"],"picked":"Electrodynamics","floor":16.0},{"not_picked":["Gash","Skim"],"picked":"Ball Lightning","floor":18.0},{"not_picked":["Stack","Ball Lightning"],"picked":"Hologram","floor":20.0},{"not_picked":["Machine Learning","Leap"],"picked":"White Noise","floor":23.0},{"not_picked":["Steam","Hologram","Redo"],"picked":"SKIP","floor":24.0},{"not_picked":["Capacitor+1","Sweeping Beam","Heatsinks"],"picked":"SKIP","floor":25.0}],"player_experience":561555,"relics_obtained":[{"floor":7.0,"key":"White Beast Statue"},{"floor":9.0,"key":"Bottled Lightning"},{"floor":10.0,"key":"Gambling Chip"},{"floor":13.0,"key":"Ornamental Fan"},{"floor":19.0,"key":"Nilry\u0027s Codex"},{"floor":23.0,"key":"Omamori"},{"floor":26.0,"key":"Singing Bowl"}],"event_choices":[{"damage_healed":0.0,"max_hp_gain":5.0,"max_hp_loss":0.0,"gold_gain":0.0,"event_name":"Big Fish","player_choice":"Donut","floor":4.0,"gold_loss":0.0,"damage_taken":0.0},{"damage_healed":0.0,"max_hp_gain":0.0,"max_hp_loss":0.0,"gold_gain":175.0,"event_name":"Liars Game","player_choice":"AGREE","floor":5.0,"gold_loss":0.0,"damage_taken":0.0,"cards_obtained":["Doubt"]},{"damage_healed":0.0,"max_hp_gain":0.0,"max_hp_loss":0.0,"gold_gain":0.0,"event_name":"Cursed Tome","player_choice":"Obtained Book","floor":19.0,"gold_loss":0.0,"damage_taken":16.0},{"damage_healed":0.0,"max_hp_gain":0.0,"max_hp_loss":0.0,"gold_gain":0.0,"event_name":"The Mausoleum","player_choice":"Opened","floor":21.0,"gold_loss":0.0,"damage_taken":0.0,"relics_obtained":["Du-Vu Doll"],"cards_obtained":["Writhe"]}],"is_beta":false,"boss_relics":[{"not_picked":["Empty Cage","Pandora\u0027s Box"],"picked":"Nuclear Battery"}],"items_purged_floors":[],"is_endless":false,"potions_floor_spawned":[1,3,8,11,13,14,16,18,20,23,24,25],"killed_by":"Book of Stabbing","ascension_level":5}}