{"host":"77pvex58kafzx78l","time":1608100954,"event":{"mods":["BaseMod","Better Vampires","DeckTracker","Googly Eyes","Minty Spire (QoL Compilation)","Quick Restart","StSLib","SuperFastMode"],"gold_per_floor":[113,64,77,95,45,75,75,106,132,148,148,204,204,533,533,605,605,622,401,401,500,512,538,538,567,567,578,578,578,43,53,53,53,53],"floor_reached":33,"playtime":1016,"items_purged":["Strike_P","Writhe"],"score":497,"play_id":"bbae215d-c6be-471e-a2e7-9d1108af5b79","local_time":"20201216144234","is_ascension_mode":true,"campfire_choices":[{"data":"Eruption","floor":7.0,"key":"SMITH"},{"data":"FlurryOfBlows","floor":11.0,"key":"SMITH"},{"floor":13.0,"key":"REST"},{"data":"Vigilance","floor":15.0,"key":"SMITH"},{"data":"WreathOfFlame","floor":24.0,"key":"SMITH"},{"data":"Strike_P","floor":32.0,"key":"PURGE"}],"circlet_count":0,"master_deck":["AscendersBane","Strike_P","Strike_P","Defend_P","Eruption+1","Vigilance+1","Indignation","FlurryOfBlows+1","Evaluate","Crescendo","Sanctity","Prostrate","Vault","WreathOfFlame+1","Perseverance","FlurryOfBlows+1","Consecrate+1","InnerPeace","Tantrum+1"],"relics":["Empty Cage","Bag of Preparation","Akabeko","Lantern","Ancient Tea Set","Old Coin","VioletLotus","Bag of Marbles","FossilizedHelix","Molten Egg 2","Gremlin Horn","Juzu Bracelet","Peace Pipe","PrismaticShard"],"acts_visited":["Exordium","TheCity"],"potions_floor_usage":[],"damage_taken":[{"damage":11.0,"enemies":"Cultist","floor":1.0,"turns":4.0},{"damage":3.0,"enemies":"Jaw Worm","floor":3.0,"turns":4.0},{"damage":8.0,"enemies":"2 Louse","floor":4.0,"turns":3.0},{"damage":22.0,"enemies":"Lagavulin","floor":6.0,"turns":6.0},{"damage":2.0,"enemies":"Gremlin Nob","floor":8.0,"turns":3.0},{"damage":0.0,"enemies":"Exordium Wildlife","floor":10.0,"turns":2.0},{"damage":8.0,"enemies":"3 Sentries","floor":12.0,"turns":6.0},{"damage":10.0,"enemies":"3 Sentries","floor":14.0,"turns":6.0},{"damage":16.0,"enemies":"The Guardian","floor":16.0,"turns":11.0},{"damage":13.0,"enemies":"Chosen","floor":18.0,"turns":3.0},{"damage":0.0,"enemies":"Spheric Guardian","floor":22.0,"turns":3.0},{"damage":14.0,"enemies":"Gremlin Leader","floor":23.0,"turns":7.0},{"damage":7.0,"enemies":"Slavers","floor":25.0,"turns":7.0},{"damage":0.0,"enemies":"Cultist and Chosen","floor":27.0,"turns":5.0},{"damage":0.0,"enemies":"Centurion and Healer","floor":31.0,"turns":3.0},{"damage":14,"enemies":"Champ","floor":33,"turns":6}],"seed_played":"6542686939920551390","potions_obtained":[{"floor":1.0,"key":"CultistPotion"},{"floor":4.0,"key":"BlessingOfTheForge"},{"floor":8.0,"key":"SneckoOil"},{"floor":12.0,"key":"Fruit Juice"},{"floor":18.0,"key":"BottledMiracle"},{"floor":25.0,"key":"SpeedPotion"}],"is_trial":false,"path_per_floor":["M","$","M","M","?","E","R","E","T","M","R","?","R","E","R","B",null,"M","$","?","?","M","E","R","E","T","M","?","?","$","M","R","B"],"character_chosen":"WATCHER","items_purchased":["FlurryOfBlows","Bag of Marbles","Peace Pipe","PrismaticShard"],"campfire_rested":1,"item_purchase_floors":[2,19,30,30],"current_hp_per_floor":[54,54,51,43,43,21,21,19,19,19,19,16,39,29,29,13,61,48,48,48,48,48,34,34,27,27,27,27,27,27,27,27,13,13],"gold":53,"neow_bonus":"BOSS_RELIC","is_daily":false,"chose_seed":false,"campfire_upgraded":4,"win_rate":0.0,"timestamp":1608100954,"path_taken":["M","$","M","M","?","E","R","E","T","M","R","?","R","E","R","BOSS","M","$","?","?","M","E","R","E","T","M","?","?","$","M","R","BOSS"],"items_purchased_type":["Card","Relic","Relic","Relic"],"build_version":"2020-12-13","purchased_purges":2,"victory":false,"max_hp_per_floor":[72,72,72,72,72,72,72,72,72,72,72,77,77,77,77,77,77,77,77,77,77,77,77,77,77,77,77,77,77,77,77,77,77,77],"card_choices":[{"not_picked":["Collect","FlyingSleeves"],"picked":"Indignation","floor":1.0},{"not_picked":["Wireheading","FlyingSleeves"],"picked":"Evaluate","floor":3.0},{"not_picked":["ThirdEye","Evaluate","JustLucky"],"picked":"SKIP","floor":4.0},{"not_picked":["Protect","Conclude","Weave"],"picked":"SKIP","floor":6.0},{"not_picked":["FlyingSleeves","Perseverance"],"picked":"Crescendo","floor":8.0},{"not_picked":["CutThroughFate","PathToVictory"],"picked":"Sanctity","floor":10.0},{"not_picked":["Sanctity","Halt"],"picked":"Prostrate","floor":12.0},{"not_picked":["Crescendo","ReachHeaven","WaveOfTheHand"],"picked":"SKIP","floor":14.0},{"not_picked":["DeusExMachina","SpiritShield"],"picked":"Vault","floor":16.0},{"not_picked":["EmptyFist","CrushJoints"],"picked":"WreathOfFlame","floor":18.0},{"not_picked":["CrushJoints","ThirdEye"],"picked":"Perseverance","floor":22.0},{"not_picked":["SpiritShield","CrushJoints+1"],"picked":"FlurryOfBlows+1","floor":23.0},{"not_picked":["JustLucky+1","WreathOfFlame"],"picked":"Consecrate+1","floor":25.0},{"not_picked":["Nirvana","ThirdEye"],"picked":"InnerPeace","floor":27.0},{"not_picked":["ReachHeaven+1","Rebound+1","Reckless Charge+1"],"picked":"SKIP","floor":31.0}],"player_experience":269882,"relics_obtained":[{"floor":6.0,"key":"Bag of Preparation"},{"floor":8.0,"key":"Akabeko"},{"floor":9.0,"key":"Lantern"},{"floor":12.0,"key":"Ancient Tea Set"},{"floor":14.0,"key":"Old Coin"},{"floor":23.0,"key":"Molten Egg 2"},{"floor":25.0,"key":"Gremlin Horn"},{"floor":26.0,"key":"Juzu Bracelet"}],"event_choices":[{"cards_removed":["Defend_P"],"damage_healed":0.0,"max_hp_gain":0.0,"max_hp_loss":0.0,"gold_gain":0.0,"event_name":"The Cleric","player_choice":"Card Removal","floor":5.0,"gold_loss":50.0,"damage_taken":0.0},{"damage_healed":0.0,"max_hp_gain":0.0,"max_hp_loss":0.0,"gold_gain":30.0,"event_name":"Dead Adventurer","player_choice":"Searched \u00272\u0027 times","floor":12.0,"gold_loss":0.0,"damage_taken":0.0},{"damage_healed":0.0,"max_hp_gain":0.0,"max_hp_loss":0.0,"gold_gain":0.0,"event_name":"The Mausoleum","player_choice":"Opened","floor":20.0,"gold_loss":0.0,"damage_taken":0.0,"relics_obtained":["FossilizedHelix"],"cards_obtained":["Writhe"]},{"damage_healed":0.0,"max_hp_gain":0.0,"max_hp_loss":0.0,"gold_gain":99.0,"event_name":"Nest","player_choice":"Stole From Cult","floor":21.0,"gold_loss":0.0,"damage_taken":0.0},{"damage_healed":0.0,"max_hp_gain":0.0,"max_hp_loss":0.0,"gold_gain":0.0,"event_name":"The Library","player_choice":"Read","floor":28.0,"gold_loss":0.0,"damage_taken":0.0,"cards_obtained":["Tantrum"]},{"damage_healed":0.0,"max_hp_gain":0.0,"max_hp_loss":0.0,"gold_gain":0.0,"event_name":"Vampires","player_choice":"Ignored","floor":29.0,"gold_loss":0.0,"damage_taken":0.0}],"is_beta":false,"boss_relics":[{"not_picked":["Philosopher\u0027s Stone","Black Star"],"picked":"VioletLotus"}],"items_purged_floors":[19,30],"is_endless":false,"potions_floor_spawned":[1,4,8,12,18,25],"killed_by":"Champ","ascension_level":13}}