{"host":"mi0eibewekhugwl1","time":1608134208,"event":{"mods":["AchievementEnabler","BaseMod","Colored Map","Colored Powertips","DeckTracker","Keyboard Shortcuts","Minty Spire (QoL Compilation)","Quick Restart","Rare Cards Sparkle","Relic Stats","StSLib","SuperFastMode","everything is the same but u backflip on backflip"],"gold_per_floor":[117,117,136,152,152,152,165,190,261,261,274,292,307,307,307,378,378,397,397,417,75,86,86,86,120,188,188,207,226,126,142,142,221,271,289,164,176,176,176],"floor_reached":38,"playtime":772,"items_purged":["Strike_P","Strike_P","Strike_P"],"score":900,"play_id":"a7137874-b10d-4da8-8a2b-0f1034392647","local_time":"20201217005648","is_ascension_mode":true,"campfire_choices":[{"data":"SignatureMove","floor":6,"key":"SMITH"},{"data":"EmptyFist","floor":10,"key":"SMITH"},{"data":"MentalFortress","floor":15,"key":"SMITH"},{"data":"Vengeance","floor":23,"key":"SMITH"},{"data":"EmptyMind","floor":27,"key":"SMITH"},{"data":"ConjureBlade","floor":32,"key":"SMITH"}],"circlet_count":0,"master_deck":["AscendersBane","Defend_P","Defend_P","Defend_P","Defend_P","Eruption+1","Vigilance","SignatureMove+1","EmptyFist+1","FlurryOfBlows+1","MentalFortress+1","Vengeance+1","EmptyMind+1","DeusExMachina","FollowUp","Perseverance","Halt","ConjureBlade+1","Vault","Tantrum"],"relics":["PureWater","NeowsBlessing","Du-Vu Doll","Kunai","VioletLotus","Torii","Meat on the Bone","Regal Pillow","Eternal Feather","Tiny House"],"acts_visited":["Exordium","TheCity","TheBeyond"],"potions_floor_usage":[18,33,37,38],"damage_taken":[{"damage":0,"enemies":"2 Louse","floor":1,"turns":1},{"damage":0,"enemies":"Cultist","floor":3,"turns":1},{"damage":0,"enemies":"Small Slimes","floor":4,"turns":1},{"damage":9,"enemies":"Red Slaver","floor":7,"turns":2},{"damage":2,"enemies":"3 Sentries","floor":8,"turns":5},{"damage":0,"enemies":"Exordium Thugs","floor":11,"turns":2},{"damage":0,"enemies":"Large Slime","floor":12,"turns":1},{"damage":10,"enemies":"3 Louse","floor":13,"turns":3},{"damage":0,"enemies":"Slime Boss","floor":16,"turns":7},{"damage":5,"enemies":"Spheric Guardian","floor":18,"turns":4},{"damage":11,"enemies":"Shell Parasite","floor":20,"turns":2},{"damage":22,"enemies":"Centurion and Healer","floor":22,"turns":5},{"damage":13,"enemies":"Gremlin Leader","floor":25,"turns":4},{"damage":0,"enemies":"3 Cultists","floor":28,"turns":3},{"damage":12,"enemies":"Cultist and Chosen","floor":29,"turns":5},{"damage":13,"enemies":"Centurion and Healer","floor":31,"turns":4},{"damage":14,"enemies":"Champ","floor":33,"turns":6},{"damage":24,"enemies":"3 Shapes","floor":35,"turns":4},{"damage":19,"enemies":"Orb Walker","floor":37,"turns":4},{"damage":20,"enemies":"Transient","floor":38,"turns":6}],"seed_played":"-5542441897995953774","potions_obtained":[{"floor":4,"key":"BottledMiracle"},{"floor":8,"key":"Block Potion"},{"floor":22,"key":"Explosive Potion"},{"floor":31,"key":"DistilledChaos"},{"floor":33,"key":"Energy Potion"},{"floor":37,"key":"ColorlessPotion"}],"is_trial":false,"path_per_floor":["M","?","M","M","?","R","M","E","T","R","M","M","M","?","R","B",null,"M","T","M","$","M","R","$","E","T","R","M","M","$","M","R","B",null,"M","$","M","M"],"character_chosen":"WATCHER","items_purchased":["Meat on the Bone"],"campfire_rested":0,"item_purchase_floors":[21],"current_hp_per_floor":[61,61,61,61,61,61,52,50,50,50,50,50,40,40,40,40,61,56,56,45,45,35,35,35,34,34,43,43,43,43,42,51,37,65,41,41,34,14,14],"gold":176,"neow_bonus":"THREE_ENEMY_KILL","is_daily":false,"chose_seed":false,"campfire_upgraded":6,"win_rate":0.0,"timestamp":1608134208,"path_taken":["M","?","M","?","?","R","M","E","T","R","M","M","?","?","R","BOSS","M","?","M","$","M","R","$","E","T","R","M","M","?","M","R","BOSS","M","$","M","M"],"items_purchased_type":["Relic"],"build_version":"2020-12-13","purchased_purges":3,"victory":false,"max_hp_per_floor":[68,68,68,68,68,68,68,68,68,68,68,68,68,68,68,68,68,68,68,68,68,68,68,68,68,68,68,68,68,68,68,68,68,73,73,73,73,73,73],"relic_stats":{"Regal Pillow":0,"Torii":2,"counters":[20,70],"Eternal Feather":18,"VioletLotus":[8],"Kunai":[26],"obtain_stats":[{"Du-Vu Doll":8,"Regal Pillow":25,"Tiny House":34,"NeowsBlessing":0,"Torii":19,"Eternal Feather":26,"VioletLotus":17,"Kunai":9,"PureWater":0,"Meat on the Bone":21},{"Du-Vu Doll":5,"Regal Pillow":13,"Tiny House":17,"NeowsBlessing":0,"Torii":10,"Eternal Feather":13,"VioletLotus":9,"Kunai":5,"PureWater":0,"Meat on the Bone":11},{"Du-Vu Doll":10,"Regal Pillow":38,"Tiny House":56,"NeowsBlessing":0,"Torii":27,"Eternal Feather":38,"VioletLotus":23,"Kunai":10,"PureWater":0,"Meat on the Bone":29}],"Meat on the Bone":60},"card_choices":[{"not_picked":["Crescendo","JustLucky"],"picked":"SignatureMove","floor":1},{"not_picked":["Fasting2","Weave","ThirdEye"],"picked":"SKIP","floor":3},{"not_picked":["CrushJoints","Consecrate"],"picked":"EmptyFist","floor":4},{"not_picked":["EmptyFist","Establishment"],"picked":"FlurryOfBlows","floor":7},{"not_picked":["SignatureMove","EmptyBody","Halt"],"picked":"SKIP","floor":8},{"not_picked":["Evaluate","ThirdEye"],"picked":"MentalFortress","floor":11},{"not_picked":["WheelKick","Halt"],"picked":"Vengeance","floor":12},{"not_picked":["Perseverance","WreathOfFlame"],"picked":"EmptyMind","floor":13},{"not_picked":["Blasphemy","Omniscience"],"picked":"DeusExMachina","floor":16},{"not_picked":["FlurryOfBlows","EmptyBody"],"picked":"FollowUp","floor":18},{"not_picked":["DeusExMachina","FollowUp","Fasting2"],"picked":"SKIP","floor":20},{"not_picked":["Evaluate","FollowUp","SandsOfTime+1"],"picked":"SKIP","floor":22},{"not_picked":["WaveOfTheHand","JustLucky+1","EmptyFist"],"picked":"SKIP","floor":25},{"not_picked":["BowlingBash","Crescendo"],"picked":"Perseverance","floor":28},{"not_picked":["Weave","JustLucky"],"picked":"Halt","floor":29},{"not_picked":["Halt","EmptyMind"],"picked":"ConjureBlade","floor":31},{"not_picked":["ConjureBlade","Wish"],"picked":"Vault","floor":33},{"not_picked":["WheelKick","PathToVictory","Indignation"],"picked":"SKIP","floor":35},{"not_picked":["CrushJoints+1","Protect"],"picked":"Tantrum","floor":37}],"player_experience":1678434,"relics_obtained":[{"floor":8,"key":"Du-Vu Doll"},{"floor":9,"key":"Kunai"},{"floor":19,"key":"Torii"},{"floor":25,"key":"Regal Pillow"},{"floor":26,"key":"Eternal Feather"}],"event_choices":[{"damage_healed":0,"gold_gain":0,"player_choice":"Upgraded","damage_taken":0,"max_hp_gain":0,"max_hp_loss":0,"event_name":"Upgrade Shrine","floor":2,"gold_loss":0,"cards_upgraded":["Eruption"]},{"damage_healed":0,"gold_gain":0,"player_choice":"0 cards matched","damage_taken":0,"max_hp_gain":0,"max_hp_loss":0,"event_name":"Match and Keep!","floor":5,"gold_loss":0,"cards_obtained":[]},{"cards_removed":["Strike_P"],"damage_healed":0,"gold_gain":0,"player_choice":"Purged","damage_taken":0,"max_hp_gain":0,"max_hp_loss":0,"event_name":"Purifier","floor":14,"gold_loss":0}],"is_beta":false,"boss_relics":[{"not_picked":["Runic Pyramid","Ectoplasm"],"picked":"VioletLotus"},{"not_picked":["Black Star","Velvet Choker"],"picked":"Tiny House"}],"items_purged_floors":[21,30,36],"is_endless":false,"potions_floor_spawned":[4,8,11,13,22,25,29,31,33,37],"killed_by":"Transient","ascension_level":20}}