{"host":"cvi30shpqg1ukvbr","time":1608123568,"event":{"mods":["Act Like it!","BaseMod","Better Altar","Better Match","Better Note","Better Sensory Stone","Better Skull","Better Third Choice","Conspire","GifTheSpireLib","Hubris","Infinite Spire","Minty Spire (QoL Compilation)","Relic Stats","Replay The Spire","Shop Mod","Spicy Shops","StSLib","Stuff the Spire"],"gold_per_floor":[211,229,48,66,66,94,94,114,114,128,158,158,7,7,7,103,103,114,127,139,238,257,287,287,317,397,422,422,433,433,433,433,534,534,545,556,65,65,165,165,165,190,190,224,239,264,283,298,298,298],"floor_reached":51,"playtime":2739,"items_purged":[],"score":944,"play_id":"d560c585-4ceb-40c7-a049-d1dd10b697d7","local_time":"20201216215928","is_ascension_mode":true,"campfire_choices":[{"data":"Bludgeon","floor":7,"key":"SMITH"},{"data":"StuffTheSpire:Ambrosia","floor":15,"key":"SMITH"},{"data":"Double Tap","floor":24,"key":"SMITH"},{"data":"Metallicize","floor":28,"key":"SMITH"},{"data":"Dark Embrace","floor":32,"key":"SMITH"},{"floor":40,"key":"REST"},{"data":"Armaments","floor":49,"key":"SMITH"}],"circlet_count":0,"master_deck":["Strike_R","Strike_R","Strike_R","Strike_R","Defend_R","Defend_R","Defend_R","Defend_R","Bash","StuffTheSpire:Slingshot","Twin Strike","Bludgeon+1","Rupture","Metallicize+1","Uppercut+1","Spot Weakness","Flex","Dark Embrace+1","Battle Trance","StuffTheSpire:Ambrosia+1","Double Tap+1","Evolve","Heavy Blade+1","StuffTheSpire:Slingshot","Exhume","Twin Strike","StuffTheSpire:Incineration","infinitespire:Starlight","Brutality","Whirlwind+1","Inflame","infinitespire:TheBestDefense","infinitespire:Starlight","Armaments+1","Reaper","StuffTheSpire:Incineration+1"],"relics":["Burning Blood","Magic Flower","Garlic","Replay:Baseball","Replay:PocketPolymizer","StuffTheSpire:RunicConfusion","StuffTheSpire:CocoNut","Pear","StrikeDummy","Blue Doll","conspire:TreasureMap","ChewingGum","ReplayTheSpireMod:EnergyBall","infinitespire:Burning Sword","infinitespire:Joker Card","InkBottle","Chameleon Ring","ReplayFunnel","hubris:TenFootPole"],"acts_visited":["Exordium","TheCity","TheBeyond"],"potions_floor_usage":[16,42,50],"damage_taken":[{"damage":3,"enemies":"Small Slimes","floor":1,"turns":4},{"damage":0,"enemies":"infinitespire:Voidling","floor":2,"turns":3},{"damage":7,"enemies":"conspire:RoseBush","floor":4,"turns":2},{"damage":18,"enemies":"3 Sentries","floor":6,"turns":7},{"damage":8,"enemies":"Exordium Wildlife","floor":8,"turns":3},{"damage":7,"enemies":"2 Fungi Beasts","floor":10,"turns":3},{"damage":19,"enemies":"Lagavulin","floor":11,"turns":4},{"damage":37,"enemies":"Fading Forest","floor":16,"turns":11},{"damage":0,"enemies":"Spheric Guardian","floor":18,"turns":3},{"damage":0,"enemies":"3 Byrds","floor":19,"turns":4},{"damage":10,"enemies":"Shelled Parasite and Fungi","floor":20,"turns":4},{"damage":1,"enemies":"Snecko","floor":22,"turns":3},{"damage":43,"enemies":"conspire:Head Lice","floor":23,"turns":6},{"damage":7,"enemies":"Replay:Snechameleon","floor":25,"turns":5},{"damage":23,"enemies":"conspire:Head Lice","floor":27,"turns":4},{"damage":15,"enemies":"Snake Plant","floor":29,"turns":3},{"damage":22,"enemies":"conspire:MysteriousRune","floor":33,"turns":6},{"damage":10,"enemies":"3 Shapes","floor":35,"turns":4},{"damage":15,"enemies":"Orb Walker","floor":36,"turns":4},{"damage":44,"enemies":"infinitespire:Three Voidlings","floor":39,"turns":5},{"damage":114,"enemies":"Nightmare_Alpha","floor":39,"turns":10},{"damage":25,"enemies":"Reptomancer","floor":42,"turns":5},{"damage":34,"enemies":"Giant Head","floor":44,"turns":6},{"damage":5,"enemies":"Transient","floor":45,"turns":5},{"damage":22,"enemies":"Reptomancer","floor":46,"turns":4},{"damage":14,"enemies":"Sphere and 2 Shapes","floor":47,"turns":4},{"damage":3,"enemies":"Maw","floor":48,"turns":4},{"damage":78,"enemies":"Time Eater","floor":50,"turns":7}],"seed_played":"2592294947699258442","potions_obtained":[{"floor":1,"key":"Energy Potion"},{"floor":10,"key":"Strength Potion"},{"floor":16,"key":"FairyPotion"},{"floor":18,"key":"Energy Potion"},{"floor":42,"key":"Weak Potion"}],"is_trial":false,"path_per_floor":["M","M","$","M","?","E","R","M","T","M","E","?","$","?","R","B",null,"M","M","M","?","M","E","R","E","T","E","R","M","AVR","?","R","B",null,"M","M","?","AVR","?","R","?","E","T","E","M","E","M","M","R","B",null],"character_chosen":"IRONCLAD","items_purchased":["Bludgeon","Rupture","Pen Nib"],"campfire_rested":1,"item_purchase_floors":[3,3,13],"current_hp_per_floor":[80,80,80,79,79,67,67,68,68,70,60,60,60,60,60,50,82,84,86,87,87,90,65,65,80,80,69,69,66,66,66,66,71,117,118,115,115,115,11,48,48,80,80,103,125,115,128,137,137,120],"gold":298,"neow_bonus":"HUNDRED_GOLD","is_daily":false,"chose_seed":false,"campfire_upgraded":6,"win_rate":0.0,"timestamp":1608123568,"path_taken":["M","M","$","M","?","E","R","M","T","?","E","?","?","?","R","BOSS","M","M","M","?","M","E","R","E","T","E","R","M","AVR","?","R","BOSS","M","M","?","AVR","?","R","?","E","T","E","?","E","M","M","R","BOSS"],"items_purchased_type":["Card","Card","Relic"],"build_version":"2020-12-13","purchased_purges":0,"victory":true,"max_hp_per_floor":[80,80,80,80,80,80,80,80,80,80,80,80,80,80,80,82,82,84,86,88,88,90,99,99,111,111,113,113,115,115,115,115,117,117,119,121,121,121,125,125,125,127,127,129,131,133,135,137,137,139],"relic_stats":{"counters":[28,133],"Magic Flower":[144],"obtain_stats":[{"ReplayFunnel":44,"conspire:TreasureMap":30,"Replay:PocketPolymizer":12,"Pear":25,"Magic Flower":6,"Blue Doll":27,"Pen Nib":13,"infinitespire:Joker Card":39,"Burning Blood":0,"ReplayTheSpireMod:EnergyBall":38,"StuffTheSpire:RunicConfusion":17,"Replay:Baseball":11,"Chameleon Ring":43,"StuffTheSpire:CocoNut":23,"ChewingGum":34,"Garlic":9,"infinitespire:Burning Sword":38,"hubris:TenFootPole":46,"StrikeDummy":26,"InkBottle":42},{"ReplayFunnel":23,"conspire:TreasureMap":16,"Replay:PocketPolymizer":7,"Pear":14,"Magic Flower":4,"Blue Doll":15,"Pen Nib":7,"infinitespire:Joker Card":21,"Burning Blood":0,"ReplayTheSpireMod:EnergyBall":19,"StuffTheSpire:RunicConfusion":8,"Replay:Baseball":7,"Chameleon Ring":22,"StuffTheSpire:CocoNut":13,"ChewingGum":17,"Garlic":5,"infinitespire:Burning Sword":19,"hubris:TenFootPole":25,"StrikeDummy":14,"InkBottle":22},{"ReplayFunnel":109,"conspire:TreasureMap":69,"Replay:PocketPolymizer":26,"Pear":62,"Magic Flower":16,"Blue Doll":66,"Pen Nib":26,"infinitespire:Joker Card":98,"Burning Blood":0,"ReplayTheSpireMod:EnergyBall":83,"StuffTheSpire:RunicConfusion":37,"Replay:Baseball":26,"Chameleon Ring":103,"StuffTheSpire:CocoNut":57,"ChewingGum":75,"Garlic":19,"infinitespire:Burning Sword":83,"hubris:TenFootPole":118,"StrikeDummy":62,"InkBottle":103}],"Burning Blood":205,"InkBottle":[13]},"card_choices":[{"not_picked":["Dual Wield","True Grit"],"picked":"StuffTheSpire:Slingshot","floor":1},{"not_picked":["Abandon","Clash"],"picked":"Twin Strike","floor":2},{"not_picked":["ReplayTheSpireMod:Strike From Hell","Armaments"],"picked":"Metallicize","floor":4},{"not_picked":["conspire:Charge","Perfected Strike"],"picked":"Spot Weakness","floor":6},{"not_picked":["Blood for Blood","Warcry"],"picked":"Flex","floor":8},{"not_picked":["True Grit","Replay:Undeath\u0027s Touch"],"picked":"Dark Embrace","floor":10},{"not_picked":["StuffTheSpire:Slingshot","Cleave"],"picked":"Battle Trance","floor":11},{"not_picked":["StuffTheSpire:Innocence","StuffTheSpire:Perfection"],"picked":"StuffTheSpire:Ambrosia","floor":14},{"not_picked":["StuffTheSpire:TitanForm","Replay:Many Hands"],"picked":"Double Tap","floor":16},{"not_picked":["Pommel Strike+1","Body Slam"],"picked":"Evolve","floor":18},{"not_picked":["Rampage","Abandon"],"picked":"Heavy Blade+1","floor":19},{"not_picked":["Pommel Strike","Body Slam"],"picked":"StuffTheSpire:Slingshot","floor":20},{"not_picked":["Anger","Perfected Strike+1"],"picked":"Exhume","floor":22},{"not_picked":["True Grit+1","Flex"],"picked":"Twin Strike","floor":23},{"not_picked":["Iron Wave","Body Slam","Massacre"],"picked":"SKIP","floor":25},{"not_picked":["Fiend Fire","Evolve","StuffTheSpire:Slingshot"],"picked":"SKIP","floor":27},{"not_picked":["Body Slam","Perfected Strike"],"picked":"StuffTheSpire:Incineration","floor":29},{"not_picked":["Hemogenesis","Double Tap"],"picked":"Brutality","floor":33},{"not_picked":["True Grit","hubris:ReadiedAction"],"picked":"Whirlwind+1","floor":35},{"not_picked":["Perfected Strike","Defy Death+1"],"picked":"Inflame","floor":36},{"not_picked":["infinitespire:FutureSight","infinitespire:Punishment"],"picked":"infinitespire:TheBestDefense","floor":37},{"not_picked":["infinitespire:FutureSight","infinitespire:Oblivion"],"picked":"infinitespire:Starlight","floor":39},{"not_picked":["Thunderclap","Feed"],"picked":"Armaments","floor":42},{"not_picked":["Iron Wave","Sword Boomerang"],"picked":"Reaper","floor":44},{"not_picked":["ReplayTheSpireMod:Stacked+1","Whirlwind"],"picked":"StuffTheSpire:Incineration+1","floor":45},{"not_picked":["hubris:ReadiedAction+1","Warcry+1","Replay:Undeath\u0027s Touch"],"picked":"SKIP","floor":46},{"not_picked":["Second Wind","Intimidate","conspire:ExplosiveBarrier+1"],"picked":"SKIP","floor":47},{"not_picked":["Thunderclap+1","Hemokinesis+1","StuffTheSpire:Slingshot+1"],"picked":"SKIP","floor":48}],"player_experience":1746981,"relics_obtained":[{"floor":6,"key":"Magic Flower"},{"floor":9,"key":"Garlic"},{"floor":11,"key":"Replay:Baseball"},{"floor":12,"key":"Replay:PocketPolymizer"},{"floor":23,"key":"StuffTheSpire:CocoNut"},{"floor":25,"key":"Pear"},{"floor":26,"key":"StrikeDummy"},{"floor":27,"key":"Blue Doll"},{"floor":39,"key":"infinitespire:Joker Card"},{"floor":42,"key":"InkBottle"},{"floor":43,"key":"Chameleon Ring"},{"floor":44,"key":"ReplayFunnel"},{"floor":46,"key":"hubris:TenFootPole"}],"event_choices":[{"cards_removed":["Bludgeon"],"damage_healed":0,"gold_gain":0,"player_choice":"Take \u0026 Give","damage_taken":0,"max_hp_gain":0,"max_hp_loss":0,"event_name":"betterNote:BetterNote","floor":5,"gold_loss":0,"cards_obtained":["Uppercut"]},{"damage_healed":0,"gold_gain":99,"player_choice":"Steal","damage_taken":0,"max_hp_gain":0,"max_hp_loss":0,"event_name":"betterThird:BetterNest","floor":21,"gold_loss":0},{"cards_removed":["Strike_R"],"damage_healed":0,"gold_gain":0,"player_choice":"Purged","damage_taken":0,"max_hp_gain":0,"max_hp_loss":0,"event_name":"Purifier","floor":41,"gold_loss":0}],"is_beta":false,"boss_relics":[{"not_picked":["hubris:BlackHole","Replay:Wanted Poster"],"picked":"StuffTheSpire:RunicConfusion"},{"not_picked":["Black Star","Replay:Drink Me"],"picked":"ChewingGum"}],"items_purged_floors":[],"is_endless":false,"potions_floor_spawned":[1,10,16,18,19,20,22,39,42,44,46],"ascension_level":1}}