{"host":"7r6bd5ce6zscnmwq","time":1608091846,"event":{"mods":["BaseMod","Better Altar","Better Match","Better Note","Better Sensory Stone","Better Skull","Better Third Choice","Better Vampires","Block Reminder","Colored Powertips","Displayed Cursed Tome","Minty Spire (QoL Compilation)","Permanent Neow","Quick Restart","Shop Mod","Spicy Shops","StSLib"],"gold_per_floor":[113,38,38,48,48,48,75,75,75,55,70,86,97,128,128,223,223,238,188,88,108,123,123,153,153,153,181,181,195,195,195,195,300,300,319,454,464,133,143,143,176,186,186,186,196,208,220,220,220,220],"floor_reached":51,"playtime":3766,"items_purged":["Defend_G","Defend_G","Pride"],"score":1166,"play_id":"28ad9aa3-e308-493d-b2f1-a4cbc9f70437","local_time":"20201216131046","is_ascension_mode":true,"campfire_choices":[{"data":"Survivor","floor":6.0,"key":"SMITH"},{"data":"Glass Knife","floor":8.0,"key":"SMITH"},{"data":"Footwork","floor":15.0,"key":"SMITH"},{"data":"Tools of the Trade","floor":23.0,"key":"SMITH"},{"data":"Accuracy","floor":25.0,"key":"SMITH"},{"floor":30.0,"key":"REST"},{"floor":32.0,"key":"REST"},{"data":"Phantasmal Killer","floor":40.0,"key":"SMITH"},{"data":"Enlightenment","floor":44.0,"key":"SMITH"},{"floor":49.0,"key":"REST"}],"circlet_count":0,"master_deck":["AscendersBane","Strike_G+1","Strike_G+1","Defend_G+1","Defend_G+1","Survivor+1","Neutralize+1","Underhanded Strike+1","Cloak And Dagger+1","Heel Hook+1","Acrobatics","Cloak And Dagger+1","Glass Knife+1","Slice","Footwork+1","Tools of the Trade+1","Eviscerate+1","Deflect","Calculated Gamble","Accuracy+1","Reflex+1","PiercingWail","Phantasmal Killer+1","Blade Dance+1","Enlightenment+1","Outmaneuver+1","Finisher+1"],"relics":["Astrolabe","Bottled Lightning","Ornamental Fan","Mummified Hand","Runic Pyramid","Incense Burner","Darkstone Periapt","Blue Candle","MutagenicStrength","Black Star","Mercury Hourglass","Bronze Scales","Lee\u0027s Waffle","Omamori","Gremlin Horn","Tough Bandages"],"acts_visited":["Exordium","TheCity","TheBeyond"],"potions_floor_usage":[50,50],"damage_taken":[{"damage":2.0,"enemies":"Jaw Worm","floor":1.0,"turns":4.0},{"damage":0.0,"enemies":"Cultist","floor":4.0,"turns":3.0},{"damage":5.0,"enemies":"3 Sentries","floor":7.0,"turns":10.0},{"damage":0.0,"enemies":"2 Louse","floor":11.0,"turns":1.0},{"damage":0.0,"enemies":"Exordium Wildlife","floor":12.0,"turns":2.0},{"damage":0.0,"enemies":"Looter","floor":13.0,"turns":2.0},{"damage":0.0,"enemies":"Gremlin Nob","floor":14.0,"turns":3.0},{"damage":0.0,"enemies":"The Guardian","floor":16.0,"turns":13.0},{"damage":0.0,"enemies":"Chosen","floor":18.0,"turns":5.0},{"damage":0.0,"enemies":"3 Byrds","floor":21.0,"turns":4.0},{"damage":17.0,"enemies":"Sentry and Sphere","floor":22.0,"turns":4.0},{"damage":9.0,"enemies":"Gremlin Leader","floor":24.0,"turns":7.0},{"damage":34.0,"enemies":"Book of Stabbing","floor":27.0,"turns":5.0},{"damage":17.0,"enemies":"Snake Plant","floor":29.0,"turns":5.0},{"damage":6.0,"enemies":"Collector","floor":33.0,"turns":8.0},{"damage":5.0,"enemies":"3 Darklings","floor":35.0,"turns":5.0},{"damage":0.0,"enemies":"3 Shapes","floor":37.0,"turns":3.0},{"damage":15.0,"enemies":"Sphere and 2 Shapes","floor":39.0,"turns":5.0},{"damage":0.0,"enemies":"Giant Head","floor":41.0,"turns":6.0},{"damage":27.0,"enemies":"Writhing Mass","floor":42.0,"turns":4.0},{"damage":39.0,"enemies":"Jaw Worm Horde","floor":45.0,"turns":3.0},{"damage":0.0,"enemies":"Transient","floor":46.0,"turns":5.0},{"damage":0.0,"enemies":"Sphere and 2 Shapes","floor":47.0,"turns":3.0},{"damage":11,"enemies":"Awakened One","floor":50,"turns":9}],"seed_played":"-940405434744513948","potions_obtained":[{"floor":4.0,"key":"FairyPotion"},{"floor":11.0,"key":"Energy Potion"},{"floor":13.0,"key":"ColorlessPotion"},{"floor":14.0,"key":"DistilledChaos"},{"floor":21.0,"key":"CunningPotion"},{"floor":24.0,"key":"GamblersBrew"},{"floor":33.0,"key":"DistilledChaos"},{"floor":35.0,"key":"EssenceOfSteel"},{"floor":36.0,"key":"FairyPotion"},{"floor":45.0,"key":"CunningPotion"},{"floor":47.0,"key":"Ancient Potion"}],"is_trial":false,"path_per_floor":["M","$","?","M","?","R","E","R","T","?","M","M","M","E","R","B",null,"M","?","$","M","M","R","E","R","T","E","?","M","R","?","R","B",null,"M","?","M","$","M","R","E","M","T","R","M","M","M","?","R","B",null],"character_chosen":"THE_SILENT","items_purchased":["Bronze Scales","Lee\u0027s Waffle"],"campfire_rested":3,"item_purchase_floors":[38,38],"current_hp_per_floor":[61,61,61,61,61,61,56,56,56,56,56,56,56,56,56,56,67,67,67,67,67,50,50,41,41,41,7,7,13,34,34,55,49,65,60,60,60,83,68,68,68,41,41,41,2,2,2,2,26,15],"gold":220,"neow_bonus":"BOSS_RELIC","is_daily":false,"chose_seed":false,"campfire_upgraded":7,"win_rate":0.0,"timestamp":1608091846,"path_taken":["M","$","?","?","?","R","E","R","T","?","M","M","M","E","R","BOSS","M","?","?","M","M","R","E","R","T","E","?","M","R","?","R","BOSS","M","?","M","$","M","R","E","M","T","R","M","?","?","?","R","BOSS"],"items_purchased_type":["Relic","Relic"],"build_version":"2020-12-13","purchased_purges":3,"victory":true,"max_hp_per_floor":[70,70,70,70,70,70,70,70,70,70,70,70,70,70,70,70,70,70,70,70,70,70,70,70,70,70,70,70,70,70,70,70,70,70,70,70,70,83,83,83,83,83,83,83,83,83,83,83,83,83],"card_choices":[{"not_picked":["Slice","PiercingWail"],"picked":"Acrobatics","floor":1.0},{"not_picked":["Dash","Bouncing Flask"],"picked":"Cloak And Dagger","floor":4.0},{"not_picked":["Setup","Venomology"],"picked":"Glass Knife","floor":7.0},{"not_picked":["Bane","Poisoned Stab"],"picked":"Slice","floor":11.0},{"not_picked":["Slice","Dagger Throw","Setup"],"picked":"SKIP","floor":12.0},{"not_picked":["Poisoned Stab","Quick Slash","Backflip"],"picked":"SKIP","floor":13.0},{"not_picked":["Outmaneuver","Deadly Poison"],"picked":"Footwork","floor":14.0},{"not_picked":["Die Die Die","Malaise"],"picked":"Tools of the Trade","floor":16.0},{"not_picked":["Noxious Fumes+1","Tactician"],"picked":"Eviscerate+1","floor":18.0},{"not_picked":["Flechettes","Choke"],"picked":"Deflect","floor":21.0},{"not_picked":["Backflip","Bane"],"picked":"Calculated Gamble","floor":22.0},{"not_picked":["Bane","Underhanded Strike"],"picked":"Accuracy","floor":24.0},{"not_picked":["Poisoned Stab+1","Flying Knee"],"picked":"Reflex+1","floor":27.0},{"not_picked":["Deflect","Outmaneuver"],"picked":"PiercingWail","floor":29.0},{"not_picked":["Burst","Night Terror"],"picked":"Phantasmal Killer","floor":33.0},{"not_picked":["Dodge and Roll","Backflip+1"],"picked":"Blade Dance+1","floor":35.0},{"not_picked":["Chrysalis","Bandage Up"],"picked":"Enlightenment","floor":36.0},{"not_picked":["Bane","Dagger Throw","Cloak And Dagger"],"picked":"SKIP","floor":37.0},{"not_picked":["Acrobatics","Bane+1","Cloak And Dagger"],"picked":"SKIP","floor":39.0},{"not_picked":["Cloak And Dagger","Deadly Poison"],"picked":"Outmaneuver+1","floor":41.0},{"not_picked":["All Out Attack","Deflect","A Thousand Cuts"],"picked":"SKIP","floor":42.0},{"not_picked":["Dagger Throw+1","Sucker Punch+1","Deadly Poison+1"],"picked":"SKIP","floor":45.0},{"not_picked":["Acrobatics","Blade Dance+1"],"picked":"Finisher+1","floor":46.0},{"not_picked":["Deflect+1","Adrenaline","Reflex"],"picked":"SKIP","floor":47.0}],"player_experience":595062,"relics_obtained":[{"floor":7.0,"key":"Bottled Lightning"},{"floor":9.0,"key":"Ornamental Fan"},{"floor":14.0,"key":"Mummified Hand"},{"floor":24.0,"key":"Incense Burner"},{"floor":26.0,"key":"Darkstone Periapt"},{"floor":27.0,"key":"Blue Candle"},{"floor":36.0,"key":"Mercury Hourglass"},{"floor":41.0,"key":"Omamori"},{"floor":41.0,"key":"Gremlin Horn"},{"floor":43.0,"key":"Tough Bandages"}],"event_choices":[{"cards_removed":["Strike_G"],"damage_healed":0.0,"max_hp_gain":0.0,"max_hp_loss":0.0,"gold_gain":0.0,"event_name":"Purifier","player_choice":"Purged","floor":3.0,"gold_loss":0.0,"damage_taken":0.0},{"damage_healed":0.0,"max_hp_gain":0.0,"max_hp_loss":0.0,"gold_gain":0.0,"event_name":"Living Wall","player_choice":"Grow","floor":5.0,"gold_loss":0.0,"damage_taken":0.0,"cards_upgraded":["Neutralize"]},{"damage_healed":0.0,"max_hp_gain":0.0,"max_hp_loss":0.0,"gold_gain":0.0,"event_name":"betterThird:BetterGoop","player_choice":"Left","floor":10.0,"gold_loss":20.0,"damage_taken":0.0},{"damage_healed":0.0,"max_hp_gain":0.0,"max_hp_loss":0.0,"gold_gain":0.0,"event_name":"The Joust","player_choice":"Bet on Murderer","floor":19.0,"gold_loss":50.0,"damage_taken":0.0},{"damage_healed":0.0,"max_hp_gain":0.0,"max_hp_loss":4.0,"gold_gain":0.0,"event_name":"betterThird:BetterWriting","player_choice":"Simplicity","floor":28.0,"gold_loss":0.0,"damage_taken":0.0},{"damage_healed":0.0,"max_hp_gain":0.0,"max_hp_loss":0.0,"gold_gain":0.0,"event_name":"Drug Dealer","player_choice":"Inject Mutagens","floor":31.0,"gold_loss":0.0,"damage_taken":0.0,"relics_obtained":["MutagenicStrength"]},{"damage_healed":0.0,"max_hp_gain":0.0,"max_hp_loss":0.0,"gold_gain":0.0,"event_name":"betterThird:BetterPortal","player_choice":"Random: Red","floor":36.0,"gold_loss":0.0,"damage_taken":0.0},{"damage_healed":0.0,"max_hp_gain":0.0,"max_hp_loss":0.0,"gold_gain":0.0,"event_name":"Upgrade Shrine","player_choice":"Upgraded","floor":48.0,"gold_loss":0.0,"damage_taken":0.0,"cards_upgraded":["Cloak And Dagger"]}],"is_beta":false,"boss_relics":[{"not_picked":["Fusion Hammer","SlaversCollar"],"picked":"Runic Pyramid"},{"not_picked":["Runic Dome","Sozu"],"picked":"Black Star"}],"items_purged_floors":[2,20,38],"is_endless":false,"potions_floor_spawned":[4,11,13,14,21,24,33,35,45,46,47],"ascension_level":10}}