{"host":"ci7ivtocgfxh0ueo","time":1608127891,"event":{"mods":["BaseMod","GifTheSpireLib","Minty Spire (QoL Compilation)","StSLib"],"gold_per_floor":[111,186,210,228,244,244,244,254,278,288,306,306,336,100,100,100,100],"floor_reached":16,"playtime":352,"items_purged":["Parasite"],"score":189,"play_id":"10a45f7c-8213-43ac-b0cf-ad8c28838f48","local_time":"20201216221131","is_ascension_mode":true,"campfire_choices":[{"data":"Dropkick","floor":6,"key":"SMITH"},{"floor":12,"key":"REST"},{"floor":15,"key":"REST"}],"circlet_count":0,"master_deck":["AscendersBane","Strike_R","Strike_R","Strike_R","Strike_R","Defend_R","Defend_R+1","Defend_R","Bash","Clumsy","Rupture","Juggernaut","Heavy Blade","Reaper","Dropkick+1","Cleave","Dropkick","Ghostly Armor+1","Spot Weakness"],"relics":["Burning Blood","Nunchaku","Happy Flower","Thread and Needle","War Paint"],"acts_visited":["Exordium"],"potions_floor_usage":[11,13,13],"damage_taken":[{"damage":24,"enemies":"Jaw Worm","floor":1,"turns":4},{"damage":7,"enemies":"Small Slimes","floor":4,"turns":3},{"damage":7,"enemies":"Cultist","floor":5,"turns":4},{"damage":57,"enemies":"Large Slime","floor":8,"turns":9},{"damage":13,"enemies":"2 Fungi Beasts","floor":10,"turns":3},{"damage":0,"enemies":"Looter","floor":11,"turns":1},{"damage":44,"enemies":"Lagavulin","floor":13,"turns":9},{"damage":49,"enemies":"Slime Boss","floor":16,"turns":6}],"seed_played":"2640432799318976449","potions_obtained":[{"floor":4,"key":"Dexterity Potion"},{"floor":10,"key":"Fire Potion"},{"floor":11,"key":"SteroidPotion"}],"is_trial":false,"path_per_floor":["M","?","T","M","M","R","?","M","T","M","M","R","E","$","R","B"],"character_chosen":"IRONCLAD","items_purchased":["War Paint"],"campfire_rested":2,"item_purchase_floors":[14],"current_hp_per_floor":[50,39,39,38,37,37,55,12,12,13,25,47,12,12,33,0,0],"gold":100,"neow_bonus":"TRANSFORM_TWO_CARDS","is_daily":false,"chose_seed":false,"campfire_upgraded":1,"win_rate":0.0,"timestamp":1608127891,"path_taken":["M","?","?","M","M","R","?","M","T","M","M","R","E","$","R","BOSS"],"items_purchased_type":["Relic"],"build_version":"2020-12-13","purchased_purges":1,"victory":false,"max_hp_per_floor":[75,75,75,75,75,75,75,75,75,75,75,75,75,72,72,72,72],"card_choices":[{"not_picked":["Rage","Warcry"],"picked":"Heavy Blade","floor":1},{"not_picked":["Sword Boomerang","Burning Pact"],"picked":"Reaper","floor":4},{"not_picked":["Pommel Strike","True Grit"],"picked":"Dropkick","floor":5},{"not_picked":["Headbutt","Clash"],"picked":"Cleave","floor":8},{"not_picked":["Warcry","Burning Pact"],"picked":"Dropkick","floor":10},{"not_picked":["Pommel Strike","Burning Pact"],"picked":"Ghostly Armor","floor":11},{"not_picked":["Body Slam","Carnage"],"picked":"Spot Weakness","floor":13}],"player_experience":1254099,"relics_obtained":[{"floor":3,"key":"Nunchaku"},{"floor":9,"key":"Happy Flower"},{"floor":13,"key":"Thread and Needle"}],"event_choices":[{"damage_healed":0,"gold_gain":75,"player_choice":"Gather Gold","damage_taken":11,"max_hp_gain":0,"max_hp_loss":0,"event_name":"World of Goop","floor":2,"gold_loss":0},{"damage_healed":18,"gold_gain":0,"player_choice":"Healed and dodged fight","damage_taken":0,"max_hp_gain":0,"max_hp_loss":0,"event_name":"Mushrooms","floor":7,"gold_loss":0,"cards_obtained":["Parasite"]}],"is_beta":false,"boss_relics":[],"items_purged_floors":[14],"is_endless":false,"potions_floor_spawned":[4,10,11],"killed_by":"Slime Boss","ascension_level":17}}