{"host":"cf32014d19ld5mat","time":1608144019,"event":{"mods":["AchievementEnabler","BaseMod","Block Reminder","Minty Spire (QoL Compilation)","Random Character Button","Relic Stats","StSLib"],"gold_per_floor":[113,124,141,141,141,170,170,200,200,200,200,227,244,270,270,349,349,361,373,51,64,64,64,90,15,15,34,34,34,34,67,67,67,67],"floor_reached":33,"playtime":1747,"items_purged":["Strike_G"],"score":622,"play_id":"d89af48d-ff3a-471f-95df-4f5faf7fb1ce","local_time":"20201216184019","is_ascension_mode":true,"campfire_choices":[{"data":"Well Laid Plans","floor":7.0,"key":"SMITH"},{"data":"Cloak And Dagger","floor":10.0,"key":"SMITH"},{"data":"Venomology","floor":15.0,"key":"SMITH"},{"floor":23.0,"key":"REST"},{"floor":28,"key":"REST"},{"data":"Crippling Poison","floor":30,"key":"SMITH"},{"data":"Noxious Fumes","floor":32,"key":"SMITH"}],"circlet_count":0,"master_deck":["AscendersBane","Strike_G","Strike_G","Strike_G","Defend_G","Defend_G","Defend_G","Defend_G","Defend_G","Survivor","Neutralize","Cloak And Dagger+1","Leg Sweep","Sucker Punch","Well Laid Plans+1","Backstab+1","Venomology+1","PiercingWail","Slice","Malaise","Dagger Spray","Deflect","Backflip","Quick Slash","Calculated Gamble","Crippling Poison+1","RitualDagger","Noxious Fumes+1"],"relics":["Ring of the Snake","NeowsBlessing","StrikeDummy","Omamori","Meat on the Bone","Blue Candle","PreservedInsect","Philosopher\u0027s Stone","Strange Spoon","Vajra","Lizard Tail","Ginger"],"acts_visited":["Exordium","TheCity"],"potions_floor_usage":[24,24,24,31,33,33,33],"damage_taken":[{"damage":0.0,"enemies":"Cultist","floor":1.0,"turns":1.0},{"damage":0.0,"enemies":"Small Slimes","floor":2.0,"turns":1.0},{"damage":0.0,"enemies":"2 Louse","floor":3.0,"turns":1.0},{"damage":14.0,"enemies":"3 Sentries","floor":6.0,"turns":3.0},{"damage":21.0,"enemies":"Lagavulin","floor":8.0,"turns":8.0},{"damage":4.0,"enemies":"3 Sentries","floor":12.0,"turns":9.0},{"damage":0.0,"enemies":"Exordium Wildlife","floor":13.0,"turns":1.0},{"damage":19.0,"enemies":"Lagavulin","floor":14.0,"turns":7.0},{"damage":33.0,"enemies":"Slime Boss","floor":16.0,"turns":16.0},{"damage":13.0,"enemies":"Shell Parasite","floor":18.0,"turns":7.0},{"damage":10.0,"enemies":"Chosen","floor":19.0,"turns":5.0},{"damage":22.0,"enemies":"Shelled Parasite and Fungi","floor":21.0,"turns":8.0},{"damage":25,"enemies":"Gremlin Leader","floor":24,"turns":9},{"damage":11,"enemies":"Centurion and Healer","floor":27,"turns":11},{"damage":10,"enemies":"Book of Stabbing","floor":31,"turns":5},{"damage":82,"enemies":"Champ","floor":33,"turns":13}],"seed_played":"8213831588438668403","potions_obtained":[{"floor":1.0,"key":"BlessingOfTheForge"},{"floor":3.0,"key":"SkillPotion"},{"floor":12.0,"key":"Poison Potion"},{"floor":13.0,"key":"Dexterity Potion"},{"floor":18.0,"key":"EssenceOfSteel"},{"floor":19.0,"key":"SpeedPotion"},{"floor":31,"key":"AttackPotion"}],"is_trial":false,"path_per_floor":["M","M","M","?","?","E","R","E","T","R","?","E","M","E","R","B",null,"M","M","$","M","?","R","E","?","T","M","R","?","R","E","R","B"],"character_chosen":"THE_SILENT","items_purchased":["Strange Spoon","Backflip","Quick Slash"],"campfire_rested":2,"item_purchase_floors":[20,20,20],"current_hp_per_floor":[59,59,59,59,64,50,50,29,29,29,29,37,37,30,30,24,59,46,36,36,26,6,28,15,15,15,16,38,32,32,34,34,0,0],"gold":67,"neow_bonus":"THREE_ENEMY_KILL","is_daily":false,"chose_seed":false,"campfire_upgraded":5,"win_rate":0.0,"timestamp":1608144019,"path_taken":["M","M","?","?","?","E","R","E","T","R","?","E","M","E","R","BOSS","M","M","$","M","?","R","E","?","T","M","R","?","R","E","R","BOSS"],"items_purchased_type":["Relic","Card","Card"],"build_version":"2020-12-13","purchased_purges":1,"victory":false,"max_hp_per_floor":[66,66,66,66,71,71,71,71,71,71,71,71,71,71,71,71,71,71,71,71,71,76,76,76,76,76,76,76,76,76,76,76,76,76],"relic_stats":{"Strange Spoon":[31],"Lizard Tail":38,"counters":[16,105],"Blue Candle":[0],"PreservedInsect":95,"Ginger":[4],"obtain_stats":[{"Strange Spoon":20,"Lizard Tail":26,"NeowsBlessing":0,"Blue Candle":12,"Vajra":24,"Philosopher\u0027s Stone":17,"PreservedInsect":14,"Omamori":8,"Ginger":31,"StrikeDummy":6,"Ring of the Snake":0,"Meat on the Bone":9},{"Strange Spoon":11,"Lizard Tail":13,"NeowsBlessing":0,"Blue Candle":6,"Vajra":13,"Philosopher\u0027s Stone":9,"PreservedInsect":8,"Omamori":5,"Ginger":15,"StrikeDummy":4,"Ring of the Snake":0,"Meat on the Bone":5},{"Strange Spoon":59,"Lizard Tail":76,"NeowsBlessing":0,"Blue Candle":23,"Vajra":76,"Philosopher\u0027s Stone":47,"PreservedInsect":31,"Omamori":14,"Ginger":92,"StrikeDummy":6,"Ring of the Snake":0,"Meat on the Bone":14}],"Ring of the Snake":[32],"Meat on the Bone":84},"card_choices":[{"not_picked":["Calculated Gamble","Reflex"],"picked":"Cloak And Dagger","floor":1.0},{"not_picked":["Dodge and Roll","Underhanded Strike"],"picked":"Leg Sweep","floor":2.0},{"not_picked":["All Out Attack","Underhanded Strike"],"picked":"Sucker Punch","floor":3.0},{"not_picked":["Poisoned Stab","Quick Slash"],"picked":"Well Laid Plans","floor":6.0},{"not_picked":["Sucker Punch","Bane"],"picked":"Backstab","floor":8.0},{"not_picked":["Blur","PiercingWail"],"picked":"Venomology","floor":12.0},{"not_picked":["Dagger Throw","Bane"],"picked":"PiercingWail","floor":13.0},{"not_picked":["Storm of Steel","Acrobatics"],"picked":"Slice","floor":14.0},{"not_picked":["Venomology","Unload"],"picked":"Malaise","floor":16.0},{"not_picked":["Choke","Flying Knee+1"],"picked":"Dagger Spray","floor":18.0},{"not_picked":["Well Laid Plans","All Out Attack"],"picked":"Deflect","floor":19.0},{"not_picked":["Choke","Underhanded Strike"],"picked":"Calculated Gamble","floor":21.0},{"not_picked":["Underhanded Strike","Sucker Punch"],"picked":"Crippling Poison","floor":24},{"not_picked":["Cloak And Dagger","Backstab+1","Slice"],"picked":"SKIP","floor":27},{"not_picked":["Predator","Distraction"],"picked":"Noxious Fumes","floor":31}],"player_experience":950333,"relics_obtained":[{"floor":6.0,"key":"StrikeDummy"},{"floor":8.0,"key":"Omamori"},{"floor":9.0,"key":"Meat on the Bone"},{"floor":12.0,"key":"Blue Candle"},{"floor":14.0,"key":"PreservedInsect"},{"floor":24,"key":"Vajra"},{"floor":26,"key":"Lizard Tail"},{"floor":31,"key":"Ginger"}],"event_choices":[{"damage_healed":0.0,"max_hp_gain":0.0,"max_hp_loss":0.0,"gold_gain":0.0,"event_name":"Liars Game","player_choice":"Ignored","floor":4.0,"gold_loss":0.0,"damage_taken":0.0},{"damage_healed":0.0,"max_hp_gain":5.0,"max_hp_loss":0.0,"gold_gain":0.0,"event_name":"Big Fish","player_choice":"Donut","floor":5.0,"gold_loss":0.0,"damage_taken":0.0},{"damage_healed":0.0,"max_hp_gain":0.0,"max_hp_loss":0.0,"gold_gain":0.0,"event_name":"Living Wall","player_choice":"Grow","floor":11.0,"gold_loss":0.0,"damage_taken":0.0,"cards_upgraded":["Backstab"]},{"damage_healed":0.0,"max_hp_gain":5.0,"max_hp_loss":0.0,"gold_gain":0.0,"event_name":"Forgotten Altar","player_choice":"Shed Blood","floor":22.0,"gold_loss":0.0,"damage_taken":25.0},{"cards_removed":["Strike_G"],"damage_healed":0,"gold_gain":0,"player_choice":"Gave Gold","damage_taken":0,"max_hp_gain":0,"max_hp_loss":0,"event_name":"Beggar","floor":25,"gold_loss":75},{"damage_healed":0,"gold_gain":0,"player_choice":"Joined the Cult","damage_taken":6,"max_hp_gain":0,"max_hp_loss":0,"event_name":"Nest","floor":29,"gold_loss":0,"cards_obtained":["RitualDagger"]}],"is_beta":false,"boss_relics":[{"not_picked":["Snecko Eye","Black Star"],"picked":"Philosopher\u0027s Stone"}],"items_purged_floors":[20],"is_endless":false,"potions_floor_spawned":[1,3,12,13,18,19,27,31],"killed_by":"Champ","ascension_level":20}}