{"host":"q5vpntglr38zhb0c","time":1608120095,"event":{"mods":["BaseMod","Colored Map","DeckTracker","Keyboard Shortcuts","Minty Spire (QoL Compilation)","Permanent Neow","StSLib","SuperFastMode","everything is the same but u backflip on backflip"],"gold_per_floor":[112,122,142,153,153,153,178,195,218,56,76,96,21,32,32,32,32],"floor_reached":16,"playtime":430,"items_purged":["Strike_B"],"score":208,"play_id":"0525afb2-b23a-4f6c-a874-2cd26cc5e2ea","local_time":"20201216210135","is_ascension_mode":true,"campfire_choices":[{"floor":6,"key":"REST"},{"data":"Reprogram","floor":15,"key":"SMITH"}],"circlet_count":0,"master_deck":["AscendersBane","Strike_B","Defend_B","Defend_B","Defend_B","Zap","Dualcast","Sweeping Beam","Reprogram+1","Steam","Go for the Eyes","Ball Lightning","Capacitor","Barrage","Genetic Algorithm","Cold Snap"],"relics":["Cracked Core","Nunchaku","Lee\u0027s Waffle","Odd Mushroom"],"acts_visited":["Exordium"],"potions_floor_usage":[7],"damage_taken":[{"damage":2,"enemies":"Jaw Worm","floor":1,"turns":4},{"damage":7,"enemies":"Small Slimes","floor":2,"turns":4},{"damage":4,"enemies":"Cultist","floor":3,"turns":4},{"damage":14,"enemies":"3 Louse","floor":4,"turns":4},{"damage":30,"enemies":"Gremlin Nob","floor":7,"turns":4},{"damage":8,"enemies":"Large Slime","floor":8,"turns":4},{"damage":18,"enemies":"The Mushroom Lair","floor":11,"turns":3},{"damage":2,"enemies":"Blue Slaver","floor":12,"turns":3},{"damage":6,"enemies":"Red Slaver","floor":14,"turns":3},{"damage":54,"enemies":"Hexaghost","floor":16,"turns":10}],"seed_played":"-7693926718629116448","potions_obtained":[{"floor":2,"key":"FearPotion"},{"floor":3,"key":"Weak Potion"},{"floor":8,"key":"SneckoOil"},{"floor":12,"key":"PowerPotion"}],"is_trial":false,"path_per_floor":["M","M","M","M","?","R","E","M","T","$","?","M","$","M","R","B"],"character_chosen":"DEFECT","items_purchased":["Lee\u0027s Waffle"],"campfire_rested":1,"item_purchase_floors":[10],"current_hp_per_floor":[44,37,33,19,19,40,10,2,2,78,60,58,58,52,52,0,0],"gold":32,"neow_bonus":"TRANSFORM_TWO_CARDS","is_daily":false,"chose_seed":false,"campfire_upgraded":1,"win_rate":0.0,"timestamp":1608120095,"path_taken":["M","M","M","M","?","R","E","M","T","$","?","M","$","M","R","BOSS"],"items_purchased_type":["Relic"],"build_version":"2020-12-13","purchased_purges":1,"victory":false,"max_hp_per_floor":[71,71,71,71,71,71,71,71,71,78,78,78,78,78,78,78,78],"card_choices":[{"not_picked":["Stack","Leap"],"picked":"Steam","floor":1},{"not_picked":["Leap","Steam","Coolheaded"],"picked":"SKIP","floor":2},{"not_picked":["Turbo","Hologram"],"picked":"Go for the Eyes","floor":3},{"not_picked":["Defragment","Steam"],"picked":"Ball Lightning","floor":4},{"not_picked":["Aggregate","Ball Lightning","Sweeping Beam"],"picked":"SKIP","floor":7},{"not_picked":["Rip and Tear","Tempest"],"picked":"Barrage","floor":8},{"not_picked":["Tempest","Conserve Battery"],"picked":"Genetic Algorithm","floor":11},{"not_picked":["Biased Cognition","Conserve Battery"],"picked":"Cold Snap","floor":12},{"not_picked":["Double Energy","Sweeping Beam","Go for the Eyes"],"picked":"SKIP","floor":14}],"player_experience":1298665,"relics_obtained":[{"floor":7,"key":"Nunchaku"},{"floor":11,"key":"Odd Mushroom"}],"event_choices":[{"damage_healed":0,"gold_gain":0,"cards_transformed":["Strike_B"],"player_choice":"Change","damage_taken":0,"max_hp_gain":0,"max_hp_loss":0,"event_name":"Living Wall","floor":5,"gold_loss":0,"cards_obtained":["Capacitor"]},{"damage_healed":0,"gold_gain":0,"player_choice":"Fought Mushrooms","damage_taken":0,"max_hp_gain":0,"max_hp_loss":0,"event_name":"Mushrooms","floor":11,"gold_loss":0}],"is_beta":false,"boss_relics":[],"items_purged_floors":[13],"is_endless":false,"potions_floor_spawned":[2,3,8,12],"killed_by":"Hexaghost","ascension_level":20}}