{"host":"a9gsz7kv8aebwp1f","time":1608121924,"event":{"mods":["AchievementEnabler","BaseMod","Minty Spire (QoL Compilation)"],"gold_per_floor":[116,7,22,34,34,34,45,45,45,62,75,75,93,93,93,93,93],"floor_reached":16,"playtime":424,"items_purged":[],"score":190,"play_id":"2935fd76-5fd5-4cad-bc31-6d2b70a9a0e7","local_time":"20201216213204","is_ascension_mode":true,"campfire_choices":[{"data":"Loop","floor":6,"key":"SMITH"},{"data":"Stack","floor":8,"key":"SMITH"},{"floor":15,"key":"REST"}],"circlet_count":0,"master_deck":["AscendersBane","Strike_B","Strike_B","Strike_B","Strike_B","Defend_B","Defend_B","Defend_B","Defend_B","Zap+1","Dualcast+1","Loop+1","Go for the Eyes","Go for the Eyes","Leap","Stack+1","Leap","Leap","Chaos"],"relics":["Cracked Core","Blue Candle","Sundial","Anchor"],"acts_visited":["Exordium"],"potions_floor_usage":[16],"damage_taken":[{"damage":10,"enemies":"2 Louse","floor":1,"turns":4},{"damage":2,"enemies":"Cultist","floor":3,"turns":4},{"damage":11,"enemies":"Small Slimes","floor":4,"turns":3},{"damage":10,"enemies":"Red Slaver","floor":7,"turns":4},{"damage":2,"enemies":"2 Fungi Beasts","floor":10,"turns":4},{"damage":3,"enemies":"3 Louse","floor":11,"turns":5},{"damage":20,"enemies":"Exordium Wildlife","floor":13,"turns":6},{"damage":32,"enemies":"Slime Boss","floor":16,"turns":9}],"seed_played":"-5110828351278178470","potions_obtained":[{"floor":3,"key":"PotionOfCapacity"},{"floor":10,"key":"Swift Potion"},{"floor":11,"key":"Strength Potion"}],"is_trial":false,"path_per_floor":["M","?","M","M","?","R","M","R","T","M","M","?","M","?","R","B"],"character_chosen":"DEFECT","items_purchased":[],"campfire_rested":1,"item_purchase_floors":[],"current_hp_per_floor":[58,58,56,45,45,45,35,35,35,33,30,30,10,10,32,0,0],"gold":93,"neow_bonus":"THREE_CARDS","is_daily":false,"chose_seed":false,"campfire_upgraded":2,"win_rate":0.0,"timestamp":1608121924,"path_taken":["M","?","M","?","?","R","M","R","T","M","?","?","M","?","R","BOSS"],"items_purchased_type":[],"build_version":"2020-12-13","purchased_purges":0,"victory":false,"max_hp_per_floor":[75,75,75,75,75,75,75,75,75,75,75,75,75,75,75,75,75],"card_choices":[{"not_picked":["Cold Snap","Go for the Eyes"],"picked":"Loop","floor":0},{"not_picked":["Cold Snap","Ball Lightning"],"picked":"Go for the Eyes","floor":1},{"not_picked":["Aggregate","Cold Snap"],"picked":"Go for the Eyes","floor":3},{"not_picked":["Conserve Battery","Go for the Eyes"],"picked":"Leap","floor":4},{"not_picked":["Compile Driver","Cold Snap"],"picked":"Stack","floor":7},{"not_picked":["Defragment","Redo"],"picked":"Leap","floor":10},{"not_picked":["Gash","Recycle"],"picked":"Leap","floor":11},{"not_picked":["Meteor Strike","Force Field"],"picked":"Chaos","floor":13}],"player_experience":427218,"relics_obtained":[{"floor":9,"key":"Sundial"}],"event_choices":[{"damage_healed":0,"gold_gain":0,"player_choice":"Paid Gold","damage_taken":0,"relics_obtained":["Blue Candle"],"max_hp_gain":0,"max_hp_loss":0,"event_name":"WeMeetAgain","floor":2,"gold_loss":109},{"damage_healed":0,"gold_gain":0,"player_choice":"Upgraded","damage_taken":0,"max_hp_gain":0,"max_hp_loss":0,"event_name":"Upgrade Shrine","floor":5,"gold_loss":0,"cards_upgraded":["Dualcast"]},{"damage_healed":0,"gold_gain":0,"player_choice":"Grow","damage_taken":0,"max_hp_gain":0,"max_hp_loss":0,"event_name":"Living Wall","floor":12,"gold_loss":0,"cards_upgraded":["Zap"]},{"damage_healed":0,"gold_gain":0,"player_choice":"Searched \u00271\u0027 times","damage_taken":0,"relics_obtained":["Anchor"],"max_hp_gain":0,"max_hp_loss":0,"event_name":"Dead Adventurer","floor":14,"gold_loss":0}],"is_beta":false,"boss_relics":[],"items_purged_floors":[],"is_endless":false,"potions_floor_spawned":[3,10,11,13],"killed_by":"Slime Boss","ascension_level":12}}