{"host":"nox","time":1608114942,"event":{"mods":["BaseMod","Colored Powertips","Minty Spire (QoL Compilation)","Quick Restart","Replay The Spire","StSLib"],"gold_per_floor":[111,125,142,158,118,152,169,169,169],"floor_reached":8,"playtime":359,"items_purged":[],"score":72,"play_id":"7a865dc3-c4e1-44c9-8f5a-dd7b5e041c1e","local_time":"20201216173542","is_ascension_mode":true,"campfire_choices":[],"circlet_count":0,"master_deck":["Strike_G","Strike_G","Strike_G","Strike_G","Strike_G","Defend_G","Defend_G","Defend_G","Defend_G","Defend_G","Survivor","Neutralize","Blade Dance","Infinite Blades","Blade Dance","Accuracy"],"relics":["Ring of the Snake","Nunchaku"],"acts_visited":["Exordium"],"potions_floor_usage":[4,4,6,6,6],"damage_taken":[{"damage":7,"enemies":"Jaw Worm","floor":1,"turns":4},{"damage":1,"enemies":"Cultist","floor":2,"turns":4},{"damage":0,"enemies":"2 Louse","floor":3,"turns":3},{"damage":8,"enemies":"Exordium Thugs","floor":4,"turns":5},{"damage":25,"enemies":"3 Sentries","floor":6,"turns":7},{"damage":30,"enemies":"Exordium Wildlife","floor":7,"turns":7},{"damage":5,"enemies":"Gremlin Nob","floor":8,"turns":3}],"seed_played":"6847858609366217217","potions_obtained":[{"floor":1,"key":"Fire Potion"},{"floor":3,"key":"Block Potion"},{"floor":5,"key":"GamblersBrew"},{"floor":5,"key":"Fire Potion"},{"floor":5,"key":"CunningPotion"}],"is_trial":false,"path_per_floor":["M","M","M","M","?","E","M","E"],"character_chosen":"THE_SILENT","items_purchased":[],"campfire_rested":0,"item_purchase_floors":[],"current_hp_per_floor":[70,69,69,61,61,36,6,1,1],"gold":169,"neow_bonus":"TEN_PERCENT_HP_BONUS","is_daily":false,"chose_seed":false,"campfire_upgraded":0,"win_rate":0.0,"timestamp":1608114942,"path_taken":["M","M","M","M","?","E","M","E"],"items_purchased_type":[],"build_version":"2020-11-17","purchased_purges":0,"victory":false,"max_hp_per_floor":[77,77,77,77,77,77,77,77,77],"card_choices":[{"not_picked":["ReplayTheSpireMod:Scrap Shanks","Dodge and Roll"],"picked":"Blade Dance","floor":1},{"not_picked":["Hidden Blade","Outmaneuver","Dagger Throw"],"picked":"SKIP","floor":2},{"not_picked":["Dagger Spray","Flying Knee"],"picked":"Infinite Blades","floor":3},{"not_picked":["Quick Slash","Dodge and Roll","Prepared"],"picked":"SKIP","floor":4},{"not_picked":["Crippling Poison","Cloak And Dagger"],"picked":"Blade Dance","floor":6},{"not_picked":["Noxious Fumes","Slice"],"picked":"Accuracy","floor":7}],"player_experience":130784,"relics_obtained":[{"floor":6,"key":"Nunchaku"}],"event_choices":[{"damage_healed":0,"gold_gain":0,"player_choice":"Bought 3 Potions","damage_taken":0,"max_hp_gain":0,"max_hp_loss":0,"event_name":"The Woman in Blue","floor":5,"gold_loss":0}],"is_beta":true,"boss_relics":[],"items_purged_floors":[],"is_endless":false,"potions_floor_spawned":[1,3],"killed_by":"Gremlin Nob","ascension_level":4}}