{"host":"egyxg9lnjq7g2hmw","time":1608105975,"event":{"mods":["AchievementEnabler","BaseMod","Block Reminder","Colored Map","Colored Powertips","Highlight Path","Minty Spire (QoL Compilation)","Rare Cards Sparkle","StSLib"],"gold_per_floor":[113,113,123,123,123,154,154,164,215,231,231,231,294,314,314,388,388,408,424,424,437,437,437],"floor_reached":22,"playtime":1187,"items_purged":[],"score":353,"play_id":"bebdbfe1-f0e3-471f-a2a1-d1e5013886e0","local_time":"20201216000615","is_ascension_mode":true,"campfire_choices":[{"floor":7.0,"key":"REST"},{"data":"Calculated Gamble","floor":15.0,"key":"SMITH"}],"circlet_count":0,"master_deck":["AscendersBane","Strike_G+1","Strike_G","Strike_G","Strike_G","Defend_G","Defend_G","Defend_G","Defend_G+1","Defend_G","Survivor","Neutralize","Night Terror","Dash","Dagger Throw","Eviscerate+1","Footwork","Burst","Calculated Gamble+1","Bullet Time","Eviscerate"],"relics":["Ring of the Snake","Pen Nib","Lantern","Mummified Hand","Art of War","Cursed Key","GremlinMask"],"acts_visited":["Exordium","TheCity"],"potions_floor_usage":[22],"damage_taken":[{"damage":0.0,"enemies":"2 Louse","floor":1.0,"turns":5.0},{"damage":3.0,"enemies":"Small Slimes","floor":3.0,"turns":3.0},{"damage":18.0,"enemies":"Gremlin Nob","floor":6.0,"turns":6.0},{"damage":0.0,"enemies":"Cultist","floor":8.0,"turns":4.0},{"damage":1.0,"enemies":"Looter","floor":10.0,"turns":3.0},{"damage":16.0,"enemies":"Gremlin Nob","floor":13.0,"turns":4.0},{"damage":0.0,"enemies":"3 Louse","floor":14.0,"turns":5.0},{"damage":25.0,"enemies":"Hexaghost","floor":16.0,"turns":11.0},{"damage":8.0,"enemies":"Chosen","floor":18.0,"turns":4.0},{"damage":14.0,"enemies":"Spheric Guardian","floor":19.0,"turns":5.0},{"damage":23.0,"enemies":"Snecko","floor":21.0,"turns":6.0},{"damage":11,"enemies":"Masked Bandits","floor":22,"turns":2}],"seed_played":"4888933424493003588","potions_obtained":[{"floor":3.0,"key":"BlessingOfTheForge"},{"floor":6.0,"key":"Explosive Potion"},{"floor":14.0,"key":"Regen Potion"},{"floor":16.0,"key":"PowerPotion"},{"floor":21.0,"key":"AttackPotion"}],"is_trial":false,"path_per_floor":["M","?","M","?","?","E","R","M","T","M","?","T","?","M","R","B",null,"M","M","?","M","?"],"character_chosen":"THE_SILENT","items_purchased":[],"campfire_rested":1,"item_purchase_floors":[],"current_hp_per_floor":[59,52,49,54,33,15,36,36,36,35,35,35,19,19,19,9,56,48,34,34,11,0,0],"gold":437,"neow_bonus":"ONE_RANDOM_RARE_CARD","is_daily":false,"chose_seed":false,"campfire_upgraded":1,"win_rate":0.0,"timestamp":1608105975,"path_taken":["M","?","M","?","?","E","R","M","T","M","?","?","?","M","R","BOSS","M","M","?","?","?"],"items_purchased_type":[],"build_version":"2020-12-13","purchased_purges":0,"victory":false,"max_hp_per_floor":[66,66,66,71,71,71,71,71,71,71,71,71,71,71,71,71,71,71,71,71,71,71,71],"card_choices":[{"not_picked":["Blade Dance","Dagger Throw"],"picked":"Dash","floor":1.0},{"not_picked":["Accuracy","Acrobatics"],"picked":"Dagger Throw","floor":3.0},{"not_picked":["PiercingWail","Bane"],"picked":"Eviscerate","floor":6.0},{"not_picked":["Bane","Endless Agony"],"picked":"Footwork","floor":8.0},{"not_picked":["Caltrops","Poisoned Stab","Prepared"],"picked":"SKIP","floor":10.0},{"not_picked":["PiercingWail","Dodge and Roll"],"picked":"Burst","floor":13.0},{"not_picked":["Backstab","Riddle With Holes"],"picked":"Calculated Gamble","floor":14.0},{"not_picked":["After Image","Doppelganger"],"picked":"Bullet Time","floor":16.0},{"not_picked":["Quick Slash","Cloak And Dagger","Caltrops+1"],"picked":"SKIP","floor":18.0},{"not_picked":["Deflect","Flying Knee+1"],"picked":"Eviscerate","floor":19.0},{"not_picked":["Blade Dance","Sucker Punch","Outmaneuver"],"picked":"SKIP","floor":21.0},{"not_picked":["Blade Dance","Sucker Punch","Outmaneuver"],"picked":"SKIP","floor":21.0},{"not_picked":["Blade Dance","Sucker Punch","Outmaneuver"],"picked":"SKIP","floor":21.0}],"player_experience":484114,"relics_obtained":[{"floor":6.0,"key":"Pen Nib"},{"floor":9.0,"key":"Lantern"},{"floor":12.0,"key":"Mummified Hand"},{"floor":13.0,"key":"Art of War"}],"event_choices":[{"cards_removed":["Strike_G"],"damage_healed":0.0,"max_hp_gain":0.0,"max_hp_loss":0.0,"gold_gain":0.0,"event_name":"Golden Wing","player_choice":"Card Removal","floor":2.0,"gold_loss":0.0,"damage_taken":7.0},{"damage_healed":0.0,"max_hp_gain":5.0,"max_hp_loss":0.0,"gold_gain":0.0,"event_name":"Big Fish","player_choice":"Donut","floor":4.0,"gold_loss":0.0,"damage_taken":0.0},{"damage_healed":0.0,"max_hp_gain":0.0,"max_hp_loss":0.0,"gold_gain":0.0,"event_name":"Shining Light","player_choice":"Entered Light","floor":5.0,"gold_loss":0.0,"damage_taken":21.0,"cards_upgraded":["Strike_G","Defend_G"]},{"damage_healed":0.0,"max_hp_gain":0.0,"max_hp_loss":0.0,"gold_gain":0.0,"event_name":"Living Wall","player_choice":"Grow","floor":11.0,"gold_loss":0.0,"damage_taken":0.0,"cards_upgraded":["Eviscerate"]},{"damage_healed":0.0,"max_hp_gain":0.0,"max_hp_loss":0.0,"gold_gain":0.0,"event_name":"Dead Adventurer","player_choice":"Searched \u00271\u0027 times","floor":13.0,"gold_loss":0.0,"damage_taken":0.0},{"damage_healed":0.0,"max_hp_gain":0.0,"max_hp_loss":0.0,"gold_gain":0.0,"event_name":"FaceTrader","player_choice":"Trade","floor":20.0,"gold_loss":0.0,"damage_taken":0.0,"relics_obtained":["GremlinMask"]},{"damage_healed":0,"gold_gain":0,"player_choice":"Fought Bandits","damage_taken":0,"max_hp_gain":0,"max_hp_loss":0,"event_name":"Masked Bandits","floor":22,"gold_loss":0}],"is_beta":false,"boss_relics":[{"not_picked":["Ring of the Serpent","Philosopher\u0027s Stone"],"picked":"Cursed Key"}],"items_purged_floors":[],"is_endless":false,"potions_floor_spawned":[3,6,8,14,16,21],"killed_by":"Masked Bandits","ascension_level":18}}