{"host":"77pvex58kafzx78l","time":1608103886,"event":{"mods":["BaseMod","Better Vampires","DeckTracker","Googly Eyes","Minty Spire (QoL Compilation)","Quick Restart","StSLib","SuperFastMode"],"gold_per_floor":[118,136,136,136,61,61,88,98,98,117,117,127,154,154,154,228,228,245,245,160,160,171,171,186,186,186,45,45,78,78,97,97,168,168,180,193,204,204,204],"floor_reached":38,"playtime":774,"items_purged":["Defend_P"],"score":708,"play_id":"6706f958-769c-4726-adf7-fea5c616049a","local_time":"20201216153126","is_ascension_mode":true,"campfire_choices":[{"data":"Eruption","floor":6.0,"key":"SMITH"},{"data":"1","floor":11.0,"key":"LIFT"},{"data":"2","floor":15.0,"key":"LIFT"},{"data":"3","floor":23.0,"key":"LIFT"},{"floor":25.0,"key":"REST"},{"data":"TalkToTheHand","floor":30.0,"key":"SMITH"},{"data":"DevaForm","floor":32.0,"key":"SMITH"}],"circlet_count":0,"master_deck":["AscendersBane","Strike_P+1","Strike_P","Defend_P","Defend_P","Eruption+1","Vigilance+1","Consecrate+1","FlurryOfBlows","TalkToTheHand+1","Evaluate","TalkToTheHand","Tantrum","Brilliance+1","LessonLearned","Adaptation+1","Prostrate+1","Worship+1","MentalFortress+1","FlurryOfBlows+1","EmptyMind+1","DevaForm+1","Devotion","Pray","Establishment"],"relics":["PureWater","NeowsBlessing","Lizard Tail","Girya","Damaru","Prayer Wheel","Runic Pyramid","Mercury Hourglass","Vajra","Juzu Bracelet","VioletLotus"],"acts_visited":["Exordium","TheCity","TheBeyond"],"potions_floor_usage":[38],"damage_taken":[{"damage":0.0,"enemies":"Jaw Worm","floor":1.0,"turns":1.0},{"damage":0.0,"enemies":"2 Louse","floor":2.0,"turns":1.0},{"damage":0.0,"enemies":"Gremlin Nob","floor":7.0,"turns":1.0},{"damage":0.0,"enemies":"Cultist","floor":8.0,"turns":3.0},{"damage":9.0,"enemies":"3 Louse","floor":10.0,"turns":2.0},{"damage":13.0,"enemies":"Exordium Wildlife","floor":12.0,"turns":3.0},{"damage":29.0,"enemies":"Lagavulin","floor":13.0,"turns":6.0},{"damage":6.0,"enemies":"Hexaghost","floor":16.0,"turns":5.0},{"damage":14.0,"enemies":"Shell Parasite","floor":18.0,"turns":2.0},{"damage":6.0,"enemies":"Spheric Guardian","floor":22.0,"turns":3.0},{"damage":14.0,"enemies":"Snake Plant","floor":24.0,"turns":4.0},{"damage":5.0,"enemies":"Book of Stabbing","floor":29.0,"turns":4.0},{"damage":5.0,"enemies":"Centurion and Healer","floor":31.0,"turns":3.0},{"damage":27.0,"enemies":"Champ","floor":33.0,"turns":6.0},{"damage":2.0,"enemies":"3 Darklings","floor":35.0,"turns":4.0},{"damage":14.0,"enemies":"3 Shapes","floor":36.0,"turns":3.0},{"damage":29.0,"enemies":"Spire Growth","floor":37.0,"turns":3.0},{"damage":0,"enemies":"3 Darklings","floor":38,"turns":2}],"seed_played":"-4273594756895761894","potions_obtained":[{"floor":2.0,"key":"CultistPotion"},{"floor":8.0,"key":"BottledMiracle"},{"floor":31.0,"key":"Explosive Potion"},{"floor":36.0,"key":"SpeedPotion"}],"is_trial":false,"path_per_floor":["M","M","?","?","$","R","E","M","T","M","R","M","E","?","R","B",null,"M","?","?","?","M","R","M","R","T","$","?","E","R","M","R","B",null,"M","M","M","M"],"character_chosen":"WATCHER","items_purchased":["DevaForm"],"campfire_rested":1,"item_purchase_floors":[27],"current_hp_per_floor":[65,65,70,70,70,70,70,70,70,61,61,48,19,16,16,10,60,46,46,46,46,40,40,26,49,49,49,49,44,44,39,39,12,61,59,45,16,16,16],"gold":204,"neow_bonus":"THREE_ENEMY_KILL","is_daily":false,"chose_seed":false,"campfire_upgraded":3,"win_rate":0.0,"timestamp":1608103886,"path_taken":["M","M","?","?","$","R","E","M","T","?","R","M","E","?","R","BOSS","M","?","?","?","M","R","?","R","T","$","?","E","R","M","R","BOSS","M","M","M","M"],"items_purchased_type":["Card"],"build_version":"2020-12-13","purchased_purges":1,"victory":false,"max_hp_per_floor":[72,72,77,77,77,77,77,77,77,77,77,77,77,77,77,77,77,77,77,77,77,77,77,77,77,77,77,77,77,77,77,77,77,77,77,77,77,77,77],"card_choices":[{"not_picked":["JustLucky","Halt"],"picked":"Consecrate","floor":1.0},{"not_picked":["BattleHymn","Consecrate"],"picked":"FlurryOfBlows","floor":2.0},{"not_picked":["Worship","Establishment"],"picked":"TalkToTheHand","floor":7.0},{"not_picked":["ThirdEye","WaveOfTheHand"],"picked":"Evaluate","floor":8.0},{"not_picked":["PathToVictory","EmptyFist"],"picked":"TalkToTheHand","floor":10.0},{"not_picked":["Wallop","FlyingSleeves"],"picked":"Tantrum","floor":12.0},{"not_picked":["Weave","PathToVictory"],"picked":"Brilliance","floor":13.0},{"not_picked":["Alpha","MasterReality"],"picked":"LessonLearned","floor":16.0},{"not_picked":["DeceiveReality","Crescendo"],"picked":"Adaptation","floor":18.0},{"not_picked":["LikeWater","Indignation"],"picked":"Prostrate","floor":18.0},{"not_picked":["FlurryOfBlows","Protect"],"picked":"MentalFortress","floor":22.0},{"not_picked":["Evaluate","PathToVictory"],"picked":"FlurryOfBlows+1","floor":22.0},{"not_picked":["EmptyBody","CutThroughFate"],"picked":"EmptyMind+1","floor":24.0},{"not_picked":["Judgement","Protect","Evaluate"],"picked":"SKIP","floor":24.0},{"not_picked":["Meditate","Wireheading","Evaluate+1"],"picked":"SKIP","floor":29.0},{"not_picked":["ReachHeaven","EmptyBody","SashWhip"],"picked":"SKIP","floor":31.0},{"not_picked":["SashWhip","FlyingSleeves","PathToVictory"],"picked":"SKIP","floor":31.0},{"not_picked":["Wish","LessonLearned"],"picked":"Devotion","floor":33.0},{"not_picked":["Collect","JustLucky","CutThroughFate"],"picked":"SKIP","floor":35.0},{"not_picked":["Sanctity+1","BowlingBash+1","ReachHeaven"],"picked":"SKIP","floor":35.0},{"not_picked":["Consecrate","Indignation+1","Halt"],"picked":"SKIP","floor":36.0},{"not_picked":["Study+1","JustLucky+1","Evaluate"],"picked":"SKIP","floor":36.0},{"not_picked":["ThirdEye","FlyingSleeves"],"picked":"Pray","floor":37.0},{"not_picked":["FearNoEvil+1","WaveOfTheHand"],"picked":"Establishment","floor":37.0}],"player_experience":272772,"relics_obtained":[{"floor":7.0,"key":"Lizard Tail"},{"floor":9.0,"key":"Girya"},{"floor":13.0,"key":"Damaru"},{"floor":26.0,"key":"Vajra"},{"floor":29.0,"key":"Juzu Bracelet"}],"event_choices":[{"damage_healed":0.0,"max_hp_gain":5.0,"max_hp_loss":0.0,"gold_gain":0.0,"event_name":"Big Fish","player_choice":"Donut","floor":3.0,"gold_loss":0.0,"damage_taken":0.0},{"cards_removed":["Defend_P"],"damage_healed":0.0,"max_hp_gain":0.0,"max_hp_loss":0.0,"gold_gain":0.0,"event_name":"Purifier","player_choice":"Purged","floor":4.0,"gold_loss":0.0,"damage_taken":0.0},{"damage_healed":0.0,"max_hp_gain":0.0,"max_hp_loss":0.0,"gold_gain":0.0,"event_name":"Scrap Ooze","player_choice":"Success","floor":14.0,"gold_loss":0.0,"damage_taken":3.0,"relics_obtained":["Prayer Wheel"]},{"damage_healed":0.0,"max_hp_gain":0.0,"max_hp_loss":0.0,"gold_gain":0.0,"event_name":"Cursed Tome","player_choice":"Ignored","floor":19.0,"gold_loss":0.0,"damage_taken":0.0},{"damage_healed":0.0,"max_hp_gain":0.0,"max_hp_loss":0.0,"gold_gain":0.0,"event_name":"Addict","player_choice":"Obtained Relic","floor":20.0,"gold_loss":85.0,"damage_taken":0.0,"relics_obtained":["Mercury Hourglass"]},{"damage_healed":0.0,"max_hp_gain":0.0,"max_hp_loss":0.0,"gold_gain":0.0,"cards_transformed":["Strike_P"],"event_name":"Transmorgrifier","player_choice":"Transformed","floor":21.0,"gold_loss":0.0,"damage_taken":0.0,"cards_obtained":["Worship"]},{"cards_removed":["Strike_P"],"damage_healed":0.0,"max_hp_gain":0.0,"max_hp_loss":0.0,"gold_gain":0.0,"event_name":"Back to Basics","player_choice":"Elegance","floor":28.0,"gold_loss":0.0,"damage_taken":0.0}],"is_beta":false,"boss_relics":[{"not_picked":["Coffee Dripper","Tiny House"],"picked":"Runic Pyramid"},{"not_picked":["Pandora\u0027s Box","HolyWater"],"picked":"VioletLotus"}],"items_purged_floors":[5],"is_endless":false,"potions_floor_spawned":[2,8,10,12,18,22,31,36],"killed_by":"3 Darklings","ascension_level":13}}