{"host":"5uvzo7moqy5vd63g","time":1608085269,"event":{"mods":["Aspiration","BaseMod","Conspire","Dio Mod","Downfall","Hermit","Hubris","Jedi Mod","Jorbs\u0027s Wanderer Trilogy","Mimic Mod","Minty Spire (QoL Compilation)","Replay The Spire","StSLib","The Animator","Wandering Minibosses"],"gold_per_floor":[131,150,325,400,415,457,42,42,77,107,107,72,97,60,60,165,165,197,197,197,232,249,55,55,105,181,227,227,227,227,259,259,377,377,395,305,328,347,58,88,111,111,111],"floor_reached":42,"playtime":5054,"items_purged":["Doubt","animator:Strike"],"score":816,"play_id":"f4ea0e5b-0735-4d00-ac49-77e46fc55219","local_time":"20201215212109","is_ascension_mode":true,"campfire_choices":[{"floor":8,"key":"REST"},{"floor":11,"key":"REST"},{"data":"animator:Pride","floor":15,"key":"SMITH"},{"data":"animator:ChaikaTrabant","floor":24,"key":"SMITH"},{"data":"animator:SuzuneAmano","floor":30,"key":"SMITH"},{"floor":32,"key":"REST"}],"circlet_count":0,"master_deck":["animator:Strike_MadokaMagica","animator:Defend_MadokaMagica","animator:Strike","animator:Defend","animator:Defend","animator:Defend","animator:IrohaTamaki","animator:YuiTsuruno","animator:Ain","animator:YuiTsuruno","animator:MamiTomoe","animator:Mikaela","animator:HououinKyouma","animator:Arpeggio","animator:ElricEdward","animator:Pride+1","animator:Kyubey+1","animator:GuildGirl","animator:ChaikaTrabant+1","animator:SayakaMiki+1","animator:Sloth","animator:OrikoMikuni","animator:LimeBell","animator:MadokaKaname","animator:NagisaMomoe+1","animator:SuzuneAmano+1","animator:ElricEdward+1","animator:Rimuru","animator:Elsword+1","animator:YachiyoNanami","animator:NagisaMomoe+1","animator:YuiTsuruno","animator:Kira+1","animator:Cirno","animator:SayakaMiki+1","animator:Add+1"],"relics":["animator:LivingPicture","animator:TheMissingPiece","animator:PurgingStone","NeowsBlessing","animator:Buoy","Replay:Rubber Ducky","PreservedInsect","aspiration:SecretTechniqueScroll","aspiration:FrozenJewel","Regal Pillow","The Courier","Toxic Egg 2","Toy Ornithopter","Replay:Baseball","SlaversCollar","animator:EngravedStaff"],"acts_visited":["Exordium","TheCity","TheBeyond"],"potions_floor_usage":[27,31,41,42],"damage_taken":[{"damage":0,"enemies":"Jaw Worm","floor":1,"turns":1},{"damage":0,"enemies":"Small Slimes","floor":2,"turns":2},{"damage":0,"enemies":"Cultist","floor":5,"turns":1},{"damage":56,"enemies":"3 Sentries","floor":6,"turns":14},{"damage":9,"enemies":"Gremlin Gang","floor":9,"turns":8},{"damage":18,"enemies":"Lagavulin","floor":13,"turns":5},{"damage":18,"enemies":"Hexaghost","floor":16,"turns":7},{"damage":18,"enemies":"Spheric Guardian","floor":18,"turns":4},{"damage":0,"enemies":"Shell Parasite","floor":21,"turns":7},{"damage":0,"enemies":"Shell Parasite","floor":22,"turns":4},{"damage":14,"enemies":"conspire:SneckoGhost","floor":25,"turns":5},{"damage":0,"enemies":"animator:HornedBat","floor":27,"turns":6},{"damage":22,"enemies":"Book of Stabbing","floor":31,"turns":5},{"damage":10,"enemies":"hubris:MusketHawk","floor":33,"turns":8},{"damage":28,"enemies":"3 Darklings","floor":35,"turns":7},{"damage":17,"enemies":"3 Shapes","floor":37,"turns":7},{"damage":0,"enemies":"Sphere and 2 Shapes","floor":38,"turns":5},{"damage":0,"enemies":"R_Hoarder","floor":40,"turns":7},{"damage":27,"enemies":"Jaw Worm Horde","floor":41,"turns":6},{"damage":31,"enemies":"3 Darklings","floor":42,"turns":5}],"seed_played":"9108373004778428752","potions_obtained":[{"floor":1,"key":"FearPotion"},{"floor":2,"key":"GamblersBrew"},{"floor":5,"key":"jedi:wingpotion"},{"floor":16,"key":"Dexterity Potion"},{"floor":25,"key":"DistilledChaos"},{"floor":41,"key":"animator:FalseLifePotion"}],"is_trial":false,"path_per_floor":["M","M","?","?","M","E","$","R","MIM","?","R","?","E","$","R","B",null,"M","?","?","MIM","M","$","R","E","T","E","?","?","R","E","R","B",null,"M","?","M","M","$","E","M","M"],"character_chosen":"THE_ANIMATOR","items_purchased":["animator:Mikaela","animator:HououinKyouma","animator:Arpeggio","animator:ElricEdward","animator:GuildGirl","animator:LimeBell","animator:YuiTsuruno","animator:Kira+1","animator:Cirno","PowerPotion"],"campfire_rested":3,"item_purchase_floors":[7,7,7,7,14,23,39,39,39,39],"current_hp_per_floor":[66,66,66,60,60,4,4,23,14,14,33,49,32,32,32,14,54,36,36,36,36,37,37,37,23,23,31,31,31,31,14,50,49,65,38,38,21,21,21,30,17,0,0],"gold":111,"neow_bonus":"THREE_ENEMY_KILL","is_daily":false,"chose_seed":false,"campfire_upgraded":3,"win_rate":0.0,"timestamp":1608085269,"path_taken":["M","M","?","?","?","E","$","R","MIM","?","R","?","E","?","R","BOSS","M","?","?","?","?","$","R","E","T","E","?","?","R","E","R","BOSS","M","?","M","?","$","E","M","M"],"items_purchased_type":["Card","Card","Card","Card","Card","Card","Card","Card","Card","Potion"],"build_version":"2020-12-13","purchased_purges":2,"victory":false,"max_hp_per_floor":[66,66,66,66,66,66,66,66,66,66,66,66,67,67,67,67,67,67,67,67,67,68,68,68,68,68,70,70,70,70,70,70,70,70,71,71,71,71,71,71,71,71,71],"card_choices":[{"not_picked":["animator:Layla","animator:Vesta"],"picked":"animator:Ain","floor":1},{"not_picked":["animator:IrohaTamaki","animator:CrowleyEusford"],"picked":"animator:YuiTsuruno","floor":2},{"not_picked":["animator:Millim","animator:AcuraTooru","animator:Vesta"],"picked":"SKIP","floor":5},{"not_picked":["animator:SuzuneAmano","animator:YachiyoNanami"],"picked":"animator:MamiTomoe","floor":6},{"not_picked":["animator:Kuribayashi","animator:Laby"],"picked":"animator:Pride","floor":9},{"not_picked":["animator:Arpeggio","animator:Tyuule"],"picked":"animator:Kyubey","floor":13},{"not_picked":["animator:Sora","animator:Shizu"],"picked":"animator:ChaikaTrabant","floor":16},{"not_picked":["animator:Gluttony","animator:Sloth"],"picked":"animator:SayakaMiki+1","floor":18},{"not_picked":["animator:Pride","animator:Witch"],"picked":"animator:Sloth","floor":21},{"not_picked":["animator:Millim","animator:Viivi"],"picked":"animator:OrikoMikuni","floor":22},{"not_picked":["animator:IrohaTamaki","animator:KyokoSakura"],"picked":"animator:MadokaKaname","floor":25},{"not_picked":["animator:Shuna+1","animator:Mitsuba"],"picked":"animator:NagisaMomoe+1","floor":27},{"not_picked":["animator:Ciel+1","animator:Shuna+1"],"picked":"animator:ElricEdward+1","floor":31},{"not_picked":["animator:SwordMaiden+1","animator:ChaikaTrabant"],"picked":"animator:Rimuru","floor":33},{"not_picked":["animator:KyokoSakura","animator:OrikoMikuni+1"],"picked":"animator:Elsword+1","floor":35},{"not_picked":["animator:IrohaTamaki","animator:SuzuneAmano"],"picked":"animator:YachiyoNanami","floor":37},{"not_picked":["animator:Tyuule+1","animator:DolaRiku+1"],"picked":"animator:NagisaMomoe+1","floor":38},{"not_picked":["animator:Mikaela","animator:Vesta+1"],"picked":"animator:SayakaMiki+1","floor":40},{"not_picked":["animator:CowGirl+1","animator:ElricEdward+1"],"picked":"animator:Add+1","floor":41}],"player_experience":1340787,"relics_obtained":[{"floor":6,"key":"animator:Buoy"},{"floor":9,"key":"Replay:Rubber Ducky"},{"floor":13,"key":"PreservedInsect"},{"floor":21,"key":"aspiration:FrozenJewel"},{"floor":25,"key":"Regal Pillow"},{"floor":26,"key":"The Courier"},{"floor":27,"key":"Toxic Egg 2"},{"floor":29,"key":"Toy Ornithopter"},{"floor":31,"key":"Replay:Baseball"},{"floor":40,"key":"animator:EngravedStaff"}],"event_choices":[{"damage_healed":0,"gold_gain":175,"player_choice":"AGREE","damage_taken":0,"max_hp_gain":0,"max_hp_loss":0,"event_name":"Liars Game","floor":3,"gold_loss":0,"cards_obtained":["Doubt"]},{"damage_healed":0,"gold_gain":75,"player_choice":"Touch","damage_taken":6,"max_hp_gain":0,"max_hp_loss":0,"event_name":"FaceTrader","floor":4,"gold_loss":0},{"damage_healed":0,"gold_gain":30,"player_choice":"Searched \u00272\u0027 times","damage_taken":0,"max_hp_gain":0,"max_hp_loss":0,"event_name":"Dead Adventurer","floor":10,"gold_loss":0},{"damage_healed":16,"gold_gain":0,"player_choice":"Healed","damage_taken":0,"max_hp_gain":0,"max_hp_loss":0,"event_name":"The Cleric","floor":12,"gold_loss":35},{"damage_healed":0,"gold_gain":0,"player_choice":"Leave","damage_taken":0,"max_hp_gain":0,"max_hp_loss":0,"event_name":"conspire:Investor","floor":19,"gold_loss":0},{"cards_removed":["animator:Strike"],"damage_healed":0,"gold_gain":0,"player_choice":"Upgrade and Remove","damage_taken":0,"max_hp_gain":0,"max_hp_loss":0,"event_name":"Designer","floor":36,"gold_loss":90,"cards_upgraded":["animator:Kyubey"]}],"is_beta":false,"boss_relics":[{"not_picked":["hubris:GrandSneckoEye","Abe\u0027s Treasure"],"picked":"aspiration:SecretTechniqueScroll"},{"not_picked":["jedi:battlestandard","Replay:Bronze Core"],"picked":"SlaversCollar"}],"items_purged_floors":[7,23],"is_endless":false,"potions_floor_spawned":[1,2,5,16,18,22,25,41],"killed_by":"3 Darklings","ascension_level":5}}