{"host":"u8v3smlhv612t412","time":1608137701,"event":{"mods":["BaseMod","Better Altar","Better Match","Better Note","Better Skull","Better Third Choice","BetterRewards","Colored Powertips","DeckTracker","Minty Spire (QoL Compilation)","Quick Restart","Rare Cards Sparkle","Relic Stats","Spicy Shops","StSLib","slay the spire mod where everything is the same but ironclad has a cowboy hat"],"gold_per_floor":[117,136,146,166,186,186,115,125,125,152,152,167,167,184,184,281,331,344,344,361,379,392,392,427,427,427],"floor_reached":25,"playtime":1739,"items_purged":["Defend_P","Defend_P"],"score":293,"play_id":"fc3047da-c00f-419b-b065-e347dc262ea7","local_time":"20201216115501","is_ascension_mode":true,"campfire_choices":[{"data":"Eruption","floor":6,"key":"SMITH"},{"floor":11,"key":"REST"},{"floor":15,"key":"REST"},{"data":"DevaForm","floor":23,"key":"SMITH"}],"circlet_count":0,"master_deck":["Strike_P","Strike_P","Strike_P","Strike_P","Defend_P","Defend_P","Eruption+1","Vigilance","Weave","Establishment","JustLucky","ThirdEye","Protect","LikeWater","Evaluate+1","Halt","CarveReality","InnerPeace","DevaForm+1","MentalFortress","EmptyMind","FlurryOfBlows","Perseverance+1","DeusExMachina+1","Crescendo+1","FollowUp","Evaluate+1","EmptyBody+1","Consecrate+1","Perseverance+1"],"relics":["PureWater","Lantern","TeardropLocket","Letter Opener","Toxic Egg 2","Tiny House","Anchor"],"acts_visited":["Exordium","TheCity"],"potions_floor_usage":[10,10,16,16,24,25],"damage_taken":[{"damage":0,"enemies":"Cultist","floor":1,"turns":3},{"damage":0,"enemies":"Small Slimes","floor":2,"turns":3},{"damage":0,"enemies":"2 Louse","floor":3,"turns":3},{"damage":7,"enemies":"Exordium Wildlife","floor":4,"turns":4},{"damage":3,"enemies":"3 Louse","floor":5,"turns":3},{"damage":6,"enemies":"Exordium Thugs","floor":8,"turns":6},{"damage":16,"enemies":"Lagavulin","floor":10,"turns":6},{"damage":0,"enemies":"2 Fungi Beasts","floor":12,"turns":3},{"damage":2,"enemies":"Looter","floor":14,"turns":2},{"damage":0,"enemies":"Slime Boss","floor":16,"turns":5},{"damage":0,"enemies":"Shell Parasite","floor":18,"turns":4},{"damage":7,"enemies":"3 Byrds","floor":20,"turns":6},{"damage":0,"enemies":"Sentry and Sphere","floor":21,"turns":4},{"damage":3,"enemies":"Centurion and Healer","floor":22,"turns":7},{"damage":54,"enemies":"Book of Stabbing","floor":24,"turns":6},{"damage":21,"enemies":"Cultist and Chosen","floor":25,"turns":5}],"seed_played":"-5401067567505136236","potions_obtained":[{"floor":1,"key":"Explosive Potion"},{"floor":3,"key":"BottledMiracle"},{"floor":14,"key":"FearPotion"},{"floor":17,"key":"Dexterity Potion"},{"floor":18,"key":"Fire Potion"},{"floor":21,"key":"Ancient Potion"},{"floor":24,"key":"SneckoOil"}],"is_trial":false,"path_per_floor":["M","M","M","M","M","R","$","M","T","E","R","M","T","M","R","B",null,"M","?","M","M","M","R","E","M"],"character_chosen":"WATCHER","items_purchased":["Weave","Establishment","Lantern","JustLucky","ThirdEye","Protect","PowerPotion","DevaForm"],"campfire_rested":2,"item_purchase_floors":[0,0,0,0,0,0,0,7],"current_hp_per_floor":[40,40,40,33,30,30,30,24,24,8,29,29,29,27,48,48,77,77,77,70,70,67,67,13,0,0],"gold":427,"neow_bonus":"","is_daily":false,"chose_seed":false,"campfire_upgraded":2,"win_rate":0.0,"timestamp":1608137701,"path_taken":["M","M","M","M","M","R","$","M","T","E","R","M","?","M","R","BOSS","M","?","M","M","M","R","E","M"],"items_purchased_type":["Card","Card","Relic","Card","Card","Card","Potion","Card"],"build_version":"2020-12-13","purchased_purges":2,"victory":false,"max_hp_per_floor":[72,72,72,72,72,72,72,72,72,72,72,72,72,72,72,72,77,77,77,77,77,77,77,77,77,77],"relic_stats":{"counters":[16,70],"Letter Opener":[109],"obtain_stats":[{"Lantern":0,"Anchor":24,"Tiny House":17,"TeardropLocket":9,"Letter Opener":10,"PureWater":0,"Toxic Egg 2":13},{"Lantern":0,"Anchor":15,"Tiny House":10,"TeardropLocket":6,"Letter Opener":7,"PureWater":0,"Toxic Egg 2":8},{"Lantern":0,"Anchor":65,"Tiny House":38,"TeardropLocket":22,"Letter Opener":28,"PureWater":0,"Toxic Egg 2":31}]},"card_choices":[{"not_picked":["WheelKick","FlyingSleeves"],"picked":"LikeWater","floor":1},{"not_picked":["Swivel","FollowUp"],"picked":"Evaluate","floor":2},{"not_picked":["FlyingSleeves","Conclude"],"picked":"Halt","floor":3},{"not_picked":["ClearTheMind","JustLucky"],"picked":"CarveReality","floor":4},{"not_picked":["Crescendo","SignatureMove"],"picked":"InnerPeace","floor":5},{"not_picked":["Halt","SignatureMove"],"picked":"MentalFortress","floor":8},{"not_picked":["Evaluate","FollowUp"],"picked":"EmptyMind","floor":10},{"not_picked":["MentalFortress","CrushJoints"],"picked":"FlurryOfBlows","floor":12},{"not_picked":["Fasting2","Protect+1"],"picked":"Perseverance+1","floor":14},{"not_picked":["MasterReality","Brilliance"],"picked":"DeusExMachina+1","floor":16},{"not_picked":["PathToVictory+1","Protect+1"],"picked":"Crescendo+1","floor":17},{"not_picked":["WheelKick","Collect+1"],"picked":"FollowUp","floor":18},{"not_picked":["JustLucky","FlurryOfBlows"],"picked":"Evaluate+1","floor":20},{"not_picked":["Fasting2","EmptyFist"],"picked":"EmptyBody+1","floor":21},{"not_picked":["TalkToTheHand","Halt+1"],"picked":"Consecrate+1","floor":22},{"not_picked":["PathToVictory+1","Consecrate"],"picked":"Perseverance+1","floor":24}],"player_experience":467585,"relics_obtained":[{"floor":9,"key":"TeardropLocket"},{"floor":10,"key":"Letter Opener"},{"floor":13,"key":"Toxic Egg 2"},{"floor":24,"key":"Anchor"}],"event_choices":[{"damage_healed":0,"gold_gain":0,"player_choice":"Ignored","damage_taken":0,"max_hp_gain":0,"max_hp_loss":0,"event_name":"The Mausoleum","floor":19,"gold_loss":0}],"is_beta":false,"boss_relics":[{"not_picked":["Cursed Key","Astrolabe"],"picked":"Tiny House"}],"items_purged_floors":[0,0],"is_endless":false,"potions_floor_spawned":[1,3,4,14,18,21,24],"killed_by":"Cultist and Chosen","ascension_level":1}}