{"host":"9anmc1688xy4jiyg","time":1608137442,"event":{"mods":["AchievementEnabler","BaseMod","Highlight Path","Minty Spire (QoL Compilation)","Relic Stats","StSLib","ojb\u0027s Info Mod"],"gold_per_floor":[113,125,125,125,140,140,154,154,154,36,36,36,53,85,85,156,156,172,62,73,93,107,140,140,157,183,183,200,225,18,18,18,91,91,107,107,125,150,0,0,13,13,13,13,23,23,23,23,23,23,23],"floor_reached":50,"playtime":2277,"items_purged":["Regret","Doubt"],"score":1060,"play_id":"0cdb5255-c8b9-4209-8644-dfc18fe3eb77","local_time":"20201216175042","is_ascension_mode":true,"campfire_choices":[{"data":"Disarm","floor":6.0,"key":"SMITH"},{"data":"Bash","floor":8.0,"key":"SMITH"},{"data":"Blood for Blood","floor":11.0,"key":"SMITH"},{"data":"Armaments","floor":15.0,"key":"SMITH"},{"floor":24,"key":"REST"},{"floor":32,"key":"REST"},{"floor":40,"key":"DIG"},{"floor":42,"key":"DIG"},{"floor":44,"key":"DIG"},{"floor":49,"key":"REST"}],"circlet_count":0,"master_deck":["AscendersBane","Strike_R","Strike_R","Strike_R+1","Defend_R","Defend_R","Defend_R","Bash+1","Spot Weakness","Anger+1","Disarm+1","Feel No Pain+1","Blood for Blood+1","Armaments+1","Offering","Reaper","Dark Embrace+1","Rage+1","Body Slam+1","Dual Wield","Barricade+1","Fire Breathing+1","True Grit","Fire Breathing+1","Brutality+1","Rupture+1","Entrench","Iron Wave","Reckless Charge+1","Normality","Power Through","Dark Shackles"],"relics":["Burning Blood","NeowsBlessing","Frozen Egg 2","Regal Pillow","Pen Nib","Cursed Key","Art of War","Lantern","Bottled Tornado","Membership Card","Mark of Pain","Shovel","Red Mask","Blood Vial","Du-Vu Doll","Gremlin Horn","The Courier"],"acts_visited":["Exordium","TheCity","TheBeyond"],"potions_floor_usage":[22,29,29],"damage_taken":[{"damage":0.0,"enemies":"Small Slimes","floor":1.0,"turns":1.0},{"damage":0.0,"enemies":"Cultist","floor":2.0,"turns":1.0},{"damage":0.0,"enemies":"Jaw Worm","floor":5.0,"turns":1.0},{"damage":19.0,"enemies":"Exordium Thugs","floor":7.0,"turns":4.0},{"damage":19.0,"enemies":"Large Slime","floor":13.0,"turns":3.0},{"damage":24.0,"enemies":"Lagavulin","floor":14.0,"turns":7.0},{"damage":16.0,"enemies":"Hexaghost","floor":16.0,"turns":8.0},{"damage":32.0,"enemies":"3 Byrds","floor":18.0,"turns":6.0},{"damage":6,"enemies":"Chosen","floor":20,"turns":5},{"damage":28,"enemies":"Centurion and Healer","floor":21,"turns":4},{"damage":28,"enemies":"Shelled Parasite and Fungi","floor":22,"turns":4},{"damage":40,"enemies":"Book of Stabbing","floor":23,"turns":5},{"damage":18,"enemies":"Sentry and Sphere","floor":25,"turns":6},{"damage":39,"enemies":"Snecko","floor":28,"turns":7},{"damage":30,"enemies":"Slavers","floor":29,"turns":5},{"damage":6,"enemies":"Champ","floor":33,"turns":7},{"damage":12,"enemies":"3 Darklings","floor":35,"turns":4},{"damage":14,"enemies":"3 Shapes","floor":37,"turns":3},{"damage":14,"enemies":"Mind Bloom Boss Battle","floor":38,"turns":5},{"damage":47,"enemies":"Writhing Mass","floor":41,"turns":4},{"damage":29,"enemies":"Transient","floor":45,"turns":6},{"damage":96,"enemies":"Awakened One","floor":50,"turns":3}],"seed_played":"-2050986769526989266","potions_obtained":[{"floor":1.0,"key":"ColorlessPotion"},{"floor":2.0,"key":"ElixirPotion"},{"floor":14.0,"key":"FairyPotion"},{"floor":16.0,"key":"SkillPotion"},{"floor":23,"key":"Dexterity Potion"},{"floor":28,"key":"LiquidMemories"},{"floor":29,"key":"FairyPotion"},{"floor":37,"key":"Ancient Potion"}],"is_trial":false,"path_per_floor":["M","M","?","?","M","R","M","R","T","$","R","?","M","E","R","B",null,"M","?","M","M","M","E","R","M","T","?","M","E","$","?","R","B",null,"M","?","M","?","?","R","M","R","T","R","M","?","$","?","R","B"],"character_chosen":"IRONCLAD","items_purchased":["Blood for Blood","Membership Card"],"campfire_rested":3,"item_purchase_floors":[10,30],"current_hp_per_floor":[74,75,75,75,75,75,62,62,62,62,62,62,49,31,31,21,62,42,42,51,46,41,7,44,35,35,35,40,37,37,37,74,75,75,75,75,75,68,68,68,37,37,37,37,16,16,16,16,53,0,0],"gold":23,"neow_bonus":"THREE_ENEMY_KILL","is_daily":false,"chose_seed":false,"campfire_upgraded":4,"win_rate":0.0,"timestamp":1608137442,"path_taken":["M","M","?","?","?","R","M","R","T","?","R","?","M","E","R","BOSS","M","?","M","?","M","E","R","M","T","?","M","E","$","?","R","BOSS","M","?","M","?","?","R","M","R","T","R","M","?","$","?","R","BOSS"],"items_purchased_type":["Card","Relic"],"build_version":"2020-12-13","purchased_purges":2,"victory":false,"max_hp_per_floor":[75,75,75,75,75,75,75,75,75,75,75,75,75,75,75,75,75,75,75,75,75,75,75,75,75,75,75,75,75,75,75,75,75,75,75,75,75,75,75,75,75,75,75,75,75,75,75,75,75,75,75],"relic_stats":{"Blood Vial":6,"Regal Pillow":45,"Shovel":3,"Gremlin Horn":[2,2],"counters":[22,99],"Pen Nib":[15],"Art of War":[4],"Cursed Key":2,"obtain_stats":[{"Regal Pillow":9,"Lantern":26,"NeowsBlessing":0,"Gremlin Horn":43,"Pen Nib":14,"The Courier":44,"Frozen Egg 2":3,"Bottled Tornado":29,"Cursed Key":17,"Burning Blood":0,"Blood Vial":40,"Du-Vu Doll":42,"Shovel":38,"Mark of Pain":34,"Art of War":23,"Red Mask":39,"Membership Card":30},{"Regal Pillow":4,"Lantern":13,"NeowsBlessing":0,"Gremlin Horn":20,"Pen Nib":6,"The Courier":20,"Frozen Egg 2":2,"Bottled Tornado":15,"Cursed Key":7,"Burning Blood":0,"Blood Vial":19,"Du-Vu Doll":20,"Shovel":19,"Mark of Pain":16,"Art of War":12,"Red Mask":19,"Membership Card":15},{"Regal Pillow":7,"Lantern":55,"NeowsBlessing":0,"Gremlin Horn":90,"Pen Nib":17,"The Courier":90,"Frozen Egg 2":2,"Bottled Tornado":67,"Cursed Key":25,"Burning Blood":0,"Blood Vial":86,"Du-Vu Doll":90,"Shovel":86,"Mark of Pain":74,"Art of War":49,"Red Mask":86,"Membership Card":67}],"Burning Blood":105},"card_choices":[{"not_picked":["Warcry","Uppercut"],"picked":"Spot Weakness","floor":1.0},{"not_picked":["Feel No Pain","Havoc"],"picked":"Anger","floor":2.0},{"not_picked":["Pommel Strike","Bloodletting","Sever Soul"],"picked":"SKIP","floor":5.0},{"not_picked":["Rampage","Uppercut"],"picked":"Feel No Pain+1","floor":7.0},{"not_picked":["Havoc","True Grit"],"picked":"Armaments","floor":13.0},{"not_picked":["Shrug It Off","Clash"],"picked":"Offering","floor":14.0},{"not_picked":["Juggernaut+1","Offering"],"picked":"Reaper","floor":16.0},{"not_picked":["Iron Wave","Pommel Strike"],"picked":"Dark Embrace+1","floor":18.0},{"not_picked":["Clash","Headbutt","Searing Blow"],"picked":"SKIP","floor":20},{"not_picked":["Shrug It Off","Twin Strike"],"picked":"Rage+1","floor":21},{"not_picked":["Heavy Blade","Blood for Blood"],"picked":"Body Slam+1","floor":22},{"not_picked":["Pommel Strike","Feel No Pain+1"],"picked":"Dual Wield","floor":23},{"not_picked":["Twin Strike","Dual Wield"],"picked":"Barricade+1","floor":25},{"not_picked":["Cleave","Havoc"],"picked":"True Grit","floor":28},{"not_picked":["Clothesline","Flex"],"picked":"Fire Breathing+1","floor":29},{"not_picked":["Bludgeon","Double Tap"],"picked":"Brutality+1","floor":33},{"not_picked":["Seeing Red","Dark Embrace+1"],"picked":"Rupture+1","floor":35},{"not_picked":["Clash","Feel No Pain+1"],"picked":"Entrench","floor":37},{"not_picked":["Heavy Blade","Warcry"],"picked":"Iron Wave","floor":38},{"not_picked":["Infernal Blade","Headbutt+1"],"picked":"Reckless Charge+1","floor":41},{"not_picked":["Warcry","Havoc+1"],"picked":"Power Through","floor":45},{"not_picked":["Jack Of All Trades","Purity"],"picked":"Dark Shackles","floor":46}],"player_experience":447843,"relics_obtained":[{"floor":9.0,"key":"Regal Pillow"},{"floor":14.0,"key":"Pen Nib"},{"floor":23,"key":"Art of War"},{"floor":26,"key":"Lantern"},{"floor":29,"key":"Bottled Tornado"},{"floor":38,"key":"Shovel"},{"floor":40,"key":"Blood Vial"},{"floor":42,"key":"Du-Vu Doll"},{"floor":43,"key":"Gremlin Horn"},{"floor":44,"key":"The Courier"}],"event_choices":[{"damage_healed":0.0,"max_hp_gain":0.0,"max_hp_loss":0.0,"gold_gain":0.0,"event_name":"Big Fish","player_choice":"Box","floor":3.0,"gold_loss":0.0,"damage_taken":0.0,"relics_obtained":["Frozen Egg 2"],"cards_obtained":["Regret"]},{"damage_healed":0.0,"max_hp_gain":0.0,"max_hp_loss":0.0,"gold_gain":0.0,"cards_transformed":["Strike_R"],"event_name":"Transmorgrifier","player_choice":"Transformed","floor":4.0,"gold_loss":0.0,"damage_taken":0.0,"cards_obtained":["Disarm"]},{"damage_healed":0.0,"max_hp_gain":0.0,"max_hp_loss":0.0,"gold_gain":0.0,"event_name":"Living Wall","player_choice":"Grow","floor":12.0,"gold_loss":0.0,"damage_taken":0.0,"cards_upgraded":["Anger"]},{"cards_removed":["Strike_R"],"damage_healed":0.0,"max_hp_gain":0.0,"max_hp_loss":0.0,"gold_gain":0.0,"event_name":"Designer","player_choice":"Upgrade and Remove","floor":19.0,"gold_loss":110.0,"damage_taken":0.0,"cards_upgraded":["Strike_R"]},{"damage_healed":0,"gold_gain":0,"player_choice":"Read","damage_taken":0,"max_hp_gain":0,"max_hp_loss":0,"event_name":"The Library","floor":27,"gold_loss":0,"cards_obtained":["Fire Breathing"]},{"damage_healed":0,"gold_gain":0,"player_choice":"Ignored","damage_taken":0,"max_hp_gain":0,"max_hp_loss":0,"event_name":"Vampires","floor":31,"gold_loss":0},{"cards_removed":["Defend_R"],"damage_healed":0,"gold_gain":0,"player_choice":"Removed Skill","damage_taken":0,"max_hp_gain":0,"max_hp_loss":0,"event_name":"Falling","floor":36,"gold_loss":0},{"damage_healed":0,"gold_gain":0,"player_choice":"Fight","damage_taken":0,"max_hp_gain":0,"max_hp_loss":0,"event_name":"MindBloom","floor":38,"gold_loss":0},{"damage_healed":0,"gold_gain":0,"player_choice":"Paid","damage_taken":0,"relics_obtained":["Red Mask"],"max_hp_gain":0,"max_hp_loss":0,"event_name":"Tomb of Lord Red Mask","floor":39,"gold_loss":150},{"damage_healed":0,"gold_gain":0,"player_choice":"Memory 1","damage_taken":0,"max_hp_gain":0,"max_hp_loss":0,"event_name":"SensoryStone","floor":46,"gold_loss":0},{"damage_healed":0,"gold_gain":0,"player_choice":"Ignored","damage_taken":0,"max_hp_gain":0,"max_hp_loss":0,"event_name":"Mysterious Sphere","floor":48,"gold_loss":0}],"is_beta":false,"boss_relics":[{"not_picked":["Black Star","SacredBark"],"picked":"Cursed Key"},{"not_picked":["Runic Cube","Runic Pyramid"],"picked":"Mark of Pain"}],"items_purged_floors":[10,30],"is_endless":false,"potions_floor_spawned":[1,2,14,16,23,28,29,37,41],"killed_by":"Awakened One","ascension_level":20}}