{"host":"zr590xw2unlz0wv7","time":1608088265,"event":{"mods":["BaseMod","Minty Spire (QoL Compilation)","READ ME - Guardian Mod","StSLib"],"gold_per_floor":[117,19,19,31,31,62,72,101,152,167,187,206,235,250,250,351,351,361,661,661,678,132,132,143,143,213,224,80,109,109,124,124,220,220,233,0,50,50,67,67,99,114,114,125,125,136,44,19,19,19],"floor_reached":51,"playtime":2125,"items_purged":[],"score":993,"play_id":"67aa3e0f-e409-41d6-aeda-9b036caeaec2","local_time":"20201216111105","is_ascension_mode":true,"campfire_choices":[{"floor":15.0,"key":"REST"},{"data":"Bandage Up","floor":23.0,"key":"SMITH"},{"floor":25.0,"key":"REST"},{"data":"Armaments","floor":32.0,"key":"SMITH"},{"data":"Offering","floor":40.0,"key":"SMITH"},{"data":"Rupture","floor":49.0,"key":"SMITH"}],"circlet_count":0,"master_deck":["Defend_R","Defend_R","Defend_R","Defend_R","Bash","Pummel","Twin Strike","Rupture+1","Thunderclap","Hemokinesis","Hemokinesis","Fire Breathing+1","Armaments+1","Combust+1","Rage","Offering+1","Rupture+1","Headbutt","Rupture+1","Battle Trance","Bandage Up+1","Bite","Bite","Bite","Bite","Bite","Demon Form+1","CurseOfTheBell","Inflame+1","Evolve+1","Demon Form+1","Seeing Red+1","Barricade+1","Flex+1","Shockwave+1","Demon Form+1","Panacea+1","Thunderclap+1"],"relics":["Black Blood","NeowsBlessing","Frozen Egg 2","Bag of Marbles","Letter Opener","Boot","Bottled Tornado","Old Coin","Bird Faced Urn","Meat on the Bone","PreservedInsect","Self Forming Clay","Calling Bell","Potion Belt","Molten Egg 2","Incense Burner","Red Mask","Prayer Wheel","Toxic Egg 2","Eternal Feather"],"acts_visited":["Exordium","TheCity","TheBeyond"],"potions_floor_usage":[50,50,50],"damage_taken":[{"damage":0.0,"enemies":"2 Louse","floor":1.0,"turns":1.0},{"damage":0.0,"enemies":"Small Slimes","floor":4.0,"turns":1.0},{"damage":0.0,"enemies":"Lagavulin","floor":6.0,"turns":1.0},{"damage":7.0,"enemies":"Jaw Worm","floor":7.0,"turns":2.0},{"damage":31.0,"enemies":"3 Sentries","floor":8.0,"turns":5.0},{"damage":13.0,"enemies":"Looter","floor":10.0,"turns":2.0},{"damage":5.0,"enemies":"Blue Slaver","floor":11.0,"turns":2.0},{"damage":15.0,"enemies":"Lots of Slimes","floor":12.0,"turns":3.0},{"damage":21.0,"enemies":"Lagavulin","floor":13.0,"turns":3.0},{"damage":4.0,"enemies":"Large Slime","floor":14.0,"turns":4.0},{"damage":46.0,"enemies":"The Guardian","floor":16.0,"turns":9.0},{"damage":14.0,"enemies":"3 Byrds","floor":18.0,"turns":3.0},{"damage":22.0,"enemies":"Chosen","floor":21.0,"turns":2.0},{"damage":69.0,"enemies":"Shelled Parasite and Fungi","floor":24.0,"turns":5.0},{"damage":8.0,"enemies":"Snake Plant","floor":27.0,"turns":2.0},{"damage":52.0,"enemies":"Slavers","floor":29.0,"turns":3.0},{"damage":16.0,"enemies":"Sentry and Sphere","floor":31.0,"turns":3.0},{"damage":53.0,"enemies":"Collector","floor":33.0,"turns":6.0},{"damage":23.0,"enemies":"Orb Walker","floor":35.0,"turns":3.0},{"damage":10.0,"enemies":"Mind Bloom Boss Battle","floor":37.0,"turns":5.0},{"damage":8.0,"enemies":"3 Shapes","floor":39.0,"turns":4.0},{"damage":49.0,"enemies":"Nemesis","floor":41.0,"turns":5.0},{"damage":36.0,"enemies":"Maw","floor":42.0,"turns":7.0},{"damage":56.0,"enemies":"Transient","floor":44.0,"turns":5.0},{"damage":19.0,"enemies":"4 Shapes","floor":46.0,"turns":4.0},{"damage":71,"enemies":"Time Eater","floor":50,"turns":9}],"seed_played":"6535255802339998460","potions_obtained":[{"floor":4.0,"key":"Weak Potion"},{"floor":6.0,"key":"ElixirPotion"},{"floor":11.0,"key":"Energy Potion"},{"floor":14.0,"key":"BloodPotion"},{"floor":18.0,"key":"PowerPotion"},{"floor":21.0,"key":"SkillPotion"},{"floor":31.0,"key":"Strength Potion"},{"floor":39.0,"key":"Swift Potion"},{"floor":42.0,"key":"FearPotion"},{"floor":44.0,"key":"Dexterity Potion"}],"is_trial":false,"path_per_floor":["M","$","?","M","?","E","M","E","T","M","M","M","E","M","R","B",null,"M","?","?","M","$","R","M","R","T","M","$","E","?","M","R","B",null,"M","?","?","?","M","R","E","M","T","M","?","M","$","$","R","B",null],"character_chosen":"IRONCLAD","items_purchased":["Twin Strike","Rupture","Rupture+1","Battle Trance","Bird Faced Urn","Bandage Up","PreservedInsect","Panacea+1","Thunderclap+1"],"campfire_rested":2,"item_purchase_floors":[2,2,22,22,22,22,28,47,48],"current_hp_per_floor":[80,80,80,80,80,80,79,54,54,47,48,39,24,26,50,26,67,65,65,65,55,55,55,16,40,40,58,58,44,44,56,56,47,54,55,55,56,56,56,56,48,56,56,38,38,43,43,43,56,25],"gold":19,"neow_bonus":"THREE_ENEMY_KILL","is_daily":false,"chose_seed":false,"campfire_upgraded":4,"win_rate":0.0,"timestamp":1608088265,"path_taken":["M","$","?","M","?","E","M","E","T","?","M","M","E","M","R","BOSS","M","?","?","M","$","R","?","R","T","M","?","E","?","M","R","BOSS","M","?","?","?","?","R","E","M","T","M","?","M","?","$","R","BOSS"],"items_purchased_type":["Card","Card","Card","Card","Relic","Card","Relic","Card","Card"],"build_version":"2020-12-13","purchased_purges":0,"victory":true,"max_hp_per_floor":[80,80,80,80,80,80,80,80,80,80,80,80,80,80,80,80,80,80,80,80,80,80,80,80,80,80,80,80,80,56,56,56,56,56,56,56,56,56,56,56,56,56,56,56,56,56,56,56,56,56],"card_choices":[{"not_picked":["Heavy Blade","Havoc"],"picked":"Pummel","floor":1.0},{"not_picked":["Iron Wave","Body Slam"],"picked":"Thunderclap","floor":4.0},{"not_picked":["Shrug It Off","Blood for Blood"],"picked":"Hemokinesis","floor":6.0},{"not_picked":["Shrug It Off","Anger"],"picked":"Hemokinesis","floor":7.0},{"not_picked":["Havoc","Shrug It Off"],"picked":"Fire Breathing+1","floor":8.0},{"not_picked":["Twin Strike","Cleave"],"picked":"Armaments","floor":10.0},{"not_picked":["Sever Soul","Anger"],"picked":"Combust+1","floor":11.0},{"not_picked":["Whirlwind","Twin Strike"],"picked":"Rage","floor":12.0},{"not_picked":["Rampage","Feed","Cleave"],"picked":"SKIP","floor":13.0},{"not_picked":["Iron Wave","Twin Strike","Shrug It Off"],"picked":"SKIP","floor":14.0},{"not_picked":["Berserk+1","Juggernaut+1"],"picked":"Offering","floor":16.0},{"not_picked":["Clothesline","Battle Trance"],"picked":"Rupture+1","floor":18.0},{"not_picked":["Twin Strike+1","Reckless Charge+1"],"picked":"Headbutt","floor":21.0},{"not_picked":["Body Slam","Wild Strike","Shrug It Off"],"picked":"SKIP","floor":24.0},{"not_picked":["Flame Barrier","Pommel Strike","Sever Soul"],"picked":"SKIP","floor":27.0},{"not_picked":["Body Slam","Sentinel","Dual Wield+1"],"picked":"SKIP","floor":29.0},{"not_picked":["Flame Barrier","Heavy Blade","Havoc"],"picked":"SKIP","floor":31.0},{"not_picked":["Reaper","Fiend Fire"],"picked":"Demon Form+1","floor":33.0},{"not_picked":["Havoc","Clothesline+1"],"picked":"Inflame+1","floor":35.0},{"not_picked":["Clash+1","Heavy Blade+1"],"picked":"Evolve+1","floor":37.0},{"not_picked":["Sever Soul+1","Warcry+1"],"picked":"Seeing Red+1","floor":39.0},{"not_picked":["Ghostly Armor","Clash+1","True Grit+1"],"picked":"SKIP","floor":39.0},{"not_picked":["Infernal Blade+1","Perfected Strike+1"],"picked":"Barricade+1","floor":41.0},{"not_picked":["Sword Boomerang+1","Havoc+1"],"picked":"Armaments+1","floor":42.0},{"not_picked":["Headbutt+1","Rampage+1","Shrug It Off+1"],"picked":"SKIP","floor":42.0},{"not_picked":["Warcry+1","True Grit+1"],"picked":"Flex+1","floor":44.0},{"not_picked":["Perfected Strike+1","Sword Boomerang+1","Blood for Blood+1"],"picked":"SKIP","floor":44.0},{"not_picked":["Body Slam+1","Wild Strike+1"],"picked":"Shockwave+1","floor":46.0},{"not_picked":["Headbutt+1","Heavy Blade+1"],"picked":"Demon Form+1","floor":46.0}],"player_experience":488308,"relics_obtained":[{"floor":6.0,"key":"Bag of Marbles"},{"floor":8.0,"key":"Letter Opener"},{"floor":9.0,"key":"Boot"},{"floor":13.0,"key":"Bottled Tornado"},{"floor":26.0,"key":"Meat on the Bone"},{"floor":29.0,"key":"Self Forming Clay"},{"floor":34.0,"key":"Potion Belt"},{"floor":34.0,"key":"Molten Egg 2"},{"floor":34.0,"key":"Incense Burner"},{"floor":37.0,"key":"Prayer Wheel"},{"floor":41.0,"key":"Toxic Egg 2"},{"floor":43.0,"key":"Eternal Feather"}],"event_choices":[{"damage_healed":0.0,"max_hp_gain":0.0,"max_hp_loss":0.0,"gold_gain":0.0,"event_name":"Big Fish","player_choice":"Box","floor":3.0,"gold_loss":0.0,"damage_taken":0.0,"relics_obtained":["Frozen Egg 2"],"cards_obtained":["Regret"]},{"cards_removed":["Regret"],"damage_healed":0.0,"max_hp_gain":0.0,"max_hp_loss":0.0,"gold_gain":0.0,"event_name":"Living Wall","player_choice":"Forget","floor":5.0,"gold_loss":0.0,"damage_taken":0.0},{"damage_healed":0.0,"max_hp_gain":0.0,"max_hp_loss":0.0,"gold_gain":0.0,"event_name":"The Mausoleum","player_choice":"Opened","floor":19.0,"gold_loss":0.0,"damage_taken":0.0,"relics_obtained":["Old Coin"]},{"cards_removed":["Strike_R"],"damage_healed":0.0,"max_hp_gain":0.0,"max_hp_loss":0.0,"gold_gain":0.0,"event_name":"Purifier","player_choice":"Purged","floor":20.0,"gold_loss":0.0,"damage_taken":0.0},{"damage_healed":0.0,"max_hp_gain":0.0,"max_hp_loss":24.0,"gold_gain":0.0,"event_name":"Vampires","player_choice":"Became a vampire","floor":30.0,"gold_loss":0.0,"damage_taken":0.0,"cards_obtained":["Bite","Bite","Bite","Bite","Bite"]},{"damage_healed":0.0,"max_hp_gain":0.0,"max_hp_loss":0.0,"gold_gain":0.0,"event_name":"Tomb of Lord Red Mask","player_choice":"Paid","floor":36.0,"gold_loss":233.0,"damage_taken":0.0,"relics_obtained":["Red Mask"]},{"damage_healed":0.0,"max_hp_gain":0.0,"max_hp_loss":0.0,"gold_gain":0.0,"event_name":"MindBloom","player_choice":"Fight","floor":37.0,"gold_loss":0.0,"damage_taken":0.0},{"damage_healed":0.0,"max_hp_gain":0.0,"max_hp_loss":0.0,"gold_gain":0.0,"event_name":"Match and Keep!","player_choice":"1 cards matched","floor":38.0,"gold_loss":0.0,"damage_taken":0.0,"cards_obtained":["Demon Form"]},{"cards_removed":["Armaments"],"damage_healed":0.0,"max_hp_gain":0.0,"max_hp_loss":0.0,"gold_gain":0.0,"event_name":"Falling","player_choice":"Removed Skill","floor":45.0,"gold_loss":0.0,"damage_taken":0.0}],"is_beta":false,"boss_relics":[{"not_picked":["Fusion Hammer","Empty Cage"],"picked":"Black Blood"},{"not_picked":["Mark of Pain","Runic Dome"],"picked":"Calling Bell"}],"items_purged_floors":[],"is_endless":false,"potions_floor_spawned":[4,6,11,14,18,21,31,39,42,44],"ascension_level":5}}