{"host":"5w5nlj9te6rhm47m","time":1608109197,"event":{"mods":["BaseMod","Hermit","Marisa£®ÏF”Í°°ƒß¿Ì…≥£©","Minty Spire (QoL Compilation)","Replay The Spire","Shop Mod","StSLib"],"gold_per_floor":[119,159,334,334,346,375,297,328,410,264,264,280,280,291,291,395,395,412,337,337,357,373,401,401,401,401,161,177,177,29,29,29],"floor_reached":31,"playtime":1778,"items_purged":[],"score":286,"play_id":"07e7c391-8984-4ff0-b828-8671c7b4b7fd","local_time":"20201216165957","is_ascension_mode":false,"campfire_choices":[{"floor":13,"key":"REST"},{"data":"LuminesStrike","floor":15,"key":"SMITH"},{"floor":25,"key":"REST"}],"circlet_count":0,"master_deck":["Strike_MRS","Strike_MRS","Strike_MRS","Strike_MRS","Defend_MRS","Defend_MRS","Defend_MRS","Defend_MRS","MasterSpark","UpSweep","DoubleSpark","IllusionStar","MagicChant+1","GrandCross","ChargingUp","LuminesStrike+1","DeepEcoloBomb","ChargingUp","CasketOfStar","PulseMagic","NonDirectionalLaser+1","EnergyFlow+1","DC+1","MagicAbsorber"],"relics":["MiniHakkero","NeowsBlessing","Pocketwatch","Lantern","TungstenRod","Mirror","TheAbacus","Fusion Hammer","Chameleon Ring","Unceasing Top","Eternal Feather","Replay:Bottled Steam","Nunchaku"],"acts_visited":["Exordium","TheCity"],"potions_floor_usage":[21,23,28],"damage_taken":[{"damage":0,"enemies":"Jaw Worm","floor":1,"turns":1},{"damage":0,"enemies":"2 Louse","floor":5,"turns":1},{"damage":0,"enemies":"Gremlin Nob","floor":6,"turns":2},{"damage":21,"enemies":"3 Sentries","floor":8,"turns":7},{"damage":4,"enemies":"Small Slimes","floor":12,"turns":3},{"damage":5,"enemies":"Gremlin Gang","floor":14,"turns":4},{"damage":2,"enemies":"Slime Boss","floor":16,"turns":8},{"damage":23,"enemies":"2 Thieves","floor":18,"turns":4},{"damage":9,"enemies":"3 Byrds","floor":21,"turns":5},{"damage":10,"enemies":"3 Cultists","floor":22,"turns":4},{"damage":23,"enemies":"Replay:Snechameleon","floor":23,"turns":6},{"damage":10,"enemies":"Centurion and Healer","floor":28,"turns":4},{"damage":22,"enemies":"Shelled Parasite and Fungi","floor":31,"turns":3}],"seed_played":"-1147913390687157933","potions_obtained":[{"floor":14,"key":"Energy Potion"},{"floor":16,"key":"Languid Potion"},{"floor":18,"key":"AttackPotion"},{"floor":22,"key":"Toxic Potion"},{"floor":23,"key":"Strength Potion"}],"is_trial":false,"path_per_floor":["M","?","?","?","M","E","$","E","T","$","?","M","R","M","R","B",null,"M","?","?","M","M","E","?","R","T","$","M","T","$","M"],"character_chosen":"MARISA","items_purchased":["ChargingUp","TheAbacus","Eternal Feather","Nunchaku"],"campfire_rested":2,"item_purchase_floors":[7,10,27,30],"current_hp_per_floor":[75,57,57,57,57,57,57,36,36,36,36,32,54,49,49,47,75,52,52,52,43,33,10,10,32,32,32,22,22,22,0,0],"gold":29,"neow_bonus":"THREE_ENEMY_KILL","is_daily":false,"chose_seed":false,"campfire_upgraded":1,"win_rate":0.0,"timestamp":1608109197,"path_taken":["M","?","?","?","?","E","$","E","T","$","?","M","R","M","R","BOSS","M","?","?","M","M","E","?","R","T","?","?","?","$","M"],"items_purchased_type":["Card","Relic","Relic","Relic"],"build_version":"2020-12-13","purchased_purges":0,"victory":false,"max_hp_per_floor":[75,75,75,75,75,75,75,75,75,75,75,75,75,75,75,75,75,75,75,75,75,75,75,75,75,75,75,75,75,75,75,75],"card_choices":[{"not_picked":["6A","PowerUp"],"picked":"DoubleSpark","floor":1},{"not_picked":["WitchOfGreed","NonDirectionalLaser"],"picked":"IllusionStar","floor":2},{"not_picked":["DoubleSpark","Acceleration"],"picked":"MagicChant","floor":5},{"not_picked":["MilkyWay","EventHorizon"],"picked":"GrandCross","floor":6},{"not_picked":["AbsoluteMagnitude","DragonMeteor"],"picked":"LuminesStrike","floor":8},{"not_picked":["MachineGunSpark","IllusionStar"],"picked":"DeepEcoloBomb","floor":12},{"not_picked":["MachineGunSpark","DeepEcoloBomb"],"picked":"ChargingUp","floor":14},{"not_picked":["CollectingQuirk","StarDustReverie"],"picked":"CasketOfStar","floor":16},{"not_picked":["MeteoricShower","ShootTheMoon"],"picked":"PulseMagic","floor":18},{"not_picked":["WitchOfGreed","UnstableBomb+1"],"picked":"NonDirectionalLaser+1","floor":21},{"not_picked":["PropBag","AsteroidBelt"],"picked":"EnergyFlow+1","floor":22},{"not_picked":["DoubleSpark","MysteriousBeam"],"picked":"DC+1","floor":23},{"not_picked":["MachineGunSpark+1","GrandCross"],"picked":"MagicAbsorber","floor":28}],"player_experience":142784,"relics_obtained":[{"floor":2,"key":"Pocketwatch"},{"floor":6,"key":"Lantern"},{"floor":8,"key":"TungstenRod"},{"floor":9,"key":"Mirror"},{"floor":23,"key":"Chameleon Ring"},{"floor":26,"key":"Unceasing Top"},{"floor":29,"key":"Replay:Bottled Steam"}],"event_choices":[{"damage_healed":0,"gold_gain":175,"player_choice":"AGREE","damage_taken":0,"max_hp_gain":0,"max_hp_loss":0,"event_name":"Liars Game","floor":3,"gold_loss":0,"cards_obtained":["Doubt"]},{"damage_healed":0,"gold_gain":0,"player_choice":"Bought 0 Potions","damage_taken":0,"max_hp_gain":0,"max_hp_loss":0,"event_name":"The Woman in Blue","floor":4,"gold_loss":0},{"damage_healed":0,"gold_gain":0,"player_choice":"Grow","damage_taken":0,"max_hp_gain":0,"max_hp_loss":0,"event_name":"Living Wall","floor":11,"gold_loss":0,"cards_upgraded":["MagicChant"]},{"cards_removed":["Doubt"],"damage_healed":0,"gold_gain":0,"player_choice":"Gave Gold","damage_taken":0,"max_hp_gain":0,"max_hp_loss":0,"event_name":"Beggar","floor":19,"gold_loss":75},{"damage_healed":0,"gold_gain":0,"player_choice":"Ignored","damage_taken":0,"max_hp_gain":0,"max_hp_loss":0,"event_name":"Vampires","floor":20,"gold_loss":0}],"is_beta":false,"boss_relics":[{"not_picked":["Ring of Chaos","Empty Cage"],"picked":"Fusion Hammer"}],"items_purged_floors":[],"is_endless":false,"potions_floor_spawned":[14,16,18,22,23],"killed_by":"Shelled Parasite and Fungi","ascension_level":0}}