{"host":"g60qzgg9idfs5btx","time":1608107697,"event":{"mods":["AchievementEnabler","BaseMod","Better Match","BetterRewards","Colored Map","Colored Powertips","DeckTracker","Hubris","Infinite Spire","Marisa????????","Minty Spire (QoL Compilation)","Quick Restart","Relic Stats","Shop Mod","StSLib","The Cursed","The Servant 0.9.4"],"gold_per_floor":[114,114,114,114,130,143,176,176,202,228,244,277,16,48,48,145,145,163,12,12,12,12,45,65,65,65,65,93,111,129,145,145,244,244,264,264,277,277,277],"floor_reached":38,"playtime":1629,"items_purged":[],"score":489,"play_id":"2966eb39-015d-4ee7-bf02-719ac266edbb","local_time":"20201216023457","is_ascension_mode":true,"campfire_choices":[{"data":"infinitespire:Starlight","floor":8,"key":"SMITH"},{"data":"hubris:Counter","floor":15,"key":"SMITH"},{"floor":27,"key":"RECALL"},{"data":"Envenom","floor":32,"key":"SMITH"}],"circlet_count":0,"master_deck":["Strike_G","Strike_G","Strike_G","Strike_G","Strike_G","Defend_G","Defend_G","Defend_G","Defend_G","Defend_G","Survivor","Neutralize","Infinite Blades","Dagger Spray","Infinite Blades","Noxious Fumes","infinitespire:Starlight+1","Poisoned Stab","hubris:Counter+1","Deflect","Bane","Calculated Gamble","Endless Agony","Cloak And Dagger","Envenom+1","Crippling Poison","Catalyst","hubris:NaturalOne","Slice+1","Slice+1","Terror+1","Cloak And Dagger","Blade Dance+1","Bane","Die Die Die","Calculated Gamble+1","Masterful Stab+1"],"relics":["Burning Blood","Dead Branch","hubris:PeanutButter","Oddly Smooth Stone","infinitespire:Cubic Diamond","StoneCalendar","infinitespire:Lucky Rock","Blue Candle","White Beast Statue","Matryoshka","hubris:TenFootPole","hubris:Backtick","hubris:Potato","Akabeko","Nilry\u0027s Codex","hubris:Icosahedron","Gambling Chip","CultistMask","hubris:DeckOfHolding","Ice Cream","hubris:ScarierMask"],"acts_visited":["Exordium","TheCity","TheBeyond"],"potions_floor_usage":[12,12,18,28,28,28,28,28,29,30,33,33,38,38,38],"damage_taken":[{"damage":0,"enemies":"Small Slimes","floor":1,"turns":3},{"damage":0,"enemies":"2 Louse","floor":5,"turns":3},{"damage":2,"enemies":"Jaw Worm","floor":6,"turns":4},{"damage":34,"enemies":"Gremlin Nob","floor":7,"turns":5},{"damage":13,"enemies":"3 Sentries","floor":10,"turns":6},{"damage":2,"enemies":"Exordium Thugs","floor":11,"turns":4},{"damage":2,"enemies":"Gremlin Nob","floor":12,"turns":3},{"damage":6,"enemies":"3 Sentries","floor":14,"turns":5},{"damage":20,"enemies":"The Guardian","floor":16,"turns":8},{"damage":11,"enemies":"Shell Parasite","floor":18,"turns":4},{"damage":30,"enemies":"Gremlin Leader","floor":23,"turns":6},{"damage":0,"enemies":"Spheric Guardian","floor":24,"turns":1},{"damage":20,"enemies":"Slavers","floor":28,"turns":5},{"damage":23,"enemies":"Snake Plant","floor":29,"turns":3},{"damage":7,"enemies":"Centurion and Healer","floor":30,"turns":5},{"damage":0,"enemies":"Snecko","floor":31,"turns":4},{"damage":55,"enemies":"hubris:MusketHawk","floor":33,"turns":7},{"damage":0,"enemies":"3 Shapes","floor":35,"turns":3},{"damage":19,"enemies":"3 Darklings","floor":37,"turns":3},{"damage":19,"enemies":"infinitespire:Three Voidlings","floor":38,"turns":3},{"damage":52,"enemies":"Nightmare_Alpha","floor":38,"turns":3}],"seed_played":"-1698339378411445252","potions_obtained":[{"floor":7,"key":"SneckoOil"},{"floor":10,"key":"BlessingOfTheForge"},{"floor":11,"key":"LiquidMemories"},{"floor":16,"key":"CunningPotion"},{"floor":18,"key":"ColorlessPotion"},{"floor":23,"key":"LiquidMemories"},{"floor":24,"key":"EntropicBrew"},{"floor":28,"key":"Explosive Potion"},{"floor":29,"key":"Fire Potion"},{"floor":30,"key":"CultistPotion"},{"floor":31,"key":"DistilledChaos"},{"floor":33,"key":"Strength Potion"},{"floor":35,"key":"Dexterity Potion"},{"floor":37,"key":"SteroidPotion"}],"is_trial":false,"path_per_floor":["M","?","?","?","M","M","E","R","T","E","M","E","$","E","R","B",null,"M","$","?","?","?","E","M","?","T","R","E","M","M","M","R","B",null,"M","?","M","?"],"character_chosen":"THE_SILENT","items_purchased":["Dead Branch","Infinite Blades","Dagger Spray","Infinite Blades","Matryoshka","Akabeko"],"campfire_rested":0,"item_purchase_floors":[0,0,0,0,13,19],"current_hp_per_floor":[38,38,38,21,37,51,33,33,33,41,60,64,64,70,70,70,70,65,65,65,58,58,49,70,70,70,70,69,66,69,70,70,21,70,70,69,56,0,0],"gold":277,"neow_bonus":"","is_daily":false,"chose_seed":false,"campfire_upgraded":3,"win_rate":0.0,"timestamp":1608107697,"path_taken":["M","?","?","?","M","M","E","R","T","E","M","E","?","E","R","BOSS","M","$","?","?","?","E","M","?","T","R","E","M","?","M","R","BOSS","M","?","?","?"],"items_purchased_type":["Relic","Card","Card","Card","Relic","Relic"],"build_version":"2020-12-13","purchased_purges":0,"victory":false,"max_hp_per_floor":[70,70,70,70,70,70,70,70,70,70,70,70,70,70,70,70,70,70,70,70,70,70,70,70,70,70,70,70,70,70,70,70,70,70,70,70,70,70,70],"relic_stats":{"counters":[77,278],"Dead Branch":[178],"Blue Candle":[1],"Gambling Chip":[20],"StoneCalendar":[52],"obtain_stats":[{"TwistedFunnel":0,"Ice Cream":28,"Gremlin Horn":0,"Nilry\u0027s Codex":21,"Vajra":0,"infinitespire:Cubic Diamond":3,"Bottled Tornado":9,"Boot":0,"Sling":30,"Blood Vial":7,"Lizard Tail":40,"Prayer Wheel":0,"MealTicket":23,"hubris:DeckOfHolding":26,"Pear":27,"Dead Branch":17,"Blue Candle":10,"Oddly Smooth Stone":2,"Paper Crane":10,"Akabeko":0,"Bottled Flame":24,"Bronze Scales":26,"hubris:PeanutButter":0,"CultistMask":25,"Black Star":34,"hubris:TenFootPole":14,"MiniHakkero":3,"StrikeDummy":0,"Unceasing Top":7,"Meat on the Bone":46,"Darkstone Periapt":10,"StoneCalendar":7,"Snake Skull":0,"Ancient Tea Set":27,"Burning Blood":3,"Dream Catcher":12,"hubris:Backtick":17,"Matryoshka":13,"hubris:Icosahedron":22,"Ninja Scroll":26,"Gambling Chip":23,"hubris:ScarierMask":34,"Red Mask":39,"Ring of the Snake":0,"hubris:64BitClover":0,"PreservedInsect":14,"infinitespire:FocusingShard":30,"infinitespire:CheckeredPen":47,"infinitespire:Lucky Rock":9,"Odd Mushroom":7,"hubris:Towel":42,"White Beast Statue":21,"Orrery":0,"Turnip":46,"Membership Card":14,"hubris:CrackedHourglass":17,"hubris:Potato":30},{"TwistedFunnel":33,"Ice Cream":69,"Gremlin Horn":0,"Nilry\u0027s Codex":66,"Vajra":0,"infinitespire:Cubic Diamond":34,"Bottled Tornado":6,"Boot":0,"Sling":23,"Blood Vial":35,"Lizard Tail":29,"Prayer Wheel":0,"MealTicket":44,"hubris:DeckOfHolding":68,"Pear":45,"Dead Branch":16,"Blue Candle":61,"Oddly Smooth Stone":57,"Paper Crane":6,"Akabeko":8,"Bottled Flame":20,"Bronze Scales":44,"hubris:PeanutButter":56,"CultistMask":68,"Black Star":25,"hubris:TenFootPole":64,"MiniHakkero":34,"StrikeDummy":0,"Unceasing Top":6,"Meat on the Bone":31,"Darkstone Periapt":37,"StoneCalendar":60,"Snake Skull":0,"Ancient Tea Set":21,"Burning Blood":57,"Dream Catcher":39,"hubris:Backtick":16,"Matryoshka":63,"hubris:Icosahedron":66,"Ninja Scroll":20,"Gambling Chip":67,"hubris:ScarierMask":73,"Red Mask":28,"Ring of the Snake":0,"hubris:64BitClover":0,"PreservedInsect":15,"infinitespire:FocusingShard":48,"infinitespire:CheckeredPen":31,"infinitespire:Lucky Rock":60,"Odd Mushroom":13,"hubris:Towel":30,"White Beast Statue":42,"Orrery":0,"Turnip":31,"Membership Card":15,"hubris:CrackedHourglass":41,"hubris:Potato":23},{"TwistedFunnel":106,"Ice Cream":247,"Gremlin Horn":0,"Nilry\u0027s Codex":235,"Vajra":0,"infinitespire:Cubic Diamond":109,"Bottled Tornado":22,"Boot":0,"Sling":67,"Blood Vial":113,"Lizard Tail":93,"Prayer Wheel":0,"MealTicket":143,"hubris:DeckOfHolding":242,"Pear":147,"Dead Branch":48,"Blue Candle":211,"Oddly Smooth Stone":193,"Paper Crane":22,"Akabeko":28,"Bottled Flame":61,"Bronze Scales":143,"hubris:PeanutButter":190,"CultistMask":242,"Black Star":76,"hubris:TenFootPole":223,"MiniHakkero":109,"StrikeDummy":0,"Unceasing Top":22,"Meat on the Bone":97,"Darkstone Periapt":117,"StoneCalendar":205,"Snake Skull":0,"Ancient Tea Set":63,"Burning Blood":193,"Dream Catcher":124,"hubris:Backtick":48,"Matryoshka":218,"hubris:Icosahedron":235,"Ninja Scroll":61,"Gambling Chip":241,"hubris:ScarierMask":266,"Red Mask":91,"Ring of the Snake":0,"hubris:64BitClover":0,"PreservedInsect":41,"infinitespire:FocusingShard":158,"infinitespire:CheckeredPen":97,"infinitespire:Lucky Rock":205,"Odd Mushroom":35,"hubris:Towel":96,"White Beast Statue":137,"Orrery":0,"Turnip":97,"Membership Card":41,"hubris:CrackedHourglass":133,"hubris:Potato":67}],"Burning Blood":101},"card_choices":[{"not_picked":["Skewer","Flying Knee"],"picked":"Noxious Fumes","floor":1},{"not_picked":["infinitespire:DeathsTouch","infinitespire:NeuralNetwork"],"picked":"infinitespire:Starlight","floor":4},{"not_picked":["Outmaneuver","Prepared"],"picked":"Poisoned Stab","floor":5},{"not_picked":["Slice","Setup"],"picked":"hubris:Counter","floor":6},{"not_picked":["Underhanded Strike","Skewer"],"picked":"Deflect","floor":7},{"not_picked":["Sucker Punch","Underhanded Strike"],"picked":"Bane","floor":10},{"not_picked":["Dagger Throw","Sucker Punch"],"picked":"Calculated Gamble","floor":11},{"not_picked":["Distraction","Caltrops"],"picked":"Endless Agony","floor":12},{"not_picked":["Outmaneuver","Wraith Form v2"],"picked":"Cloak And Dagger","floor":14},{"not_picked":["A Thousand Cuts","Wraith Form v2"],"picked":"Envenom","floor":16},{"not_picked":["Underhanded Strike","Backflip+1"],"picked":"Crippling Poison","floor":18},{"not_picked":["Underhanded Strike","Dagger Spray"],"picked":"Slice+1","floor":23},{"not_picked":["Prepared","Footwork"],"picked":"Slice+1","floor":24},{"not_picked":["Tactician","Footwork+1"],"picked":"Terror+1","floor":28},{"not_picked":["hubris:SlightOfHand","Reflex+1"],"picked":"Cloak And Dagger","floor":29},{"not_picked":["Dash","Dagger Throw"],"picked":"Blade Dance+1","floor":30},{"not_picked":["Dodge and Roll+1","Outmaneuver+1"],"picked":"Bane","floor":31},{"not_picked":["infinitespire:Neurotoxin","Phantasmal Killer"],"picked":"Die Die Die","floor":33},{"not_picked":["Noxious Fumes+1","PiercingWail+1"],"picked":"Calculated Gamble+1","floor":35},{"not_picked":["Prepared","PiercingWail"],"picked":"Masterful Stab+1","floor":37}],"player_experience":250568,"relics_obtained":[{"floor":2,"key":"Oddly Smooth Stone"},{"floor":7,"key":"StoneCalendar"},{"floor":9,"key":"infinitespire:Lucky Rock"},{"floor":10,"key":"Blue Candle"},{"floor":12,"key":"White Beast Statue"},{"floor":14,"key":"hubris:TenFootPole"},{"floor":21,"key":"Nilry\u0027s Codex"},{"floor":23,"key":"Gambling Chip"},{"floor":26,"key":"hubris:DeckOfHolding"},{"floor":28,"key":"Ice Cream"}],"event_choices":[{"damage_healed":0,"gold_gain":0,"player_choice":"Obtained Book","damage_taken":16,"max_hp_gain":0,"max_hp_loss":0,"event_name":"Cursed Tome","floor":21,"gold_loss":0},{"damage_healed":0,"gold_gain":0,"player_choice":"Trade","damage_taken":0,"relics_obtained":["CultistMask"],"max_hp_gain":0,"max_hp_loss":0,"event_name":"FaceTrader","floor":25,"gold_loss":0},{"damage_healed":0,"gold_gain":0,"player_choice":"Punched","damage_taken":3,"max_hp_gain":0,"max_hp_loss":0,"event_name":"Designer","floor":36,"gold_loss":0}],"is_beta":false,"boss_relics":[{"not_picked":["infinitespire:Cupcake","Tiny House"],"picked":"hubris:Backtick"},{"not_picked":["Sozu","Cursed Key"],"picked":"hubris:ScarierMask"}],"items_purged_floors":[],"is_endless":false,"potions_floor_spawned":[7,10,11,14,16,18,23,24,28,29,30,31,33,35,37,38],"killed_by":"Nightmare_Alpha","ascension_level":1}}