{"host":"684z1xpuwaoqmmh1","time":1608120753,"event":{"mods":["Bard","BaseMod","Downfall","Hermit","Jorbs\u0027s Wanderer Trilogy","Marisa????????","Minty Spire (QoL Compilation)","StSLib","The Hierophant","The Mystic","The Runesmith"],"gold_per_floor":[99,131,131,131,56,87,87,87,118,118,129,187,197,107,126,231,231,231,248,273,273,290,290,313,313,388,388,439,494,171,226,284,425,425,425,495,495,552,610,681,681,754,808,658,729,824,914,967,1018,1058,1058,1129,308,308,308],"floor_reached":56,"playtime":3699,"items_purged":["champ:Strike","champ:Strike","champ:Strike"],"score":2000,"play_id":"4e5baac4-cac5-4abf-a97e-16ad18e9ed73","local_time":"20201216141233","is_ascension_mode":true,"campfire_choices":[{"floor":1.0,"key":"RECALL"},{"data":"champ:Taunt","floor":5.0,"key":"SMITH"},{"data":"champ:CalledShot","floor":8.0,"key":"SMITH"},{"data":"champ:GutPunch","floor":10.0,"key":"SMITH"},{"data":"champ:Devastate","floor":18.0,"key":"SMITH"},{"data":"champ:Lariat","floor":25,"key":"SMITH"},{"data":"champ:CalledShot","floor":27,"key":"SMITH"},{"data":"champ:PerfectForm","floor":35,"key":"SMITH"},{"floor":44,"key":"REST"},{"data":"champ:PerfectForm","floor":54,"key":"SMITH"}],"circlet_count":0,"master_deck":["champ:Strike","champ:Defend","champ:Defend","champ:Defend","champ:Defend","champ:Execute","champ:Taunt+1","champ:RageSigil","champ:CalledShot+1","champ:GutPunch+1","champ:CalledShot+1","champ:FaceSlap","champ:Backstep+1","champ:DefensiveStyle","champ:Lariat+1","champ:PreciseThrust","champ:Devastate+1","champ:RisingSlash","champ:Control","champ:GutPunch+1","champ:RageSigil+1","champ:Haymaker+1","champ:Encircle","champ:EnchantSword","champ:PerfectForm+1","expansioncontent:DonusPower","champ:DefensiveStyle","champ:ShieldSlam","champ:Duel+1","champ:PerfectForm+1","champ:DefensiveStyle+1","champ:Backstep","champ:CheapShot","champ:BerserkerStyle"],"relics":["champ:ChampionCrown","downfall:HeartsMalice","InkBottle","champ:LiftRelic","downfall:HeartBlessingRed","Pear","MealTicket","Pantograph","sneckomod:BlankCard","sneckomod:SneckoTalon","Runesmith:AutoHammer","downfall:KnowingSkull","champ:FightingForDummies","Ancient Tea Set","Nunchaku","Philosopher\u0027s Stone","Centennial Puzzle","hexamod:BolsterEngine","Shovel","downfall:HeartBlessingGreen","downfall:HeartBlessingBlue","Strawberry","Prayer Wheel","Thread and Needle","Bronze Scales","champ:BerserkersGuideToSlaughter","champ:DefensiveTrainingManual","Blue Candle"],"acts_visited":["Exordium","TheCity","TheBeyond","TheEnding"],"potions_floor_usage":[26,28,30,30,38,40,46],"damage_taken":[{"damage":0.0,"enemies":"Lagavulin","floor":2.0,"turns":1.0},{"damage":0.0,"enemies":"Cultist","floor":3.0,"turns":1.0},{"damage":0.0,"enemies":"Gremlin Nob","floor":6.0,"turns":1.0},{"damage":44.0,"enemies":"3 Sentries","floor":9.0,"turns":8.0},{"damage":11.0,"enemies":"2 Louse","floor":11.0,"turns":2.0},{"damage":41.0,"enemies":"3 Sentries","floor":12.0,"turns":6.0},{"damage":0.0,"enemies":"Small Slimes","floor":13.0,"turns":4.0},{"damage":19.0,"enemies":"downfall:FleeingMerchant","floor":14.0,"turns":4.0},{"damage":0.0,"enemies":"Gremlin Gang","floor":15.0,"turns":3.0},{"damage":31.0,"enemies":"downfall:Watcher","floor":16.0,"turns":8.0},{"damage":16.0,"enemies":"Spheric Guardian","floor":19.0,"turns":3.0},{"damage":35.0,"enemies":"Slavers","floor":20.0,"turns":7.0},{"damage":10.0,"enemies":"Centurion and Healer","floor":22.0,"turns":7.0},{"damage":25,"enemies":"Book of Stabbing","floor":26,"turns":4},{"damage":25,"enemies":"Cultist and Chosen","floor":28,"turns":2},{"damage":30,"enemies":"Snake Plant","floor":29,"turns":2},{"damage":11,"enemies":"downfall:FleeingMerchant","floor":30,"turns":4},{"damage":3,"enemies":"3 Cultists","floor":31,"turns":4},{"damage":22,"enemies":"Chosen and Byrds","floor":32,"turns":3},{"damage":65,"enemies":"downfall:Ironclad","floor":33,"turns":5},{"damage":58,"enemies":"Giant Head","floor":36,"turns":6},{"damage":40,"enemies":"3 Shapes","floor":38,"turns":3},{"damage":14,"enemies":"3 Darklings","floor":39,"turns":4},{"damage":45,"enemies":"Reptomancer","floor":40,"turns":3},{"damage":78,"enemies":"Giant Head","floor":42,"turns":6},{"damage":57,"enemies":"Spire Growth","floor":43,"turns":4},{"damage":3,"enemies":"downfall:FleeingMerchant","floor":45,"turns":1},{"damage":47,"enemies":"2 Orb Walkers","floor":46,"turns":4},{"damage":71,"enemies":"Mind Bloom Boss Battle","floor":47,"turns":5},{"damage":28,"enemies":"4 Shapes","floor":48,"turns":2},{"damage":98,"enemies":"Transient","floor":49,"turns":5},{"damage":36,"enemies":"downfall:Defect","floor":50,"turns":5},{"damage":52,"enemies":"downfall:CharBossMerchant","floor":52,"turns":5},{"damage":156,"enemies":"downfall:NeowBoss","floor":55,"turns":11}],"seed_played":"5249371013336287857","potions_obtained":[{"floor":6.0,"key":"SpeedPotion"},{"floor":12.0,"key":"Swift Potion"},{"floor":15.0,"key":"Block Potion"},{"floor":26,"key":"SkillPotion"},{"floor":28,"key":"Regen Potion"},{"floor":32,"key":"PowerPotion"},{"floor":39,"key":"BlessingOfTheForge"},{"floor":43,"key":"SpeedPotion"},{"floor":46,"key":"Block Potion"},{"floor":47,"key":"DistilledChaos"}],"is_trial":false,"path_per_floor":["R","E","M","?","R","E","T","R","E","R","M","?","M","$","M","B",null,"R","M","E","?","M","?","T","R","E","R","M","M","$","M","M","B",null,"R","E","?","M","M","E","T","E","M","R","$","?","?","M","M","B",null,"E","$","R","B",null],"character_chosen":"THE_CHAMP","items_purchased":["Nunchaku","Fruit Juice","Strawberry","champ:PerfectForm","EntropicBrew","champ:BerserkerStyle","champ:BerserkersGuideToSlaughter","champ:DefensiveTrainingManual","Blue Candle"],"campfire_rested":1,"item_purchase_floors":[30,30,45,45,53,53,53,53,53],"current_hp_per_floor":[81,81,81,81,81,91,91,91,69,69,67,55,55,80,90,91,98,98,89,74,74,84,75,75,75,75,75,85,92,105,105,105,71,97,97,104,104,105,105,101,101,65,36,80,99,83,112,119,78,115,120,122,122,122,122],"gold":308,"neow_bonus":"THREE_ENEMY_KILL","is_daily":false,"chose_seed":false,"campfire_upgraded":8,"win_rate":0.0,"timestamp":1608120753,"path_taken":["R","E","?","?","R","E","T","R","E","R","M","?","M","$","M","BOSS","R","M","E","?","?","?","T","R","E","R","M","?","$","M","M","BOSS","R","E","?","M","M","E","T","E","M","R","$","?","?","M","M","BOSS","E","$","R","BOSS"],"items_purchased_type":["Relic","Potion","Relic","Card","Potion","Card","Relic","Relic","Relic"],"build_version":"2020-12-13","purchased_purges":3,"victory":true,"max_hp_per_floor":[90,90,90,90,90,100,100,100,100,100,100,100,100,100,100,100,100,100,100,100,100,100,100,100,100,100,100,100,100,105,105,105,105,105,105,105,105,105,105,105,105,105,105,115,122,122,122,122,122,122,122,122,122,122,122],"card_choices":[{"not_picked":["champ:FlashCut","champ:FocusedGladiator"],"picked":"champ:RageSigil","floor":2.0},{"not_picked":["champ:GladiatorsShout","champ:DefensiveShout"],"picked":"champ:CalledShot","floor":3.0},{"not_picked":["champ:FlashCut","champ:StrikeOfGenius"],"picked":"champ:GutPunch","floor":6.0},{"not_picked":["champ:PerfectedStrike","champ:FocusedBerserking"],"picked":"champ:CalledShot","floor":9.0},{"not_picked":["champ:ShieldSigil","champ:FocusedBerserking"],"picked":"champ:FaceSlap","floor":11.0},{"not_picked":["champ:IronFortress","champ:Lariat"],"picked":"champ:Backstep","floor":12.0},{"not_picked":["champ:SwordSigil","champ:Circumvent"],"picked":"champ:DefensiveStyle","floor":13.0},{"not_picked":["champ:DefensiveShout","champ:CrookedStrike"],"picked":"champ:Lariat","floor":14.0},{"not_picked":["champ:PerfectedStrike","champ:TornadoPunch"],"picked":"champ:PreciseThrust","floor":15.0},{"not_picked":["champ:HoldFirm","champ:StrikeOfGenius"],"picked":"champ:Devastate","floor":16.0},{"not_picked":["champ:SwordSigil","champ:GladiatorsShout","champ:Haymaker"],"picked":"SKIP","floor":19.0},{"not_picked":["champ:TornadoPunch","champ:Shatter"],"picked":"champ:RisingSlash","floor":20.0},{"not_picked":["champ:CrookedStrike","champ:BerserkersShout+1"],"picked":"champ:Control","floor":22},{"not_picked":["champ:SwordSigil","champ:Riposte"],"picked":"champ:GutPunch+1","floor":26},{"not_picked":["champ:FalseCounter+1","champ:BringItOn"],"picked":"champ:RageSigil+1","floor":28},{"not_picked":["champ:BladeFlurry+1","champ:AdrenalArmor","champ:HeartStrike+1"],"picked":"SKIP","floor":29},{"not_picked":["champ:FocusedBerserking","champ:StrikeOfGenius"],"picked":"champ:Haymaker+1","floor":30},{"not_picked":["champ:SwordSigil","champ:Circumvent+1"],"picked":"champ:Encircle","floor":31},{"not_picked":["champ:StanceDance","champ:Riposte+1"],"picked":"champ:EnchantSword","floor":32},{"not_picked":["champ:SwordThrow","champ:IgnorePain"],"picked":"champ:PerfectForm","floor":33},{"not_picked":["champ:BerserkersShout+1","champ:TornadoPunch","champ:FlashCut+1"],"picked":"SKIP","floor":36},{"not_picked":["expansioncontent:Flail","expansioncontent:GuardianWhirl"],"picked":"expansioncontent:DonusPower","floor":37},{"not_picked":["champ:FocusedBerserking","champ:SkillfulDodge+1","champ:Shatter"],"picked":"SKIP","floor":38},{"not_picked":["champ:FaceSlap+1","champ:BerserkersShout","champ:StanceDance"],"picked":"SKIP","floor":39},{"not_picked":["champ:TornadoPunch","champ:FocusedBerserking+1"],"picked":"champ:DefensiveStyle","floor":40},{"not_picked":["champ:CalledShot+1","champ:Backstep"],"picked":"champ:ShieldSlam","floor":42},{"not_picked":["champ:GutPunch","champ:RecklessLeap+1"],"picked":"champ:Duel+1","floor":43},{"not_picked":["champ:EnGarde","champ:SwordSigil+1","champ:RageSigil"],"picked":"SKIP","floor":45},{"not_picked":["champ:Circumvent","champ:Riposte"],"picked":"champ:DefensiveStyle+1","floor":47},{"not_picked":["champ:StrikeOfGenius","champ:FanOfKnives+1"],"picked":"champ:Backstep","floor":48},{"not_picked":["champ:PreciseThrust","champ:SkillfulDodge+1","champ:GladiatorsShout+1"],"picked":"SKIP","floor":48},{"not_picked":["champ:ShieldSigil","champ:RisingSlash","champ:CalledShot"],"picked":"SKIP","floor":49},{"not_picked":["champ:RageSigil+1","champ:RapidStrikes","champ:BladeFlurry"],"picked":"SKIP","floor":49},{"not_picked":["champ:GutPunch+1","champ:Lariat+1"],"picked":"champ:CheapShot","floor":52}],"player_experience":2326130,"relics_obtained":[{"floor":2.0,"key":"InkBottle"},{"floor":6.0,"key":"Pear"},{"floor":7.0,"key":"MealTicket"},{"floor":9.0,"key":"Pantograph"},{"floor":12.0,"key":"sneckomod:BlankCard"},{"floor":20.0,"key":"Runesmith:AutoHammer"},{"floor":24,"key":"champ:FightingForDummies"},{"floor":26,"key":"Ancient Tea Set"},{"floor":36,"key":"Centennial Puzzle"},{"floor":40,"key":"hexamod:BolsterEngine"},{"floor":42,"key":"Shovel"},{"floor":46,"key":"Prayer Wheel"},{"floor":47,"key":"Thread and Needle"},{"floor":52,"key":"Bronze Scales"}],"event_choices":[{"damage_healed":0.0,"max_hp_gain":0.0,"max_hp_loss":0.0,"gold_gain":0.0,"event_name":"Upgrade Shrine","player_choice":"Upgraded","floor":21.0,"gold_loss":0.0,"damage_taken":0.0,"cards_upgraded":["champ:Backstep"]},{"damage_healed":0,"gold_gain":0,"player_choice":"Fight","damage_taken":0,"max_hp_gain":0,"max_hp_loss":0,"event_name":"Mysterious Sphere","floor":46,"gold_loss":0}],"is_beta":false,"boss_relics":[{"not_picked":["Astrolabe","Sozu"],"picked":"sneckomod:SneckoTalon"},{"not_picked":["Coffee Dripper","Runic Pyramid"],"picked":"Philosopher\u0027s Stone"}],"items_purged_floors":[14,30,53],"is_endless":false,"potions_floor_spawned":[6,12,15,16,19,20,26,28,32,33,39,43,46,47,48,52],"ascension_level":8}}