{"host":"xkmvu47k9fdstweo","time":1608150526,"event":{"mods":["BaseMod","Colored Map","Conspire","Hubris","Minty Spire (QoL Compilation)","Quick Restart","Railgun Mod","Shop Mod","StSLib","The Alterego","The Wild Card","TheBandit","WarShipGirlsR/??è≠èóR mod","vexMod"],"gold_per_floor":[117,131,131,148,148,164,164,181,181,181,181,104,116,131,131,228,228,228,228],"floor_reached":18,"playtime":477,"items_purged":[],"score":204,"play_id":"1e8b75c8-8a0d-4f31-af05-020839a95716","local_time":"20201216152846","is_ascension_mode":false,"campfire_choices":[{"data":"rmod:goodfighter","floor":7,"key":"SMITH"},{"data":"rmod:aviationdawn","floor":11,"key":"SMITH"},{"data":"rmod:openingtorpedo","floor":15,"key":"SMITH"}],"circlet_count":0,"master_deck":["conspire:GhostlyStrike","conspire:GhostlyStrike","conspire:GhostlyStrike","conspire:GhostlyStrike","conspire:GhostlyDefend","conspire:GhostlyDefend+1","conspire:GhostlyDefend","conspire:GhostlyDefend+1","rmod:basicallowance","rmod:maingunfire","rmod:unsinkable","rmod:aviationdawn+1","rmod:goodfighter+1","rmod:tearstotiara","rmod:salvage","rmod:openingtorpedo+1","rmod:fletcherpendant","rmod:aluminumsupply","rmod:windflower"],"relics":["rmod:firstchargereward","NeowsBlessing","Eternal Feather","conspire:SpecialSausage"],"acts_visited":["Exordium","TheCity"],"potions_floor_usage":[16],"damage_taken":[{"damage":0,"enemies":"Small Slimes","floor":1,"turns":1},{"damage":0,"enemies":"2 Louse","floor":2,"turns":1},{"damage":2,"enemies":"conspire:RoseBush","floor":4,"turns":1},{"damage":5,"enemies":"3 Louse","floor":6,"turns":3},{"damage":11,"enemies":"2 Fungi Beasts","floor":8,"turns":3},{"damage":11,"enemies":"Exordium Thugs","floor":13,"turns":4},{"damage":0,"enemies":"Large Slime","floor":14,"turns":2},{"damage":38,"enemies":"Hexaghost","floor":16,"turns":7},{"damage":0,"enemies":"conspire:FuzzyDice","floor":18,"turns":1}],"seed_played":"-5549629565633025439","potions_obtained":[{"floor":2,"key":"SpeedPotion"},{"floor":4,"key":"BlessingOfTheForge"},{"floor":14,"key":"Explosive Potion"}],"is_trial":false,"path_per_floor":["M","M","?","M","?","M","R","M","T","?","R","$","M","M","R","B",null,"M"],"character_chosen":"PRAEFECT","items_purchased":["rmod:salvage"],"campfire_rested":0,"item_purchase_floors":[12],"current_hp_per_floor":[75,75,60,58,63,58,58,47,47,47,53,53,42,42,51,13,80,80,80],"gold":228,"neow_bonus":"THREE_ENEMY_KILL","is_daily":false,"chose_seed":false,"campfire_upgraded":3,"win_rate":0.0,"timestamp":1608150526,"path_taken":["M","M","?","M","?","M","R","M","T","?","R","?","M","M","R","BOSS","M"],"items_purchased_type":["Card"],"build_version":"2020-12-13","purchased_purges":0,"victory":false,"max_hp_per_floor":[75,75,75,75,80,80,80,80,80,80,80,80,80,80,80,80,80,80,80],"card_choices":[{"not_picked":["rmod:launchingtorpedo","rmod:circuitoustactics"],"picked":"rmod:unsinkable","floor":1},{"not_picked":["rmod:victimresponsibility","rmod:unsinkable"],"picked":"rmod:aviationdawn","floor":2},{"not_picked":["rmod:salvage","rmod:heivgo"],"picked":"rmod:goodfighter","floor":4},{"not_picked":["rmod:slowdown","rmod:intelligenceanalysis"],"picked":"rmod:tearstotiara","floor":6},{"not_picked":["rmod:supportescort","rmod:bulid","rmod:tearstotiara"],"picked":"SKIP","floor":8},{"not_picked":["rmod:capitalist","rmod:supportescort"],"picked":"rmod:openingtorpedo","floor":13},{"not_picked":["rmod:tearstotiara","rmod:victimresponsibility"],"picked":"rmod:aluminumsupply","floor":14},{"not_picked":["rmod:timeschanged","rmod:seals"],"picked":"rmod:windflower","floor":16}],"player_experience":314436,"relics_obtained":[{"floor":9,"key":"Eternal Feather"}],"event_choices":[{"damage_healed":0,"gold_gain":0,"player_choice":"Entered Light","damage_taken":15,"max_hp_gain":0,"max_hp_loss":0,"event_name":"Shining Light","floor":3,"gold_loss":0,"cards_upgraded":["rmod:defend","rmod:defend"]},{"damage_healed":0,"gold_gain":0,"player_choice":"Donut","damage_taken":0,"max_hp_gain":5,"max_hp_loss":0,"event_name":"Big Fish","floor":5,"gold_loss":0},{"damage_healed":0,"gold_gain":0,"player_choice":"Agree","damage_taken":0,"max_hp_gain":0,"max_hp_loss":0,"event_name":"conspire:LoneGhost","floor":10,"gold_loss":0}],"is_beta":false,"boss_relics":[{"not_picked":["Snecko Eye","Empty Cage"],"picked":"conspire:SpecialSausage"}],"items_purged_floors":[],"is_endless":false,"potions_floor_spawned":[2,4,14],"killed_by":"conspire:FuzzyDice","ascension_level":0}}