{"host":"ci7ivtocgfxh0ueo","time":1608129345,"event":{"mods":["BaseMod","GifTheSpireLib","Minty Spire (QoL Compilation)","StSLib"],"gold_per_floor":[114,125,90,102,102,127,127,127,127,277,51,51,51,61,61,139,139,150,126,126,126,140,140,159,169,169,169,169,193,114,0,0,0,0],"floor_reached":33,"playtime":845,"items_purged":["Doubt"],"score":450,"play_id":"844b5ee6-950e-4dd0-8aa6-93a975f42bc4","local_time":"20201216223545","is_ascension_mode":true,"campfire_choices":[{"floor":8,"key":"REST"},{"data":"Heavy Blade","floor":12,"key":"SMITH"},{"data":"Armaments","floor":15,"key":"SMITH"},{"floor":23,"key":"REST"},{"floor":32,"key":"REST"}],"circlet_count":0,"master_deck":["AscendersBane","Bash","Armaments+1","Shockwave","Metallicize","Hemokinesis","Combust","Dropkick","Spot Weakness","Heavy Blade+1","Ghostly Armor","Juggernaut","Sentinel","Impervious","Flame Barrier","Juggernaut","Rage","Havoc","Second Wind","Dropkick","Intimidate","Immolate","Clothesline","Warcry"],"relics":["Burning Blood","Charon\u0027s Ashes","Dream Catcher","Ornamental Fan","Pandora\u0027s Box","NlothsMask","Lantern"],"acts_visited":["Exordium","TheCity"],"potions_floor_usage":[6,14,18,19,24,33,33],"damage_taken":[{"damage":3,"enemies":"2 Louse","floor":1,"turns":4},{"damage":19,"enemies":"Jaw Worm","floor":2,"turns":4},{"damage":4,"enemies":"Small Slimes","floor":4,"turns":4},{"damage":22,"enemies":"3 Sentries","floor":6,"turns":6},{"damage":1,"enemies":"2 Fungi Beasts","floor":14,"turns":3},{"damage":20,"enemies":"The Guardian","floor":16,"turns":12},{"damage":2,"enemies":"3 Byrds","floor":18,"turns":3},{"damage":11,"enemies":"2 Thieves","floor":19,"turns":4},{"damage":57,"enemies":"Shelled Parasite and Fungi","floor":22,"turns":7},{"damage":14,"enemies":"Snake Plant","floor":24,"turns":5},{"damage":6,"enemies":"Snecko","floor":25,"turns":4},{"damage":51,"enemies":"Automaton","floor":33,"turns":8}],"seed_played":"-2982749647488894681","potions_obtained":[{"floor":4,"key":"SneckoOil"},{"floor":16,"key":"Block Potion"},{"floor":18,"key":"Energy Potion"},{"floor":22,"key":"Swift Potion"},{"floor":24,"key":"CultistPotion"},{"floor":25,"key":"Regen Potion"}],"is_trial":false,"path_per_floor":["M","M","?","M","?","E","?","R","T","?","$","R","$","M","R","B",null,"M","M","?","?","M","R","M","M","T","?","$","T","$","?","R","B"],"character_chosen":"IRONCLAD","items_purchased":["Spot Weakness","Heavy Blade","Explosive Potion","DistilledChaos"],"campfire_rested":3,"item_purchase_floors":[11,11,11,30],"current_hp_per_floor":[71,58,75,75,70,54,31,53,53,53,53,53,53,58,58,44,67,71,66,66,66,15,37,29,29,29,29,29,29,29,29,51,0,0],"gold":0,"neow_bonus":"TRANSFORM_CARD","is_daily":false,"chose_seed":false,"campfire_upgraded":2,"win_rate":0.0,"timestamp":1608129345,"path_taken":["M","M","?","M","?","E","?","R","T","?","?","R","?","M","R","BOSS","M","M","?","?","M","R","M","?","T","?","$","?","?","?","R","BOSS"],"items_purchased_type":["Card","Card","Potion","Potion"],"build_version":"2020-12-13","purchased_purges":1,"victory":false,"max_hp_per_floor":[75,75,75,75,75,75,75,75,75,75,75,75,75,75,75,75,75,75,75,75,75,75,75,75,75,75,75,75,75,75,75,75,75,75],"card_choices":[{"not_picked":["Clothesline","Perfected Strike"],"picked":"Shockwave","floor":1},{"not_picked":["Warcry","Flex"],"picked":"Metallicize","floor":2},{"not_picked":["Brutality","Armaments"],"picked":"Hemokinesis","floor":4},{"not_picked":["Clothesline","Perfected Strike"],"picked":"Combust","floor":6},{"not_picked":["Havoc","Burning Pact"],"picked":"Dropkick","floor":8},{"not_picked":["Anger","Cleave"],"picked":"Ghostly Armor","floor":14},{"not_picked":["Brutality","Impervious"],"picked":"Juggernaut","floor":16},{"not_picked":["Sword Boomerang","Pommel Strike","Sever Soul"],"picked":"SKIP","floor":18},{"not_picked":["Flex","Entrench"],"picked":"Dropkick","floor":19},{"not_picked":["Perfected Strike+1","Burning Pact","Twin Strike"],"picked":"SKIP","floor":22},{"not_picked":["Body Slam","Clothesline"],"picked":"Intimidate","floor":23},{"not_picked":["Armaments","Sword Boomerang+1","Combust"],"picked":"SKIP","floor":24},{"not_picked":["Sever Soul","Perfected Strike"],"picked":"Immolate","floor":25},{"not_picked":["Havoc","Shockwave"],"picked":"Warcry","floor":32}],"player_experience":1255005,"relics_obtained":[{"floor":6,"key":"Dream Catcher"},{"floor":9,"key":"Ornamental Fan"},{"floor":29,"key":"Lantern"}],"event_choices":[{"damage_healed":18,"gold_gain":0,"player_choice":"Healed","damage_taken":0,"max_hp_gain":0,"max_hp_loss":0,"event_name":"The Cleric","floor":3,"gold_loss":35},{"damage_healed":0,"gold_gain":0,"player_choice":"Success","damage_taken":5,"relics_obtained":["Charon\u0027s Ashes"],"max_hp_gain":0,"max_hp_loss":0,"event_name":"Scrap Ooze","floor":5,"gold_loss":0},{"damage_healed":0,"gold_gain":0,"player_choice":"Entered Light","damage_taken":23,"max_hp_gain":0,"max_hp_loss":0,"event_name":"Shining Light","floor":7,"gold_loss":0,"cards_upgraded":["Strike_R","Defend_R"]},{"damage_healed":0,"gold_gain":150,"player_choice":"AGREE","damage_taken":0,"max_hp_gain":0,"max_hp_loss":0,"event_name":"Liars Game","floor":10,"gold_loss":0,"cards_obtained":["Doubt"]},{"damage_healed":0,"gold_gain":0,"player_choice":"Ignored","damage_taken":0,"max_hp_gain":0,"max_hp_loss":0,"event_name":"Ghosts","floor":20,"gold_loss":0},{"damage_healed":0,"gold_gain":0,"player_choice":"Trade","damage_taken":0,"relics_obtained":["NlothsMask"],"max_hp_gain":0,"max_hp_loss":0,"event_name":"FaceTrader","floor":21,"gold_loss":0},{"damage_healed":0,"gold_gain":0,"cards_transformed":["Anger"],"player_choice":"Transformed","damage_taken":0,"max_hp_gain":0,"max_hp_loss":0,"event_name":"Transmorgrifier","floor":27,"gold_loss":0,"cards_obtained":["Clothesline"]},{"damage_healed":0,"gold_gain":0,"player_choice":"Paid Fearfully","damage_taken":0,"max_hp_gain":0,"max_hp_loss":0,"event_name":"Masked Bandits","floor":31,"gold_loss":114}],"is_beta":false,"boss_relics":[{"not_picked":["Black Star","Empty Cage"],"picked":"Pandora\u0027s Box"}],"items_purged_floors":[11],"is_endless":false,"potions_floor_spawned":[4,16,18,22,24,25],"killed_by":"Automaton","ascension_level":17}}