{"host":"dwyzfvnzfcqffr30","time":1608132527,"event":{"mods":["2.2 Compatiblity","Act Like it!","BaseMod","Beaked The Cultist","Better Altar","Better Sensory Stone","Better Third Choice","Clockwork Mod","Colored Map","Colored Powertips","Conspire","Elementarium","GifTheSpireLib","Halation","Hubris","Jedi Mod","Menagerie","Mimic Mod","Minty Spire (QoL Compilation)","Permanent Neow","Random Character Button","Replay The Spire","Spicy Shops","StSLib","Stuff the Spire","The Construct","The Druid","TheFirefly","Trackpad","vexMod"],"gold_per_floor":[115,92,92,109,0,0,34,34,89,89,116,132,132,163,163,260,260,270,255,255,354,370,370,407,252,289,33,57,88,105,150,150,255,255,283,297,11,25,25,62,62,103,103,120,48,48,102,127,127,139,139,139,63,108,132],"floor_reached":56,"playtime":5481,"items_purged":[],"score":1903,"play_id":"76513860-6daa-42c2-b6af-53c448bd6055","local_time":"20201216072847","is_ascension_mode":true,"campfire_choices":[{"floor":6,"key":"RECALL"},{"floor":10,"key":"REST"},{"floor":13,"key":"REST"},{"floor":15,"key":"REST"},{"floor":23,"key":"REST"},{"floor":32,"key":"REST"},{"floor":46,"key":"REST"},{"floor":49,"key":"REST"},{"floor":52,"key":"REST"}],"circlet_count":0,"master_deck":["beaked:Strike_Y+1","beaked:Strike_Y+1","beaked:Strike_Y+1","beaked:Strike_Y+1","beaked:Strike_Y+1","beaked:Defend_Y+1","beaked:Defend_Y+1","beaked:Defend_Y+1","beaked:Defend_Y+1","beaked:Ceremony+1","beaked:Ceremony+1","beaked:Ceremony+1","MasterReality+1","beaked:RitualOfBody+1","beaked:TuckingFeathers+1","beaked:DigDeep+1","Enlightenment+1","beaked:MimicHuntress+1","beaked:HuntressSpirit+1","beaked:Brace+1","beaked:CrazyRituals+1","beaked:LiftOff+1","beaked:Hexing+1","beaked:MimicMachine+1","beaked:MimicWarrior+1","beaked:KnowThyFoe+1","beaked:MachineEssence+1","beaked:WildInstinct+1","beaked:AwakenedForm+1","Clockwork:WoundupStrike+1"],"relics":["beaked:MendingPlumage","Juzu Bracelet","Black Star","Molten Egg 2","Toxic Egg 2","Frozen Egg 2","Quantum Egg","Bottled Tornado","Pet Ghost","trackpad:AdjectivePendant","PreservedInsect","trackpad:WondrousWand","Bag of Marbles","Ornamental Fan","halation:Prosthetics","trackpad:CultistFigurine","CeramicFish","hubris:EmptyBottle","hubris:MedicalManual","vexMod:ConsolationPrize","trackpad:ZombieHeart","jedi:crownofsimplicity","hubris:Backtick","jedi:heavyjacket","vexMod:HeadHunter","vexMod:ScavengeHelm","halation:LettersToHer","Ring of Peace","Ring of Fangs","hubris:TinFlute","trackpad:Mousetrap","conspire:Dentures","TungstenRod","StuffTheSpire:RubySignet"],"acts_visited":[],"potions_floor_usage":[7,14,16,16,19,22,31,31,31,31,31,33,33,33,33,33,40,42,42,44,50,55,55,55,55],"damage_taken":[{"damage":0,"enemies":"Cultist","floor":1,"turns":3},{"damage":7,"enemies":"2 Louse","floor":4,"turns":4},{"damage":31,"enemies":"3 Sentries","floor":7,"turns":11},{"damage":20,"enemies":"Lagavulin","floor":11,"turns":6},{"damage":19,"enemies":"Small Slimes","floor":12,"turns":5},{"damage":43,"enemies":"Gremlin Nob","floor":14,"turns":4},{"damage":4,"enemies":"Hexaghost","floor":16,"turns":8},{"damage":8,"enemies":"Chosen","floor":18,"turns":8},{"damage":14,"enemies":"2 Thieves","floor":19,"turns":4},{"damage":5,"enemies":"Centurion and Healer","floor":22,"turns":8},{"damage":9,"enemies":"Gremlin Leader","floor":24,"turns":8},{"damage":10,"enemies":"Snake Plant","floor":26,"turns":6},{"damage":17,"enemies":"Snake Plant","floor":28,"turns":6},{"damage":13,"enemies":"Replay:Snechameleon","floor":29,"turns":7},{"damage":0,"enemies":"conspire:HollyBat","floor":30,"turns":6},{"damage":3,"enemies":"Slavers","floor":31,"turns":5},{"damage":0,"enemies":"Automaton","floor":33,"turns":5},{"damage":10,"enemies":"3 Shapes","floor":35,"turns":6},{"damage":1,"enemies":"Orb Walker","floor":36,"turns":5},{"damage":1,"enemies":"Maw","floor":38,"turns":8},{"damage":0,"enemies":"Giant Head","floor":40,"turns":6},{"damage":1,"enemies":"Reptomancer","floor":42,"turns":6},{"damage":0,"enemies":"Transient","floor":44,"turns":5},{"damage":0,"enemies":"2 Orb Walkers","floor":47,"turns":6},{"damage":16,"enemies":"Jaw Worm Horde","floor":48,"turns":6},{"damage":12,"enemies":"Time Eater","floor":50,"turns":10},{"damage":12,"enemies":"Shield and Spear","floor":54,"turns":7},{"damage":15,"enemies":"The Heart","floor":55,"turns":7}],"seed_played":"-1887990877045450865","potions_obtained":[{"floor":1,"key":"Elixir"},{"floor":8,"key":"LiquidBronze"},{"floor":8,"key":"SkillPotion"},{"floor":11,"key":"FearPotion"},{"floor":16,"key":"SteroidPotion"},{"floor":18,"key":"Adrenaline Potion"},{"floor":29,"key":"Energy Potion"},{"floor":30,"key":"EntropicBrew"},{"floor":35,"key":"jedi:StrikingPotion"}],"is_trial":false,"path_per_floor":["M","$","?","M","?","R","E","?","T","R","E","M","R","E","R","B",null,"M","M","?","?","M","R","E","$","MIM","$","M","E","M","E","R","B",null,"M","M","$","M","?","E","?","E","T","M","$","R","?","M","R","B",null,"R","$","E","B",null],"character_chosen":"BEAKED_THE_CULTIST","items_purchased":["beaked:TuckingFeathers+1","beaked:LiftOff+1","hubris:EmptyBottle","beaked:Hexing+1","vexMod:HeadHunter","SpeedPotion","LiquidMemories"],"campfire_rested":8,"item_purchase_floors":[2,25,27,27,37,45,53],"current_hp_per_floor":[55,55,55,52,58,58,56,56,56,61,60,61,61,29,47,60,26,26,26,20,20,26,26,26,26,23,23,26,26,26,26,26,27,27,27,30,30,31,31,33,33,35,35,37,37,37,39,41,42,45,45,45,45,46,48],"gold":132,"neow_bonus":"TEN_PERCENT_HP_BONUS","is_daily":false,"chose_seed":false,"campfire_upgraded":0,"win_rate":0.0,"timestamp":1608132527,"path_taken":["M","$","?","M","?","R","E","?","T","R","E","M","R","E","R","BOSS","M","M","?","?","M","R","E","$","MIM","$","M","E","M","E","R","BOSS","M","M","$","M","?","E","?","E","T","M","?","R","?","M","R","BOSS","R","$","E","BOSS"],"items_purchased_type":["Card","Card","Relic","Card","Relic","Potion","Potion"],"build_version":"2020-12-13","purchased_purges":0,"victory":true,"max_hp_per_floor":[55,55,55,55,61,61,61,61,61,61,61,61,61,61,61,61,26,26,26,26,26,26,26,26,26,26,26,26,26,26,26,26,27,27,30,31,31,32,32,33,33,36,36,37,37,37,39,42,42,45,45,45,45,47,48],"card_choices":[{"not_picked":["beaked:Negation+1","beaked:Resilience+1"],"picked":"beaked:RitualOfBody+1","floor":1},{"not_picked":["beaked:SurvivalInstinct+1","beaked:Poke+1"],"picked":"beaked:DigDeep+1","floor":4},{"not_picked":["beaked:WarriorEssence+1","beaked:TuckingFeathers+1"],"picked":"beaked:MimicHuntress+1","floor":7},{"not_picked":["beaked:FeelMyPain+1","beaked:Brainwash+1","beaked:Tradeoff+1"],"picked":"SKIP","floor":11},{"not_picked":["beaked:Resilience+1","beaked:FeelMyPain+1"],"picked":"beaked:HuntressSpirit+1","floor":12},{"not_picked":["beaked:SacrificialAttack+1","beaked:FeelMyPain+1","beaked:FakeOut+1"],"picked":"SKIP","floor":14},{"not_picked":["beaked:Daydream+1","beaked:Cower+1"],"picked":"beaked:Brace+1","floor":18},{"not_picked":["beaked:Overpower+1","beaked:Insight+1","beaked:RitualOfBody+1"],"picked":"SKIP","floor":19},{"not_picked":["beaked:Replenish+1","beaked:Mantra+1","beaked:Resilience+1"],"picked":"SKIP","floor":22},{"not_picked":["beaked:Insight+1","beaked:Poke+1"],"picked":"beaked:CrazyRituals+1","floor":24},{"not_picked":["beaked:Daydream+1","beaked:CursingBlood+1"],"picked":"beaked:MimicMachine+1","floor":28},{"not_picked":["beaked:Tweet+1","beaked:Flinch+1","beaked:Insight+1"],"picked":"SKIP","floor":29},{"not_picked":["beaked:Tweet+1","beaked:Roost+1","beaked:Struggle+1"],"picked":"SKIP","floor":30},{"not_picked":["beaked:TuckingFeathers+1","beaked:FullHouse+1"],"picked":"beaked:MimicWarrior+1","floor":31},{"not_picked":["beaked:CheekyTricks+1","ReplayTheSpireMod:Owlgaze+1"],"picked":"beaked:KnowThyFoe+1","floor":33},{"not_picked":["beaked:Devastation+1","beaked:WarriorEssence+1","beaked:Roost+1"],"picked":"SKIP","floor":35},{"not_picked":["beaked:CursingBlood+1","beaked:Negation+1","beaked:Windmill+1"],"picked":"SKIP","floor":36},{"not_picked":["beaked:MimicHuntress+1","beaked:Molting+1","beaked:Tradeoff+1"],"picked":"SKIP","floor":38},{"not_picked":["beaked:FullHouse","beaked:VolatileMisfortune"],"picked":"beaked:MachineEssence","floor":40},{"not_picked":["beaked:Mantra+1","beaked:Struggle+1","beaked:VigorBurst+1"],"picked":"SKIP","floor":40},{"not_picked":["beaked:Caw","ReplayTheSpireMod:Owlgaze"],"picked":"beaked:WildInstinct","floor":42},{"not_picked":["beaked:HuntressEssence+1","beaked:Brace+1","beaked:Resilience+1"],"picked":"SKIP","floor":42},{"not_picked":["beaked:MimicMachine+1","beaked:FeelMyPain+1","beaked:BarbedWire+1"],"picked":"SKIP","floor":44},{"not_picked":["beaked:WindBringer+1","beaked:Cower+1","beaked:VolatileMisfortune+1"],"picked":"SKIP","floor":48},{"not_picked":["beaked:Sacrifice","beaked:FullHouse"],"picked":"beaked:AwakenedForm","floor":54},{"not_picked":["beaked:DesperateSwing+1","beaked:WarriorEssence+1","beaked:CrazyRituals+1"],"picked":"SKIP","floor":54}],"player_experience":1242142,"relics_obtained":[{"floor":7,"key":"Pet Ghost"},{"floor":7,"key":"trackpad:AdjectivePendant"},{"floor":9,"key":"PreservedInsect"},{"floor":11,"key":"trackpad:WondrousWand"},{"floor":14,"key":"Bag of Marbles"},{"floor":14,"key":"Ornamental Fan"},{"floor":24,"key":"trackpad:CultistFigurine"},{"floor":24,"key":"CeramicFish"},{"floor":29,"key":"hubris:MedicalManual"},{"floor":29,"key":"vexMod:ConsolationPrize"},{"floor":31,"key":"trackpad:ZombieHeart"},{"floor":31,"key":"jedi:crownofsimplicity"},{"floor":40,"key":"vexMod:ScavengeHelm"},{"floor":40,"key":"halation:LettersToHer"},{"floor":41,"key":"Ring of Peace"},{"floor":41,"key":"Ring of Fangs"},{"floor":42,"key":"hubris:TinFlute"},{"floor":42,"key":"trackpad:Mousetrap"},{"floor":43,"key":"halation:LettersToHer"},{"floor":43,"key":"conspire:Dentures"},{"floor":54,"key":"TungstenRod"},{"floor":54,"key":"StuffTheSpire:RubySignet"}],"event_choices":[{"damage_healed":0,"gold_gain":0,"player_choice":"Simplicity","damage_taken":0,"max_hp_gain":0,"max_hp_loss":10,"event_name":"betterThird:BetterWriting","floor":0,"gold_loss":0},{"damage_healed":0,"gold_gain":0,"player_choice":"Upgraded","damage_taken":0,"max_hp_gain":0,"max_hp_loss":0,"event_name":"Upgrade Shrine","floor":0,"gold_loss":0,"cards_upgraded":["beaked:Ceremony"]},{"damage_healed":0,"gold_gain":0,"player_choice":"Upgraded","damage_taken":0,"max_hp_gain":0,"max_hp_loss":0,"event_name":"Upgrade Shrine","floor":0,"gold_loss":0,"cards_upgraded":["beaked:Ceremony"]},{"damage_healed":0,"gold_gain":0,"player_choice":"Upgraded","damage_taken":0,"max_hp_gain":0,"max_hp_loss":0,"event_name":"Upgrade Shrine","floor":0,"gold_loss":0,"cards_upgraded":["beaked:Ceremony"]},{"cards_removed":["beaked:Strike_Y"],"damage_healed":0,"gold_gain":0,"player_choice":"Offered Basic","damage_taken":0,"max_hp_gain":0,"max_hp_loss":0,"event_name":"Bonfire Elementals","floor":3,"gold_loss":0},{"damage_healed":0,"gold_gain":0,"player_choice":"RENOUNCE","damage_taken":109,"max_hp_gain":0,"max_hp_loss":0,"event_name":"betterThird:BetterSerpent","floor":5,"gold_loss":109,"cards_obtained":["Enlightenment"]},{"damage_healed":0,"gold_gain":0,"player_choice":"Got Potions","damage_taken":0,"max_hp_gain":0,"max_hp_loss":0,"event_name":"Lab","floor":8,"gold_loss":0},{"damage_healed":0,"gold_gain":0,"player_choice":"","damage_taken":6,"max_hp_gain":0,"max_hp_loss":0,"event_name":"Knowing Skull","floor":20,"potions_obtained":[],"gold_loss":0,"cards_obtained":[]},{"damage_healed":0,"gold_gain":99,"player_choice":"Steal","damage_taken":0,"max_hp_gain":0,"max_hp_loss":0,"event_name":"betterThird:BetterNest","floor":21,"gold_loss":0},{"damage_healed":0,"gold_gain":0,"player_choice":"Fight","damage_taken":0,"max_hp_gain":0,"max_hp_loss":0,"event_name":"Mysterious Sphere","floor":47,"gold_loss":0}],"is_beta":false,"boss_relics":[{"not_picked":["halation:Risk","Replay:Bronze Core"],"picked":"halation:Prosthetics"},{"not_picked":["StuffTheSpire:ModemDavis","Kintsugi"],"picked":"hubris:Backtick"}],"items_purged_floors":[],"is_endless":false,"potions_floor_spawned":[1,11,12,16,18,24,29,30,35,48],"ascension_level":8}}