{"host":"zxezw9t7myeayiva","time":1608156125,"event":{"mods":["2.2 Compatiblity","Act Like it!","BaseMod","Colored Map","Downfall","Hallownest","Hermit","Infinite Spire","Lobotomy","Marisa????????","Minty Spire (QoL Compilation)","Replay The Spire","Somnambulant","StSLib","The Animator","The Cursed","The Disciple","The Hierophant","The Jungle","The Servant 0.9.4"],"gold_per_floor":[118,131,145,145,70,70,99,99,99,116,135,135,135],"floor_reached":12,"playtime":995,"items_purged":["Defend_P"],"score":80,"play_id":"59ef3986-d2b9-45f5-9994-566941116827","local_time":"20201216160205","is_ascension_mode":false,"campfire_choices":[{"data":"Eruption","floor":6,"key":"SMITH"},{"data":"MentalFortress","floor":8,"key":"SMITH"}],"circlet_count":0,"master_deck":["Strike_P","Strike_P","Strike_P","Defend_P","Defend_P","Defend_P","Eruption+1","Vigilance","Wireheading","CutThroughFate","MentalFortress+1","Consecrate","Nirvana"],"relics":["PureWater","infinitespire:Joker Card","Oddly Smooth Stone","Tiny Chest"],"acts_visited":["Exordium"],"potions_floor_usage":[11,12],"damage_taken":[{"damage":0,"enemies":"Cultist","floor":1,"turns":4},{"damage":7,"enemies":"2 Louse","floor":2,"turns":2},{"damage":16,"enemies":"Small Slimes","floor":3,"turns":4},{"damage":35,"enemies":"3 Sentries","floor":7,"turns":7},{"damage":0,"enemies":"2 Fungi Beasts","floor":10,"turns":2},{"damage":6,"enemies":"Lots of Slimes","floor":11,"turns":2},{"damage":13,"enemies":"Gremlin Nob","floor":12,"turns":3}],"seed_played":"1103944993142172812","potions_obtained":[{"floor":7,"key":"PowerPotion"},{"floor":10,"key":"Explosive Potion"}],"is_trial":false,"path_per_floor":["M","M","M","T","$","R","E","R","T","M","M","E"],"character_chosen":"WATCHER","items_purchased":[],"campfire_rested":0,"item_purchase_floors":[],"current_hp_per_floor":[72,65,49,49,49,49,14,14,14,14,8,0,0],"gold":135,"neow_bonus":"RANDOM_EVENT","is_daily":false,"chose_seed":false,"campfire_upgraded":2,"win_rate":0.0,"timestamp":1608156125,"path_taken":["M","M","M","?","$","R","E","R","T","M","?","E"],"items_purchased_type":[],"build_version":"2020-12-13","purchased_purges":1,"victory":false,"max_hp_per_floor":[72,72,72,72,72,72,72,72,72,72,72,72,72],"card_choices":[{"not_picked":["Pray","DeceiveReality"],"picked":"Wireheading","floor":1},{"not_picked":["EmptyFist","Replay:BluntJabs"],"picked":"CutThroughFate","floor":2},{"not_picked":["Wallop","Replay:AtTheReady"],"picked":"MentalFortress","floor":3},{"not_picked":["FlyingSleeves","Replay:Battleflow","PathToVictory"],"picked":"SKIP","floor":7},{"not_picked":["JustLucky","Replay:ManipulateFuture"],"picked":"Consecrate","floor":10},{"not_picked":["Evaluate","Crescendo"],"picked":"Nirvana","floor":11}],"player_experience":306684,"relics_obtained":[{"floor":4,"key":"infinitespire:Joker Card"},{"floor":7,"key":"Oddly Smooth Stone"},{"floor":9,"key":"Tiny Chest"}],"event_choices":[],"is_beta":false,"boss_relics":[],"items_purged_floors":[5],"is_endless":false,"potions_floor_spawned":[7,10],"killed_by":"Gremlin Nob","ascension_level":0}}