{"host":"wfuprrvhjp4xs686","time":1608119760,"event":{"mods":["BaseMod","Better Match","Better Skull","Better Third Choice","Minty Spire (QoL Compilation)","Quick Restart","Replay The Spire","Spicy Shops","StSLib","Uncapped","Unceasing Turn Reminder"],"gold_per_floor":[110,110,127,52,52,81,81,109,109,128,139,149,181,194,194,266,266,283,283,317,317,317],"floor_reached":21,"playtime":29028,"items_purged":["Armaments"],"score":488,"play_id":"ca2cf4fc-7d90-4870-8122-8730a7557127","local_time":"20201216065600","daily_mods":["SealedDeck","DeadlyEvents","Elite Swarm","Uncertain Future"],"is_ascension_mode":true,"campfire_choices":[{"data":"Evolve","floor":7,"key":"SMITH"},{"data":"True Grit","floor":15,"key":"SMITH"}],"circlet_count":0,"master_deck":["AscendersBane","Pommel Strike","Thunderclap","True Grit+1","Body Slam","Reckless Charge","Shrug It Off","Feel No Pain","Evolve+1","Power Through","Fiend Fire"],"relics":["Burning Blood","Garlic","Replay:Kaleidoscope","Bottled Lightning","Pantograph","Black Star","Orichalcum","Blue Candle"],"acts_visited":["Exordium","TheCity"],"potions_floor_usage":[6,16,21,21],"damage_taken":[{"damage":2,"enemies":"Jaw Worm","floor":1,"turns":4},{"damage":10,"enemies":"Small Slimes","floor":3,"turns":3},{"damage":12,"enemies":"Lagavulin","floor":6,"turns":8},{"damage":0,"enemies":"Replay:BlueRogue","floor":8,"turns":5},{"damage":2,"enemies":"2 Louse","floor":10,"turns":3},{"damage":0,"enemies":"Looter","floor":11,"turns":3},{"damage":10,"enemies":"Gremlin Gang","floor":12,"turns":4},{"damage":3,"enemies":"Gremlin Nob","floor":13,"turns":4},{"damage":15,"enemies":"Exordium Thugs","floor":14,"turns":5},{"damage":27,"enemies":"Hexaghost","floor":16,"turns":8},{"damage":0,"enemies":"Chosen","floor":18,"turns":3},{"damage":10,"enemies":"Slavers","floor":20,"turns":6},{"damage":80,"enemies":"Gremlin Leader","floor":21,"turns":7}],"seed_played":"-5598497588008194547","potions_obtained":[{"floor":3,"key":"SkillPotion"},{"floor":6,"key":"SpeedPotion"},{"floor":14,"key":"SteroidPotion"},{"floor":16,"key":"SteroidPotion"}],"is_trial":true,"path_per_floor":["M","?","M","$","?","E","R","E","T","M","M","M","E","M","R","B",null,"M","?","E","E"],"character_chosen":"IRONCLAD","items_purchased":[],"campfire_rested":0,"item_purchase_floors":[],"current_hp_per_floor":[72,65,61,61,61,55,55,61,61,65,71,67,70,61,61,54,70,75,75,71,0,0],"gold":317,"neow_bonus":"","is_daily":false,"chose_seed":false,"campfire_upgraded":2,"win_rate":0.0,"timestamp":1608119760,"path_taken":["M","?","M","$","?","E","R","E","T","M","?","M","E","M","R","BOSS","M","?","?","?"],"items_purchased_type":[],"build_version":"2020-12-13","purchased_purges":1,"victory":false,"max_hp_per_floor":[75,75,75,75,75,75,75,75,75,75,75,75,75,75,75,75,75,75,75,75,75,75],"card_choices":[{"not_picked":["Clash","Havoc"],"picked":"Power Through","floor":1},{"not_picked":["Run Through","ReplayTheSpireMod:Stacked","Massacre"],"picked":"SKIP","floor":3},{"not_picked":["Berserk","Hemogenesis"],"picked":"Fiend Fire","floor":6},{"not_picked":["Corruption","Replay:Many Hands","Brutality"],"picked":"SKIP","floor":8},{"not_picked":["Body Slam","Iron Wave","Pummel"],"picked":"SKIP","floor":10},{"not_picked":["Massacre","Clash","Infernal Blade"],"picked":"SKIP","floor":11},{"not_picked":["ReplayTheSpireMod:Muscle Training","Perfected Strike","Life Link"],"picked":"SKIP","floor":12},{"not_picked":["Hemogenesis","Demonic Infusion","Demon Form"],"picked":"SKIP","floor":13},{"not_picked":["Headbutt","Flex","Massacre"],"picked":"SKIP","floor":14},{"not_picked":["Anger","Battle Trance","Entrench"],"picked":"SKIP","floor":18},{"not_picked":["Immolate","Barricade","Exhume"],"picked":"SKIP","floor":20}],"player_experience":2303341,"relics_obtained":[{"floor":6,"key":"Garlic"},{"floor":8,"key":"Replay:Kaleidoscope"},{"floor":9,"key":"Bottled Lightning"},{"floor":13,"key":"Pantograph"},{"floor":20,"key":"Orichalcum"},{"floor":20,"key":"Blue Candle"}],"event_choices":[{"cards_removed":["Wild Strike"],"damage_healed":0,"gold_gain":0,"player_choice":"Card Removal","damage_taken":7,"max_hp_gain":0,"max_hp_loss":0,"event_name":"Golden Wing","floor":2,"gold_loss":0},{"damage_healed":0,"gold_gain":0,"player_choice":"Ignored","damage_taken":52,"max_hp_gain":0,"max_hp_loss":0,"event_name":"betterThird:BetterSerpent","floor":5,"gold_loss":0},{"damage_healed":0,"gold_gain":0,"player_choice":"Ignored","damage_taken":0,"max_hp_gain":0,"max_hp_loss":0,"event_name":"N\u0027loth","floor":19,"gold_loss":0}],"is_beta":false,"boss_relics":[{"not_picked":["Kintsugi","Fusion Hammer"],"picked":"Black Star"}],"items_purged_floors":[4],"is_endless":true,"potions_floor_spawned":[3,6,14,16,20],"killed_by":"Gremlin Leader","ascension_level":20}}