{"host":"ipcfr4ajj2jkxvg7","time":1608110089,"event":{"mods":["BaseMod","Colored Powertips","GifTheSpireLib","Marisa（F雨　魔理沙）","Minty Spire (QoL Compilation)","Quick Restart","Remilia（蕾米莉亚）","Replay The Spire","RumiaBox-露米娅的神秘盒子","StSLib"],"gold_per_floor":[20,75,87,98,118,118,143,157,157,186,58,69,123,139,139,215,215,235,235,4,14,14,14,45,45,71,71,100,100,100,135,135,207,207,219,88,113,133,151,151,176,88,88,122,122,122,147,166,166,166,166,166,166,66,94,94],"floor_reached":57,"playtime":4278,"items_purged":["Defend_RM","Parasite"],"score":2312,"play_id":"3ff3ab2e-6177-4f81-a97d-f99593b91600","local_time":"20201216171449","is_ascension_mode":true,"campfire_choices":[{"data":"DiffusionOfMisfortune","floor":6.0,"key":"SMITH"},{"data":"TwelveNightmare","floor":15.0,"key":"SMITH"},{"data":"QueenOfMidnight","floor":23.0,"key":"SMITH"},{"data":"BatForm","floor":25.0,"key":"SMITH"},{"data":"BloodAndWine","floor":27.0,"key":"SMITH"},{"data":"VampireKiss","floor":32.0,"key":"SMITH"},{"data":"BloodySeventeenLaser","floor":40.0,"key":"SMITH"},{"data":"BloodHunter","floor":46.0,"key":"SMITH"},{"floor":49,"key":"RECALL"},{"data":"HeartBreak","floor":53,"key":"SMITH"}],"circlet_count":0,"master_deck":["AscendersBane","Strike_RM+1","Strike_RM+1","Strike_RM","Strike_RM+1","Defend_RM","Defend_RM","Defend_RM","RedMoon","ScarletShoot","DiffusionOfMisfortune+1","NightDance+1","SuperhumanBloodyKnife","ScarletCoffin","BloodAndWine+1","SuperhumanBloodyKnife","VampireSweep","TwelveNightmare+1","VampireKiss+1","BatForm+1","QueenOfMidnight+1","VampireClaw+1","VampirishNight","BloodySeventeenLaser+1","BloodHunter+1","BloodHunter","RedNightlessCastle","HeartBreak+1","BloodHunter+1","ScarletDevilSign","DevilSight","VampireSweep+1","EquivalentExchange","CeilingFear"],"relics":["ScarletHat","Bird Faced Urn","AddBug","SecretRecord","SecretRecord","SecretRecord","SecretRecord","SecretRecord","SecretRecord","SecretRecord","SecretRecord"],"acts_visited":["Exordium","TheCity","TheBeyond","TheEnding"],"potions_floor_usage":[56],"damage_taken":[{"damage":2.0,"enemies":"Jaw Worm","floor":1.0,"turns":4.0},{"damage":0.0,"enemies":"Small Slimes","floor":3.0,"turns":4.0},{"damage":0.0,"enemies":"2 Louse","floor":4.0,"turns":2.0},{"damage":0.0,"enemies":"Looter","floor":5.0,"turns":2.0},{"damage":4.0,"enemies":"Gremlin Nob","floor":7.0,"turns":3.0},{"damage":0.0,"enemies":"Exordium Wildlife","floor":8.0,"turns":3.0},{"damage":21.0,"enemies":"Lagavulin","floor":10.0,"turns":6.0},{"damage":11.0,"enemies":"3 Louse","floor":12.0,"turns":7.0},{"damage":1.0,"enemies":"Looter","floor":14.0,"turns":2.0},{"damage":28.0,"enemies":"Fading Forest","floor":16.0,"turns":13.0},{"damage":15.0,"enemies":"Spheric Guardian","floor":18.0,"turns":6.0},{"damage":23.0,"enemies":"2 Thieves","floor":21.0,"turns":4.0},{"damage":5.0,"enemies":"Book of Stabbing","floor":24.0,"turns":5.0},{"damage":2.0,"enemies":"Replay:Snechameleon","floor":28.0,"turns":3.0},{"damage":34.0,"enemies":"Slavers","floor":31.0,"turns":6.0},{"damage":55.0,"enemies":"Automaton","floor":33.0,"turns":10.0},{"damage":46.0,"enemies":"3 Darklings","floor":35.0,"turns":5.0},{"damage":0.0,"enemies":"Mind Bloom Boss Battle","floor":37.0,"turns":2.0},{"damage":45.0,"enemies":"3 Shapes","floor":38.0,"turns":4.0},{"damage":0.0,"enemies":"Maw","floor":39.0,"turns":7.0},{"damage":35.0,"enemies":"Reptomancer","floor":41.0,"turns":3.0},{"damage":6.0,"enemies":"Nemesis","floor":44.0,"turns":3.0},{"damage":11,"enemies":"Giant Head","floor":47,"turns":4},{"damage":31,"enemies":"Writhing Mass","floor":48,"turns":6},{"damage":25,"enemies":"Replay:Hell Engine","floor":50,"turns":5},{"damage":53,"enemies":"Time Eater","floor":51,"turns":4},{"damage":101,"enemies":"Shield and Spear","floor":55,"turns":7},{"damage":27,"enemies":"The Heart","floor":56,"turns":3}],"seed_played":"-6659974494159081102","potions_obtained":[{"floor":2.0,"key":"Adrenaline Potion"},{"floor":2.0,"key":"ColorlessPotion"},{"floor":4.0,"key":"DuplicationPotion"},{"floor":31.0,"key":"Cursed Concoction"},{"floor":55,"key":"Strength Potion"}],"is_trial":false,"path_per_floor":["M","?","M","M","M","R","E","M","T","E","$","M","?","M","R","B",null,"M","?","$","M","?","R","E","R","T","R","E","?","T","E","R","B",null,"M","$","?","M","M","R","E","$","T","E","T","R","E","M","R","B","B",null,"R","$","E","B",null],"character_chosen":"REMILIA","items_purchased":["VampireSweep","TwelveNightmare","QueenOfMidnight","BloodHunter","RedNightlessCastle","DevilSight"],"campfire_rested":0,"item_purchase_floors":[11,11,20,36,36,42],"current_hp_per_floor":[65,42,45,45,45,45,42,42,42,23,23,14,14,13,13,41,63,52,52,52,34,14,14,36,36,36,36,58,58,58,48,48,33,93,77,77,79,51,66,66,68,68,68,80,80,80,90,72,72,92,95,124,124,124,46,117],"gold":94,"neow_bonus":"ONE_RARE_RELIC","is_daily":false,"chose_seed":false,"campfire_upgraded":9,"win_rate":0.0,"timestamp":1608110089,"path_taken":["M","?","M","M","M","R","E","M","T","E","$","M","?","M","R","BOSS","M","?","$","M","?","R","E","R","T","R","E","?","?","E","R","BOSS","M","$","?","M","M","R","E","$","T","E","?","R","E","M","R","BOSS","BOSS","R","$","E","BOSS"],"items_purchased_type":["Card","Card","Card","Card","Card","Card"],"build_version":"2020-12-13","purchased_purges":2,"victory":true,"max_hp_per_floor":[70,70,70,70,70,70,70,70,70,70,70,70,70,70,70,70,70,70,70,70,70,75,75,84,84,84,84,93,93,93,103,103,113,113,123,123,123,134,134,134,134,134,134,134,134,134,134,134,134,134,134,134,134,131,131,131],"card_choices":[{"not_picked":["BlasphemousPunishment","ReincarnationDial"],"picked":"DiffusionOfMisfortune","floor":1.0},{"not_picked":["DiffusionOfMisfortune","ScarletSymphony"],"picked":"NightDance","floor":2.0},{"not_picked":["TwelveNightmare","FavorOfDestiny"],"picked":"SuperhumanBloodyKnife","floor":3.0},{"not_picked":["Stigmanizer","MastersStateliness"],"picked":"ScarletCoffin","floor":4.0},{"not_picked":["UnderTheZenith","StarOfDavid","FavorOfDestiny"],"picked":"SKIP","floor":5.0},{"not_picked":["DiffusionOfMisfortune","MillenniumVampire"],"picked":"BloodAndWine","floor":7.0},{"not_picked":["EndlessAdversity","ScarletImprint","NightDance"],"picked":"SKIP","floor":8.0},{"not_picked":["ScarletImprint","ScarletDream"],"picked":"SuperhumanBloodyKnife","floor":10.0},{"not_picked":["ScarletGensokyo","ScarletImprint"],"picked":"VampireKiss","floor":12.0},{"not_picked":["Ultimatum","UnstableMagic","ForbiddenFruit"],"picked":"SKIP","floor":14.0},{"not_picked":["ScarletCoffin","BloodyHallows"],"picked":"BatForm","floor":16.0},{"not_picked":["Stigmanizer","UnderTheZenith","UnstableMagic"],"picked":"SKIP","floor":18.0},{"not_picked":["CharismaGuard","BloodyTrap"],"picked":"VampireClaw+1","floor":21.0},{"not_picked":["StarOfDavid","RedRainbow","RedMagic"],"picked":"SKIP","floor":24.0},{"not_picked":["BombardNight","ScarletDevil"],"picked":"VampirishNight","floor":28.0},{"not_picked":["FitfulNightmare","UnstableMagic","Stigmanizer"],"picked":"SKIP","floor":31.0},{"not_picked":["ScarletMeister","CeilingFear"],"picked":"BloodySeventeenLaser","floor":33.0},{"not_picked":["ScarletDevil","VampireKiss"],"picked":"BloodHunter","floor":35.0},{"not_picked":["MiserableFate","UnstableMagic+1"],"picked":"HeartBreak","floor":38.0},{"not_picked":["ForbiddenFruit","VampireKiss"],"picked":"BloodHunter+1","floor":39.0},{"not_picked":["BloodyTrap","NightDance"],"picked":"ScarletDevilSign","floor":41.0},{"not_picked":["ScarletDream","BloodAndWine"],"picked":"VampireSweep+1","floor":44.0},{"not_picked":["Stigmanizer","DevilSight+1"],"picked":"EquivalentExchange","floor":47},{"not_picked":["BlasphemousPunishment","UnderTheZenith+1","BombardNight+1"],"picked":"SKIP","floor":48},{"not_picked":["EndlessAdversity","ScarletDevil"],"picked":"CeilingFear","floor":55}],"player_experience":362951,"relics_obtained":[{"floor":1.0,"key":"AddBug"},{"floor":2.0,"key":"ReplayTheSpireMod:TigerMarble"},{"floor":3.0,"key":"SecretRecord"},{"floor":7.0,"key":"SecretRecord"},{"floor":7.0,"key":"Mirror"},{"floor":10.0,"key":"Eternal Feather"},{"floor":12.0,"key":"Replay:Mystery Machine"},{"floor":12.0,"key":"SecretRecord"},{"floor":21.0,"key":"SecretRecord"},{"floor":24.0,"key":"Nunchaku"},{"floor":26.0,"key":"ReplayTheSpireMod:Lightbulb"},{"floor":28.0,"key":"SecretRecord"},{"floor":28.0,"key":"GodSword3"},{"floor":30.0,"key":"Onion Ring"},{"floor":31.0,"key":"TungstenRod"},{"floor":31.0,"key":"MagicDraw3"},{"floor":35.0,"key":"SecretRecord"},{"floor":37.0,"key":"Durian"},{"floor":41.0,"key":"Gremlin Food"},{"floor":43.0,"key":"Happy Flower"},{"floor":44.0,"key":"SecretRecord"},{"floor":44.0,"key":"Toy Ornithopter"},{"floor":45.0,"key":"CaptainsWheel"},{"floor":47,"key":"Smiling Mask"},{"floor":55,"key":"Chameleon Ring"},{"floor":55,"key":"RedBat"}],"event_choices":[{"damage_healed":0.0,"max_hp_gain":0.0,"max_hp_loss":0.0,"gold_gain":54.0,"event_name":"Golden Wing","player_choice":"Gained Gold","floor":13.0,"gold_loss":0.0,"damage_taken":0.0},{"damage_healed":0.0,"max_hp_gain":0.0,"max_hp_loss":0.0,"gold_gain":0.0,"event_name":"Ghosts","player_choice":"Ignored","floor":19.0,"gold_loss":0.0,"damage_taken":0.0},{"damage_healed":0.0,"max_hp_gain":5.0,"max_hp_loss":0.0,"gold_gain":0.0,"event_name":"Forgotten Altar","player_choice":"Shed Blood","floor":22.0,"gold_loss":0.0,"damage_taken":25.0},{"damage_healed":0.0,"max_hp_gain":0.0,"max_hp_loss":0.0,"gold_gain":0.0,"event_name":"MindBloom","player_choice":"Fight","floor":37.0,"gold_loss":0.0,"damage_taken":0.0}],"is_beta":false,"boss_relics":[{"not_picked":["Calling Bell","Runic Dome"],"picked":"Replay:Grab Bag"},{"not_picked":["Replay:Wanted Poster","SacredBark"],"picked":"EasyGame_NEW"}],"items_purged_floors":[20,54],"is_endless":false,"potions_floor_spawned":[4,7,10,14,18,21,31,38,41,44],"ascension_level":20}}