{"host":"2e3z4r48quhw80cc","time":1608086516,"event":{"mods":["BaseMod","Minty Spire (QoL Compilation)","Quick Restart","StSLib","SuperFastMode"],"gold_per_floor":[111,122,122,72,92,92,117,117,190,217,29,45,45,78,78,173,173,189,189,204,129,141,141,157,157,180,193,97,108,108,108,108,207,207,218,230,243,293,293,321,321,321],"floor_reached":41,"playtime":1026,"items_purged":["Defend_B"],"score":576,"play_id":"11e6a212-7a0f-49e2-842f-85c13e3f7455","local_time":"20201216114156","is_ascension_mode":true,"campfire_choices":[{"data":"Zap","floor":6.0,"key":"SMITH"},{"floor":15.0,"key":"DIG"},{"floor":23.0,"key":"REST"},{"floor":25.0,"key":"DIG"},{"floor":32.0,"key":"REST"}],"circlet_count":0,"master_deck":["Strike_B","Defend_B","Defend_B","Defend_B","Zap+1","Dualcast","Ball Lightning","Static Discharge","Defragment","Force Field","Self Repair","White Noise","Storm","Loop","Echo Form","Machine Learning","Conserve Battery","Capacitor","Core Surge","Defragment+1","Capacitor","Reinforced Body+1","Master of Strategy","Self Repair+1"],"relics":["Cracked Core","Juzu Bracelet","Pen Nib","Mummified Hand","Shovel","Emotion Chip","Question Card","Busted Crown","Prayer Wheel","Potion Belt","Oddly Smooth Stone","SacredBark","Torii","Ancient Tea Set"],"acts_visited":["Exordium","TheCity","TheBeyond"],"potions_floor_usage":[41,41],"damage_taken":[{"damage":2.0,"enemies":"Jaw Worm","floor":1.0,"turns":4.0},{"damage":1.0,"enemies":"Cultist","floor":2.0,"turns":3.0},{"damage":3.0,"enemies":"2 Louse","floor":5.0,"turns":2.0},{"damage":20.0,"enemies":"3 Sentries","floor":7.0,"turns":5.0},{"damage":28.0,"enemies":"Gremlin Nob","floor":10.0,"turns":3.0},{"damage":4.0,"enemies":"Red Slaver","floor":12.0,"turns":2.0},{"damage":15.0,"enemies":"Lagavulin","floor":14.0,"turns":5.0},{"damage":2.0,"enemies":"Hexaghost","floor":16.0,"turns":6.0},{"damage":15.0,"enemies":"3 Byrds","floor":18.0,"turns":4.0},{"damage":12.0,"enemies":"Chosen","floor":20.0,"turns":3.0},{"damage":15.0,"enemies":"Shelled Parasite and Fungi","floor":22.0,"turns":3.0},{"damage":24.0,"enemies":"Snake Plant","floor":24.0,"turns":3.0},{"damage":25.0,"enemies":"3 Cultists","floor":27.0,"turns":4.0},{"damage":7.0,"enemies":"Cultist and Chosen","floor":29.0,"turns":4.0},{"damage":66.0,"enemies":"Champ","floor":33.0,"turns":7.0},{"damage":29.0,"enemies":"3 Darklings","floor":35.0,"turns":4.0},{"damage":14.0,"enemies":"Orb Walker","floor":36.0,"turns":3.0},{"damage":18.0,"enemies":"Spire Growth","floor":37.0,"turns":3.0},{"damage":0.0,"enemies":"Mind Bloom Boss Battle","floor":38.0,"turns":4.0},{"damage":26.0,"enemies":"Reptomancer","floor":40.0,"turns":5.0},{"damage":27,"enemies":"3 Darklings","floor":41,"turns":2}],"seed_played":"-5979673393415027896","potions_obtained":[{"floor":2.0,"key":"SpeedPotion"},{"floor":3.0,"key":"EssenceOfDarkness"},{"floor":3.0,"key":"Explosive Potion"},{"floor":3.0,"key":"Strength Potion"},{"floor":7.0,"key":"Explosive Potion"},{"floor":10.0,"key":"FearPotion"},{"floor":18.0,"key":"Energy Potion"},{"floor":20.0,"key":"PotionOfCapacity"},{"floor":33.0,"key":"AttackPotion"},{"floor":35.0,"key":"Weak Potion"},{"floor":38.0,"key":"EssenceOfSteel"}],"is_trial":false,"path_per_floor":["M","M","?","?","M","R","E","?","T","E","$","M","?","E","R","B",null,"M","?","M","?","M","R","M","R","T","M","$","M","T","?","R","B",null,"M","M","M","?","?","E","M"],"character_chosen":"DEFECT","items_purchased":["Self Repair","White Noise","Fruit Juice"],"campfire_rested":2,"item_purchase_floors":[11,11,28],"current_hp_per_floor":[73,72,72,72,69,69,49,49,49,21,21,24,29,21,21,26,67,59,44,46,46,38,63,53,53,53,42,42,47,47,47,74,15,71,56,42,24,38,38,26,0,0],"gold":321,"neow_bonus":"RANDOM_COMMON_RELIC","is_daily":false,"chose_seed":false,"campfire_upgraded":1,"win_rate":0.0,"timestamp":1608086516,"path_taken":["M","M","?","?","M","R","E","?","T","E","$","M","?","E","R","BOSS","M","?","M","?","M","R","M","R","T","M","$","M","?","?","R","BOSS","M","M","M","?","?","E","M"],"items_purchased_type":["Card","Card","Potion"],"build_version":"2020-12-13","purchased_purges":1,"victory":false,"max_hp_per_floor":[75,75,75,75,75,75,75,75,75,75,75,75,80,80,80,80,80,80,85,85,85,85,85,85,85,85,85,85,90,90,90,90,90,90,90,90,90,90,90,90,90,90],"card_choices":[{"not_picked":["Coolheaded","Go for the Eyes"],"picked":"Ball Lightning","floor":1.0},{"not_picked":["Streamline","Reprogram","Barrage"],"picked":"SKIP","floor":2.0},{"not_picked":["Compile Driver","Rebound"],"picked":"Static Discharge","floor":5.0},{"not_picked":["Glacier","Gash"],"picked":"Defragment","floor":7.0},{"not_picked":["Compile Driver","Consume"],"picked":"Force Field","floor":10.0},{"not_picked":["Hologram","Reprogram"],"picked":"Storm","floor":12.0},{"not_picked":["Streamline","Beam Cell"],"picked":"Loop","floor":14.0},{"not_picked":["Core Surge","Machine Learning","Amplify"],"picked":"Echo Form","floor":16.0},{"not_picked":["Gash","Doom and Gloom"],"picked":"SKIP","floor":18.0},{"not_picked":["Gash","Sweeping Beam"],"picked":"SKIP","floor":20.0},{"not_picked":["Ball Lightning"],"picked":"Machine Learning","floor":22.0},{"not_picked":["Barrage","Turbo"],"picked":"SKIP","floor":24.0},{"not_picked":["Darkness"],"picked":"Conserve Battery","floor":27.0},{"not_picked":["Leap","Turbo+1"],"picked":"SKIP","floor":27.0},{"not_picked":["Compile Driver+1","Steam"],"picked":"SKIP","floor":29.0},{"not_picked":["Stack","Beam Cell"],"picked":"SKIP","floor":29.0},{"not_picked":["All For One"],"picked":"Core Surge","floor":33.0},{"not_picked":["Sweeping Beam+1"],"picked":"Defragment+1","floor":35.0},{"not_picked":["BootSequence+1","Cold Snap"],"picked":"SKIP","floor":35.0},{"not_picked":["Steam","Beam Cell+1"],"picked":"SKIP","floor":36.0},{"not_picked":["Reprogram","Beam Cell+1"],"picked":"SKIP","floor":36.0},{"not_picked":["Darkness"],"picked":"Capacitor","floor":37.0},{"not_picked":["Tempest"],"picked":"Reinforced Body+1","floor":37.0},{"not_picked":["HandOfGreed"],"picked":"Master of Strategy","floor":39.0},{"not_picked":["Beam Cell"],"picked":"Self Repair+1","floor":40.0}],"player_experience":49958,"relics_obtained":[{"floor":7.0,"key":"Pen Nib"},{"floor":9.0,"key":"Mummified Hand"},{"floor":10.0,"key":"Shovel"},{"floor":14.0,"key":"Emotion Chip"},{"floor":15.0,"key":"Question Card"},{"floor":25.0,"key":"Prayer Wheel"},{"floor":26.0,"key":"Potion Belt"},{"floor":30.0,"key":"Oddly Smooth Stone"},{"floor":38.0,"key":"Torii"},{"floor":40.0,"key":"Ancient Tea Set"}],"event_choices":[{"damage_healed":0.0,"max_hp_gain":0.0,"max_hp_loss":0.0,"gold_gain":0.0,"event_name":"Lab","player_choice":"Got Potions","floor":3.0,"gold_loss":0.0,"damage_taken":0.0},{"cards_removed":["Strike_B"],"damage_healed":0.0,"max_hp_gain":0.0,"max_hp_loss":0.0,"gold_gain":0.0,"event_name":"The Cleric","player_choice":"Card Removal","floor":4.0,"gold_loss":50.0,"damage_taken":0.0},{"cards_removed":["Strike_B"],"damage_healed":0.0,"max_hp_gain":0.0,"max_hp_loss":0.0,"gold_gain":0.0,"event_name":"Purifier","player_choice":"Purged","floor":8.0,"gold_loss":0.0,"damage_taken":0.0},{"damage_healed":0.0,"max_hp_gain":5.0,"max_hp_loss":0.0,"gold_gain":0.0,"event_name":"Big Fish","player_choice":"Donut","floor":13.0,"gold_loss":0.0,"damage_taken":0.0},{"damage_healed":0.0,"max_hp_gain":5.0,"max_hp_loss":0.0,"gold_gain":0.0,"event_name":"Forgotten Altar","player_choice":"Shed Blood","floor":19.0,"gold_loss":0.0,"damage_taken":20.0},{"cards_removed":["Strike_B"],"damage_healed":0.0,"max_hp_gain":0.0,"max_hp_loss":0.0,"gold_gain":0.0,"event_name":"Beggar","player_choice":"Gave Gold","floor":21.0,"gold_loss":75.0,"damage_taken":0.0},{"damage_healed":0.0,"max_hp_gain":0.0,"max_hp_loss":0.0,"gold_gain":0.0,"event_name":"The Library","player_choice":"Read","floor":31.0,"gold_loss":0.0,"damage_taken":0.0,"cards_obtained":["Capacitor"]},{"damage_healed":0.0,"max_hp_gain":0.0,"max_hp_loss":0.0,"gold_gain":0.0,"event_name":"MindBloom","player_choice":"Fight","floor":38.0,"gold_loss":0.0,"damage_taken":0.0},{"damage_healed":0.0,"max_hp_gain":0.0,"max_hp_loss":0.0,"gold_gain":0.0,"event_name":"SensoryStone","player_choice":"Memory 1","floor":39.0,"gold_loss":0.0,"damage_taken":0.0}],"is_beta":false,"boss_relics":[{"not_picked":["Velvet Choker","Calling Bell"],"picked":"Busted Crown"},{"not_picked":["Sozu","Empty Cage"],"picked":"SacredBark"}],"items_purged_floors":[11],"is_endless":false,"potions_floor_spawned":[2,5,7,10,18,20,33,35,38],"killed_by":"3 Darklings","ascension_level":5}}