{"host":"Teixeira","time":1608099198,"event":{"mods":["2.2 Compatiblity","Ascension Reborn","BaseMod","Colored Map","Colored Powertips","Downfall","Hermit","Hubris","Minty Spire (QoL Compilation)","Permanent Neow","Rare Cards Sparkle","Relic Filter","Replay The Spire","Spicy Shops","StSLib","SuperFastMode"],"gold_per_floor":[99,115,115,115,147,147,178,178,178,219,219,219,219,290,307,48,68,183,183,183,214,214,9,43,65,126,126,168,168,288,312,408,482,506,625,625,625,659,359,491,505,505,505],"floor_reached":42,"playtime":3664,"items_purged":["Regret","CommonCold","Regret","Regret"],"score":561,"play_id":"079f378a-7e16-4633-8c65-05a17c855a2f","local_time":"20201216031318","is_ascension_mode":true,"campfire_choices":[{"data":"Slimebound:CorrosiveSpit","floor":1,"key":"SMITH"},{"data":"Slimebound:SlimeSlap","floor":6,"key":"SMITH"},{"data":"Slimebound:SplitSpecialist","floor":8,"key":"SMITH"},{"data":"Slimebound:PrepareCrush","floor":20,"key":"SMITH"},{"data":"Slimebound:GoopTackle","floor":27,"key":"SMITH"},{"data":"Slimebound:Split","floor":29,"key":"SMITH"},{"data":"Pot Of Greed","floor":37,"key":"SMITH"}],"circlet_count":0,"master_deck":["Slimebound:Strike_Slimebound","Slimebound:Strike_Slimebound","Slimebound:Defend_Slimebound","Slimebound:Defend_Slimebound","Slimebound:Defend_Slimebound","Slimebound:Defend_Slimebound","Slimebound:Split+1","Slimebound:CorrosiveSpit+1","Slimebound:Prepare","Slimebound:SplitSpecialist+1","Slimebound:SlimeSlap+1","Slimebound:Schlurp+1","Slimebound:ComboTackle","Slimebound:BestDefense","Slimebound:GoopTackle+1","Slimebound:PrepareCrush+1","Slimebound:FlameTackle","Pot Of Greed+1","Pot Of Greed","Slimebound:Recycling"],"relics":["Slimebound:AbsorbEndCombat","Torii","Replay:WaspNest","Replay:Accelerometer","Simple Rune","Counterbalance","Ring of Hypnosis","ReplayTheSpireMod:Ring of Addiction","Potion Belt","White Beast Statue","hubris:BottledRain","Membership Card","Sling","Slimebound:TarBlob","Lantern","PreservedInsect","hubris:EmptyBottle","Blue Doll","Slimebound:AggressiveSlimeRelic","Replay:Bottled Eggs","downfall:CloakOfManyFaces","CultistMask","FaceOfCleric","NlothsMask","GremlinMask","SsserpentHead","Replay:Baseball","hubris:SphereOfDissonance","Grinning Jar","Empty Cage","Toxic Egg 2","ReplayTheSpireMod:TigerMarble","TheAbacus","Replay:Towering Pillar of Hats","Centennial Puzzle"],"acts_visited":["Exordium","TheCity","TheBeyond"],"potions_floor_usage":[14,16,18,18,23,25,31,35,35,42],"damage_taken":[{"damage":4,"enemies":"Small Slimes","floor":2,"turns":3},{"damage":17,"enemies":"3 Sentries","floor":5,"turns":6},{"damage":14,"enemies":"Replay:BlueRogue","floor":10,"turns":4},{"damage":11,"enemies":"3 Sentries","floor":14,"turns":5},{"damage":5,"enemies":"2 Louse","floor":15,"turns":2},{"damage":15,"enemies":"downfall:FleeingMerchant","floor":16,"turns":4},{"damage":9,"enemies":"Jaw Worm","floor":17,"turns":2},{"damage":40,"enemies":"downfall:Ironclad","floor":18,"turns":6},{"damage":30,"enemies":"Book of Stabbing","floor":21,"turns":4},{"damage":17,"enemies":"downfall:FleeingMerchant","floor":23,"turns":4},{"damage":20,"enemies":"Replay:Snechameleon","floor":24,"turns":2},{"damage":3,"enemies":"Chosen","floor":25,"turns":2},{"damage":23,"enemies":"Gremlin Leader","floor":28,"turns":3},{"damage":21,"enemies":"downfall:FaceTrader","floor":30,"turns":3},{"damage":26,"enemies":"Spheric Guardian","floor":31,"turns":3},{"damage":27,"enemies":"downfall:FleeingMerchant","floor":32,"turns":2},{"damage":9,"enemies":"Centurion and Healer","floor":33,"turns":2},{"damage":24,"enemies":"Sentry and Sphere","floor":34,"turns":3},{"damage":40,"enemies":"downfall:Defect","floor":35,"turns":4},{"damage":48,"enemies":"R_Hoarder","floor":38,"turns":3},{"damage":24,"enemies":"Orb Walker","floor":41,"turns":2},{"damage":64,"enemies":"Reptomancer","floor":42,"turns":2}],"seed_played":"7074285668411377894","potions_obtained":[{"floor":5,"key":"Dexterity Potion"},{"floor":10,"key":"Adrenaline Potion"},{"floor":11,"key":"Weak Potion"},{"floor":11,"key":"Elixir"},{"floor":14,"key":"hexamod:EctoCoolerPotion"},{"floor":15,"key":"Slimebound:SlimyTonguePotion"},{"floor":16,"key":"SkillPotion"},{"floor":18,"key":"LiquidBronze"},{"floor":21,"key":"Elixir"},{"floor":23,"key":"SteroidPotion"},{"floor":24,"key":"Slimebound:SlimyTonguePotion"},{"floor":28,"key":"Slimebound:SlimedPotion"},{"floor":30,"key":"Slimebound:SlimedPotion"},{"floor":32,"key":"SkillPotion"},{"floor":33,"key":"Guardian:BlockOnCardUsePotion"},{"floor":35,"key":"FearPotion"}],"is_trial":false,"path_per_floor":["R","M","?","?","E","R","T","R","?","E","?","PTL","PTL","?","M","$","M","B",null,"R","E","?","$","E","M","T","R","E","R","?","M","$","M","M","B",null,"R","E","$","?","M","E"],"character_chosen":"SLIMEBOUND","items_purchased":["Membership Card","Sling","Slimebound:BestDefense","PreservedInsect","hubris:EmptyBottle","Replay:Baseball","hubris:SphereOfDissonance","Grinning Jar","ReplayTheSpireMod:TigerMarble","TheAbacus","Replay:Towering Pillar of Hats"],"campfire_rested":0,"item_purchase_floors":[16,16,16,23,23,32,32,32,39,39,39],"current_hp_per_floor":[39,43,43,43,34,34,34,34,34,44,44,44,44,57,59,53,56,40,60,60,52,52,58,56,57,57,57,58,56,47,50,58,59,60,59,59,59,56,56,42,51,0,0],"gold":505,"neow_bonus":"ONE_RARE_RELIC","is_daily":false,"chose_seed":false,"campfire_upgraded":7,"win_rate":0.0,"timestamp":1608099198,"path_taken":["R","M","?","?","E","R","T","R","?","E","?","PTL","PTL","?","M","$","M","BOSS","R","E","?","$","E","M","T","R","E","R","?","M","$","?","M","BOSS","R","E","$","?","M","E"],"items_purchased_type":["Relic","Relic","Card","Relic","Relic","Relic","Relic","Relic","Relic","Relic","Relic"],"build_version":"2020-11-17","purchased_purges":4,"victory":false,"max_hp_per_floor":[60,60,60,60,60,60,60,60,60,60,60,60,60,60,60,60,60,60,60,60,60,58,58,58,58,58,58,58,56,56,57,58,59,60,59,59,59,60,58,58,59,57,57],"card_choices":[{"not_picked":["Slimebound:SlimeBrawl","Slimebound:SplitLeeching"],"picked":"Slimebound:Prepare","floor":2},{"not_picked":["Slimebound:LevelUp","Slimebound:FlameTackle"],"picked":"Slimebound:SlimeSlap","floor":5},{"not_picked":["Slimebound:GoopSpray","Slimebound:Schlurp","Slimebound:FinishingTackle"],"picked":"SKIP","floor":5},{"not_picked":["Slimebound:GoopSpray","Slimebound:FinishingTackle"],"picked":"Slimebound:Schlurp","floor":5},{"not_picked":["Slimebound:OneTwoCombo","Slimebound:SamplingLick"],"picked":"Slimebound:ComboTackle","floor":10},{"not_picked":["Slimebound:SamplingLick","Slimebound:SplitAcid","Slimebound:DivideAndConquer"],"picked":"SKIP","floor":10},{"not_picked":["Slimebound:SplitMire","Slimebound:ServeAndProtect","Slimebound:LeechEnergy"],"picked":"SKIP","floor":15},{"not_picked":["Slimebound:SplitLeeching","Slimebound:FormOfPuddle","Slimebound:LeechEnergy"],"picked":"SKIP","floor":16},{"not_picked":["Slimebound:BestDefense","Slimebound:FinishingTackle"],"picked":"Slimebound:GoopTackle","floor":17},{"not_picked":["Slimebound:DouseInSlime","Slimebound:Overexert"],"picked":"Slimebound:PrepareCrush","floor":18},{"not_picked":["Slimebound:LevelUp","Slimebound:Replication","Slimebound:SplitAcid"],"picked":"SKIP","floor":21},{"not_picked":["Slimebound:Darklings","Slimebound:SamplingLick","Slimebound:Equalize"],"picked":"SKIP","floor":23},{"not_picked":["Slimebound:BestDefense","Slimebound:SamplingLick","Slimebound:DivideAndConquer"],"picked":"SKIP","floor":24},{"not_picked":["Slimebound:Grow","Slimebound:ComboTackle","Slimebound:RollThrough"],"picked":"SKIP","floor":25},{"not_picked":["Slimebound:SlimeBarrage","Slimebound:SplitLeeching","Slimebound:SplitMire"],"picked":"SKIP","floor":28},{"not_picked":["Slimebound:Dissolve","Slimebound:TongueLash+1","Slimebound:PressTheAttack"],"picked":"SKIP","floor":31},{"not_picked":["Slimebound:DuplicatedForm","Slimebound:HungryTackle+1","Slimebound:SplitLeeching"],"picked":"SKIP","floor":32},{"not_picked":["Slimebound:PressTheAttack","Slimebound:SplitMire","Slimebound:ComboTackle+1"],"picked":"SKIP","floor":33},{"not_picked":["Slimebound:SplitMire","Slimebound:ComboTackle","Slimebound:HungryTackle"],"picked":"SKIP","floor":34},{"not_picked":["Slimebound:PrepareCrush","Slimebound:MinionMaster"],"picked":"Slimebound:Recycling","floor":35},{"not_picked":["Slimebound:LeechingTouch","Slimebound:SamplingLick+1","Slimebound:ServeAndProtect+1"],"picked":"SKIP","floor":38},{"not_picked":["Slimebound:DivideAndConquer+1","Slimebound:LevelUp","Slimebound:DisruptingSlam+1"],"picked":"SKIP","floor":41}],"player_experience":18611,"relics_obtained":[{"floor":5,"key":"Replay:Accelerometer"},{"floor":7,"key":"Simple Rune"},{"floor":10,"key":"Counterbalance"},{"floor":11,"key":"Ring of Hypnosis"},{"floor":11,"key":"ReplayTheSpireMod:Ring of Addiction"},{"floor":11,"key":"Potion Belt"},{"floor":11,"key":"White Beast Statue"},{"floor":21,"key":"Lantern"},{"floor":24,"key":"Blue Doll"},{"floor":26,"key":"Slimebound:AggressiveSlimeRelic"},{"floor":28,"key":"Replay:Bottled Eggs"},{"floor":30,"key":"downfall:CloakOfManyFaces"},{"floor":38,"key":"Toxic Egg 2"},{"floor":40,"key":"Centennial Puzzle"}],"event_choices":[{"damage_healed":0,"gold_gain":0,"player_choice":"Box","damage_taken":0,"relics_obtained":["Replay:WaspNest"],"max_hp_gain":0,"max_hp_loss":0,"event_name":"Big Fish","floor":4,"gold_loss":0,"cards_obtained":["Regret"]},{"damage_healed":0,"gold_gain":0,"player_choice":"Read","damage_taken":0,"max_hp_gain":0,"max_hp_loss":0,"event_name":"The Library","floor":22,"gold_loss":0,"cards_obtained":["Slimebound:FlameTackle"]}],"is_beta":true,"boss_relics":[{"not_picked":["Replay:Drink Me","Honey Jar"],"picked":"Slimebound:TarBlob"},{"not_picked":["Tiny House","hubris:HollowSoul"],"picked":"Empty Cage"}],"items_purged_floors":[16,23,32,39],"is_endless":false,"potions_floor_spawned":[5,10,14,15,16,17,18,21,23,24,25,28,30,31,32,33,34,35,38,41],"killed_by":"Reptomancer","ascension_level":0}}