{"host":"f5n4tidiz2n5sooh","time":1608106561,"event":{"mods":["BaseMod","Colored Map","Minty Spire (QoL Compilation)","Relic Stats","StSLib"],"gold_per_floor":[99,41,41,41,41,41,41,41,41,41,41,41],"floor_reached":11,"playtime":336,"items_purged":[],"score":162,"play_id":"65da956d-0479-42bd-bcbc-693cc8e64559","local_time":"20201216021601","is_ascension_mode":true,"campfire_choices":[{"floor":7,"key":"REST"}],"circlet_count":0,"master_deck":["AscendersBane","Strike_B","Strike_B","Strike_B","Strike_B","Defend_B","Defend_B","Defend_B","Defend_B","Zap","Dualcast","Steam","Defragment","Beam Cell","Darkness","Lockon"],"relics":["Ectoplasm","Letter Opener","CeramicFish","Happy Flower"],"acts_visited":["Exordium"],"potions_floor_usage":[6,8,11],"damage_taken":[{"damage":2,"enemies":"Jaw Worm","floor":1,"turns":3},{"damage":3,"enemies":"Small Slimes","floor":3,"turns":4},{"damage":0,"enemies":"2 Louse","floor":4,"turns":4},{"damage":55,"enemies":"3 Sentries","floor":6,"turns":10},{"damage":6,"enemies":"Lagavulin","floor":8,"turns":6},{"damage":40,"enemies":"Gremlin Nob","floor":11,"turns":3}],"seed_played":"4896398916862345546","potions_obtained":[{"floor":3,"key":"Dexterity Potion"},{"floor":4,"key":"Dexterity Potion"},{"floor":8,"key":"Strength Potion"}],"is_trial":false,"path_per_floor":["M","?","M","M","?","E","R","E","T","$","E"],"character_chosen":"DEFECT","items_purchased":[],"campfire_rested":1,"item_purchase_floors":[],"current_hp_per_floor":[62,62,59,59,59,4,25,19,19,19,0,0],"gold":41,"neow_bonus":"BOSS_RELIC","is_daily":false,"chose_seed":false,"campfire_upgraded":0,"win_rate":0.0,"timestamp":1608106561,"path_taken":["M","?","M","M","?","E","R","E","T","$","E"],"items_purchased_type":[],"build_version":"2020-12-13","purchased_purges":0,"victory":false,"max_hp_per_floor":[71,71,71,71,71,71,71,71,71,71,71,71],"relic_stats":{"Happy Flower":[1],"counters":[6,30],"CeramicFish":0,"Ectoplasm":167,"Letter Opener":[15],"obtain_stats":[{"Happy Flower":9,"CeramicFish":8,"Ectoplasm":0,"Letter Opener":6,"Cracked Core":0},{"Happy Flower":5,"CeramicFish":5,"Ectoplasm":0,"Letter Opener":4,"Cracked Core":0},{"Happy Flower":27,"CeramicFish":27,"Ectoplasm":0,"Letter Opener":21,"Cracked Core":0}]},"card_choices":[{"not_picked":["Double Energy","Turbo"],"picked":"Steam","floor":1},{"not_picked":["Reprogram","Rebound"],"picked":"Defragment","floor":3},{"not_picked":["Gash","Heatsinks"],"picked":"Beam Cell","floor":4},{"not_picked":["Heatsinks","Sweeping Beam"],"picked":"Darkness","floor":6},{"not_picked":["FTL","Turbo"],"picked":"Lockon","floor":8}],"player_experience":1893823,"relics_obtained":[{"floor":6,"key":"Letter Opener"},{"floor":8,"key":"CeramicFish"},{"floor":9,"key":"Happy Flower"}],"event_choices":[{"damage_healed":0,"gold_gain":0,"player_choice":"Left Gold","damage_taken":0,"max_hp_gain":0,"max_hp_loss":0,"event_name":"World of Goop","floor":2,"gold_loss":58},{"damage_healed":0,"gold_gain":0,"player_choice":"Ignored","damage_taken":0,"max_hp_gain":0,"max_hp_loss":0,"event_name":"Liars Game","floor":5,"gold_loss":0}],"is_beta":false,"boss_relics":[],"items_purged_floors":[],"is_endless":false,"potions_floor_spawned":[3,4,8],"killed_by":"Gremlin Nob","ascension_level":20}}