{"host":"6wux4armhsntp4yb","time":1608151799,"event":{"mods":["BaseMod","Colored Map","DeckTracker","Minty Spire (QoL Compilation)","Relic Stats"],"gold_per_floor":[361,440,12,23,33,33,52,52,52,52,62,74,74,91,91,169,169,179,179,179,179,196,196,216,251,321,321,23,23,42,73,73,148,148,160,160,185,185,96,128,128,143,170,197,208,227,261,100,100,100,100,100,100,0,28,28],"floor_reached":57,"playtime":4743,"items_purged":["Decay","Strike_G+1"],"score":2825,"play_id":"fead8a44-86e6-4c0e-9dbf-c31e98d605b9","local_time":"20201217054959","is_ascension_mode":true,"campfire_choices":[{"data":"Neutralize","floor":6.0,"key":"SMITH"},{"data":"Deadly Poison","floor":8.0,"key":"SMITH"},{"data":"Dagger Spray","floor":10.0,"key":"SMITH"},{"data":"Terror","floor":13.0,"key":"SMITH"},{"data":"Cloak And Dagger","floor":15.0,"key":"SMITH"},{"data":"Prepared","floor":23.0,"key":"SMITH"},{"data":"PiercingWail","floor":27.0,"key":"SMITH"},{"data":"Backflip","floor":29.0,"key":"SMITH"},{"data":"Dodge and Roll","floor":32.0,"key":"SMITH"},{"floor":41.0,"key":"REST"},{"floor":49.0,"key":"RECALL"},{"floor":53.0,"key":"REST"}],"circlet_count":0,"master_deck":["AscendersBane","Strike_G+1","Defend_G+1","Defend_G+1","Defend_G+1","Defend_G+1","Defend_G+1","Survivor","Neutralize+1","Backstab","Cloak And Dagger+1","Deadly Poison+1","Dagger Spray+1","Terror+1","Escape Plan","Dagger Spray","Wraith Form v2+1","Backflip+1","Noxious Fumes+1","Choke","Outmaneuver","Prepared+1","Infinite Blades+1","PiercingWail+1","Deflect","Dodge and Roll+1","Venomology","Backflip","Master of Strategy","Finesse","Deep Breath","Backflip","Well Laid Plans+1","Venomology","Dodge and Roll+1","Heel Hook+1","Infinite Blades+1","Well Laid Plans+1","Backflip+1"],"relics":["Ring of the Snake","White Beast Statue","OrangePellets","Blood Vial","Frozen Egg 2","HoveringKite","Potion Belt","Meat on the Bone","Kunai","Red Mask","Fusion Hammer","Lizard Tail","Molten Egg 2","Blue Candle","Mummified Hand","ClockworkSouvenir","Pocketwatch"],"acts_visited":["Exordium","TheCity","TheBeyond","TheEnding"],"potions_floor_usage":[56,56,56,56,56,56,56,56,56,56,56,56,56,56],"damage_taken":[{"damage":8.0,"enemies":"Cultist","floor":1.0,"turns":5.0},{"damage":0.0,"enemies":"Small Slimes","floor":4.0,"turns":4.0},{"damage":0.0,"enemies":"2 Louse","floor":5.0,"turns":2.0},{"damage":0.0,"enemies":"Blue Slaver","floor":7.0,"turns":5.0},{"damage":3.0,"enemies":"3 Louse","floor":11.0,"turns":5.0},{"damage":0.0,"enemies":"Looter","floor":12.0,"turns":3.0},{"damage":0.0,"enemies":"Blue Slaver","floor":14.0,"turns":3.0},{"damage":16.0,"enemies":"The Guardian","floor":16.0,"turns":11.0},{"damage":2.0,"enemies":"Shell Parasite","floor":18.0,"turns":4.0},{"damage":1.0,"enemies":"3 Byrds","floor":22.0,"turns":6.0},{"damage":0.0,"enemies":"Centurion and Healer","floor":24.0,"turns":8.0},{"damage":3.0,"enemies":"Slavers","floor":25.0,"turns":3.0},{"damage":1.0,"enemies":"Snecko","floor":30.0,"turns":6.0},{"damage":11.0,"enemies":"Masked Bandits","floor":31.0,"turns":6.0},{"damage":54.0,"enemies":"Champ","floor":33.0,"turns":21.0},{"damage":1.0,"enemies":"Orb Walker","floor":35.0,"turns":5.0},{"damage":7.0,"enemies":"Mind Bloom Boss Battle","floor":37.0,"turns":7.0},{"damage":2.0,"enemies":"Reptomancer","floor":40.0,"turns":6.0},{"damage":3.0,"enemies":"3 Shapes","floor":42.0,"turns":3.0},{"damage":0.0,"enemies":"Nemesis","floor":44.0,"turns":9.0},{"damage":8.0,"enemies":"Jaw Worm Horde","floor":45.0,"turns":4.0},{"damage":7.0,"enemies":"Writhing Mass","floor":46.0,"turns":7.0},{"damage":1.0,"enemies":"Giant Head","floor":47.0,"turns":9.0},{"damage":0.0,"enemies":"Awakened One","floor":50.0,"turns":20.0},{"damage":50.0,"enemies":"Time Eater","floor":51.0,"turns":11.0},{"damage":22.0,"enemies":"Shield and Spear","floor":55.0,"turns":8.0},{"damage":38,"enemies":"The Heart","floor":56,"turns":9}],"seed_played":"7356997205598319769","potions_obtained":[{"floor":4.0,"key":"BlessingOfTheForge"},{"floor":5.0,"key":"GhostInAJar"},{"floor":7.0,"key":"Dexterity Potion"},{"floor":16.0,"key":"SpeedPotion"},{"floor":18.0,"key":"LiquidMemories"},{"floor":24.0,"key":"SteroidPotion"},{"floor":25.0,"key":"SteroidPotion"},{"floor":30.0,"key":"LiquidMemories"},{"floor":31.0,"key":"EssenceOfSteel"},{"floor":33.0,"key":"AttackPotion"},{"floor":35.0,"key":"SpeedPotion"},{"floor":40.0,"key":"Explosive Potion"},{"floor":42.0,"key":"CultistPotion"},{"floor":45.0,"key":"SpeedPotion"},{"floor":46.0,"key":"SpeedPotion"},{"floor":47.0,"key":"SpeedPotion"},{"floor":55.0,"key":"Explosive Potion"}],"is_trial":false,"path_per_floor":["M","T","$","M","M","R","M","R","T","R","M","M","R","M","R","B",null,"M","?","?","?","M","R","M","E","T","R","$","R","M","?","R","B",null,"M","?","?","?","$","E","R","M","T","E","M","M","E","$","R","B","B",null,"R","$","E","B",null],"character_chosen":"THE_SILENT","items_purchased":["OrangePellets","Blood Vial","Cloak And Dagger","Kunai","Deflect","Well Laid Plans+1","ClockworkSouvenir"],"campfire_rested":2,"item_purchase_floors":[3,3,3,28,28,39,48],"current_hp_per_floor":[51,51,51,53,55,55,57,57,57,57,56,58,58,60,60,46,61,61,61,61,61,62,62,64,63,63,63,63,63,64,55,55,15,53,54,44,39,39,39,39,58,57,57,59,53,48,64,64,64,66,28,57,66,66,44,20],"gold":28,"neow_bonus":"TWO_FIFTY_GOLD","is_daily":false,"chose_seed":false,"campfire_upgraded":9,"win_rate":0.0,"timestamp":1608151799,"path_taken":["M","?","$","M","M","R","M","R","T","R","M","M","R","M","R","BOSS","M","?","?","?","M","R","M","E","T","R","$","R","M","?","R","BOSS","M","?","?","?","$","E","R","M","T","E","M","M","E","?","R","BOSS","BOSS","R","$","E","BOSS"],"items_purchased_type":["Relic","Relic","Card","Relic","Card","Card","Relic"],"build_version":"2020-12-13","purchased_purges":2,"victory":true,"max_hp_per_floor":[66,66,66,66,66,66,66,66,66,66,66,66,66,66,66,66,66,66,66,66,66,66,66,66,66,66,66,66,66,66,66,66,66,66,66,66,66,66,66,66,66,66,66,66,66,66,66,66,66,66,66,66,66,66,66,66],"relic_stats":{"Blood Vial":48,"OrangePellets":[36],"Lizard Tail":0,"counters":[27,190],"Mummified Hand":[22],"Blue Candle":[0],"HoveringKite":[48],"Kunai":[93],"obtain_stats":[{"Potion Belt":25,"Blue Candle":44,"HoveringKite":17,"Frozen Egg 2":9,"White Beast Statue":2,"ClockworkSouvenir":48,"Blood Vial":3,"OrangePellets":3,"Lizard Tail":37,"Mummified Hand":47,"Molten Egg 2":40,"Fusion Hammer":34,"Red Mask":31,"Kunai":28,"Ring of the Snake":0,"Meat on the Bone":26,"Pocketwatch":55},{"Potion Belt":12,"Blue Candle":20,"HoveringKite":8,"Frozen Egg 2":4,"White Beast Statue":1,"ClockworkSouvenir":23,"Blood Vial":1,"OrangePellets":1,"Lizard Tail":17,"Mummified Hand":23,"Molten Egg 2":18,"Fusion Hammer":15,"Red Mask":14,"Kunai":12,"Ring of the Snake":0,"Meat on the Bone":12,"Pocketwatch":26},{"Potion Belt":59,"Blue Candle":122,"HoveringKite":38,"Frozen Egg 2":16,"White Beast Statue":5,"ClockworkSouvenir":142,"Blood Vial":5,"OrangePellets":5,"Lizard Tail":104,"Mummified Hand":142,"Molten Egg 2":110,"Fusion Hammer":92,"Red Mask":71,"Kunai":59,"Ring of the Snake":0,"Meat on the Bone":59,"Pocketwatch":181}],"Ring of the Snake":[54],"Meat on the Bone":36,"Pocketwatch":[0]},"card_choices":[{"not_picked":["Outmaneuver","Dagger Throw"],"picked":"Backstab","floor":1.0},{"not_picked":["Slice","Distraction","Poisoned Stab"],"picked":"SKIP","floor":4.0},{"not_picked":["Reflex","Blade Dance"],"picked":"Deadly Poison","floor":5.0},{"not_picked":["Poisoned Stab","Outmaneuver"],"picked":"Dagger Spray","floor":7.0},{"not_picked":["Concentrate","Cloak And Dagger"],"picked":"Terror","floor":11.0},{"not_picked":["All Out Attack","Slice"],"picked":"Escape Plan","floor":12.0},{"not_picked":["Dagger Throw","Underhanded Strike"],"picked":"Dagger Spray","floor":14.0},{"not_picked":["A Thousand Cuts+1","Tools of the Trade+1"],"picked":"Wraith Form v2+1","floor":16.0},{"not_picked":["Setup","Outmaneuver"],"picked":"Backflip","floor":18.0},{"not_picked":["Quick Slash","Choke"],"picked":"Prepared","floor":22.0},{"not_picked":["Deflect","Heel Hook"],"picked":"Infinite Blades+1","floor":24.0},{"not_picked":["Backstab","Expertise"],"picked":"PiercingWail","floor":25.0},{"not_picked":["Dash","Quick Slash+1"],"picked":"Dodge and Roll","floor":30.0},{"not_picked":["Corpse Explosion","Phantasmal Killer"],"picked":"Venomology","floor":33.0},{"not_picked":["Quick Slash+1","Bane"],"picked":"Backflip","floor":35.0},{"not_picked":["Bandage Up","Magnetism+1"],"picked":"Master of Strategy","floor":36.0},{"not_picked":["PanicButton","Bandage Up"],"picked":"Finesse","floor":36.0},{"not_picked":["Flash of Steel","Magnetism+1"],"picked":"Deep Breath","floor":36.0},{"not_picked":["Poisoned Stab","Concentrate"],"picked":"Backflip","floor":37.0},{"not_picked":["Slice+1","Bane+1"],"picked":"Venomology","floor":40.0},{"not_picked":["Endless Agony+1","Skewer+1"],"picked":"Dodge and Roll+1","floor":42.0},{"not_picked":["Bane+1","Crippling Poison","Heel Hook+1"],"picked":"SKIP","floor":44.0},{"not_picked":["Bane+1","Crippling Poison","Heel Hook+1"],"picked":"SKIP","floor":44.0},{"not_picked":["Bane+1","Crippling Poison"],"picked":"Heel Hook+1","floor":44.0},{"not_picked":["Skewer+1","Dagger Spray+1","Bane+1"],"picked":"SKIP","floor":45.0},{"not_picked":["Skewer+1","Dagger Spray+1","Bane+1"],"picked":"SKIP","floor":45.0},{"not_picked":["Cloak And Dagger","Footwork+1"],"picked":"Infinite Blades+1","floor":46.0},{"not_picked":["Leg Sweep","Poisoned Stab+1"],"picked":"Well Laid Plans+1","floor":47.0},{"not_picked":["Predator+1","Blade Dance"],"picked":"Backflip+1","floor":55.0}],"player_experience":5655335,"relics_obtained":[{"floor":2.0,"key":"White Beast Statue"},{"floor":9.0,"key":"Frozen Egg 2"},{"floor":25.0,"key":"Potion Belt"},{"floor":26.0,"key":"Meat on the Bone"},{"floor":31.0,"key":"Red Mask"},{"floor":37.0,"key":"Lizard Tail"},{"floor":40.0,"key":"Molten Egg 2"},{"floor":44.0,"key":"Blue Candle"},{"floor":47.0,"key":"Mummified Hand"},{"floor":55.0,"key":"Pocketwatch"}],"event_choices":[{"damage_healed":0.0,"max_hp_gain":0.0,"max_hp_loss":0.0,"gold_gain":0.0,"event_name":"The Library","player_choice":"Read","floor":19.0,"gold_loss":0.0,"damage_taken":0.0,"cards_obtained":["Noxious Fumes"]},{"damage_healed":0.0,"max_hp_gain":0.0,"max_hp_loss":0.0,"gold_gain":0.0,"event_name":"Back to Basics","player_choice":"Simplicity","floor":20.0,"gold_loss":0.0,"damage_taken":0.0,"cards_upgraded":["Strike_G","Strike_G","Strike_G","Strike_G","Strike_G","Defend_G","Defend_G","Defend_G","Defend_G","Defend_G"]},{"damage_healed":0.0,"max_hp_gain":0.0,"max_hp_loss":0.0,"gold_gain":0.0,"cards_transformed":["Strike_G","Strike_G"],"event_name":"Drug Dealer","player_choice":"Became Test Subject","floor":21.0,"gold_loss":0.0,"damage_taken":0.0,"cards_obtained":["Choke","Outmaneuver"]},{"damage_healed":0.0,"max_hp_gain":0.0,"max_hp_loss":0.0,"gold_gain":0.0,"event_name":"Masked Bandits","player_choice":"Fought Bandits","floor":31.0,"gold_loss":0.0,"damage_taken":0.0},{"damage_healed":0.0,"max_hp_gain":0.0,"max_hp_loss":0.0,"gold_gain":0.0,"event_name":"SensoryStone","player_choice":"Memory 3","floor":36.0,"gold_loss":0.0,"damage_taken":10.0},{"damage_healed":0.0,"max_hp_gain":0.0,"max_hp_loss":0.0,"gold_gain":0.0,"event_name":"MindBloom","player_choice":"Fight","floor":37.0,"gold_loss":0.0,"damage_taken":0.0},{"cards_removed":["Strike_G"],"damage_healed":0.0,"max_hp_gain":0.0,"max_hp_loss":0.0,"gold_gain":0.0,"event_name":"Falling","player_choice":"Removed Attack","floor":38.0,"gold_loss":0.0,"damage_taken":0.0}],"is_beta":false,"boss_relics":[{"not_picked":["Tiny House","Philosopher\u0027s Stone"],"picked":"HoveringKite"},{"not_picked":["Pandora\u0027s Box","Calling Bell"],"picked":"Fusion Hammer"}],"items_purged_floors":[3,54],"is_endless":false,"potions_floor_spawned":[4,5,7,11,12,14,16,18,22,24,25,30,31,33,35,37,40,42,44,45,46,47,55],"ascension_level":20}}