{"host":"wsi8noc0n5jxahbu","time":1608082822,"event":{"mods":["BaseMod","Better Altar","Better Match","Better Note","Better Sensory Stone","Better Skull","Better Third Choice","BetterRewards","Colored Map","Custom Start","Highlight Path","Minty Spire (QoL Compilation)","Permanent Neow","Relic Filter","StSLib"],"gold_per_floor":[113,42,53,53,53,53,78,101,127,142,166,166,221,0,0,121,121,134,134,149,72,72,72,97,97,97],"floor_reached":25,"playtime":1417,"items_purged":[],"score":218,"play_id":"b05ef81f-fe0a-4261-8d5b-760f32bedc1a","local_time":"20201215204022","is_ascension_mode":false,"campfire_choices":[{"data":"Setup","floor":6,"key":"SMITH"},{"data":"Envenom","floor":15,"key":"SMITH"}],"circlet_count":0,"master_deck":["Defend_G","Defend_G","Defend_G","Defend_G","Defend_G","Survivor","Neutralize","Setup+1","Distraction","Deadly Poison","Outmaneuver","Poisoned Stab","Backflip","Regret","Dash","Dash","Bane","Footwork","Parasite","Envenom+1","Riddle With Holes","Adrenaline","Infinite Blades+1","Flechettes+1","Catalyst","Bite","Bite","Bite","Bite","Bite"],"relics":["Ring of the Serpent","TwistedFunnel","Paper Crane","Golden Idol","Anchor"],"acts_visited":["Exordium","TheCity"],"potions_floor_usage":[11,16,16,20,24,24],"damage_taken":[{"damage":0,"enemies":"Cultist","floor":1,"turns":3},{"damage":0,"enemies":"2 Louse","floor":3,"turns":2},{"damage":8,"enemies":"Jaw Worm","floor":7,"turns":3},{"damage":0,"enemies":"Exordium Wildlife","floor":8,"turns":2},{"damage":0,"enemies":"Blue Slaver","floor":10,"turns":3},{"damage":8,"enemies":"Large Slime","floor":11,"turns":7},{"damage":18,"enemies":"Hexaghost","floor":16,"turns":10},{"damage":6,"enemies":"Shell Parasite","floor":18,"turns":5},{"damage":0,"enemies":"Spheric Guardian","floor":20,"turns":3},{"damage":23,"enemies":"3 Cultists","floor":24,"turns":5},{"damage":0,"enemies":"Slavers","floor":25,"turns":1}],"seed_played":"2452041729149524264","potions_obtained":[{"floor":1,"key":"LiquidMemories"},{"floor":8,"key":"Block Potion"},{"floor":16,"key":"EntropicBrew"},{"floor":18,"key":"Energy Potion"}],"is_trial":false,"path_per_floor":["M","$","M","?","?","R","M","M","T","M","M","?","?","$","R","B",null,"M","?","M","$","?","?","M","E"],"character_chosen":"THE_SILENT","items_purchased":["Setup","Distraction","TwistedFunnel","Outmaneuver","Poisoned Stab","Envenom","Riddle With Holes","Catalyst"],"campfire_rested":0,"item_purchase_floors":[0,0,0,2,2,14,14,21],"current_hp_per_floor":[70,70,70,70,53,53,45,45,45,45,37,54,54,54,54,36,70,64,64,64,64,49,49,30,30,30],"gold":97,"neow_bonus":"","is_daily":false,"chose_seed":false,"campfire_upgraded":2,"win_rate":0.0,"timestamp":1608082822,"path_taken":["M","?","M","?","?","R","M","M","T","M","?","?","?","$","R","BOSS","M","?","M","$","?","?","M","E"],"items_purchased_type":["Card","Card","Relic","Card","Card","Card","Card","Card"],"build_version":"2020-12-13","purchased_purges":0,"victory":false,"max_hp_per_floor":[70,70,70,70,70,70,70,70,70,70,70,70,70,70,70,70,70,70,70,70,70,49,49,49,49,49],"card_choices":[{"not_picked":["Catalyst","Flying Knee"],"picked":"Deadly Poison","floor":1},{"not_picked":["Blade Dance","Backflip","Quick Slash"],"picked":"SKIP","floor":3},{"not_picked":["Blade Dance","Quick Slash"],"picked":"Backflip","floor":3},{"not_picked":["Sucker Punch","Dagger Throw"],"picked":"Dash","floor":7},{"not_picked":["Dagger Spray","Riddle With Holes"],"picked":"Dash","floor":8},{"not_picked":["Concentrate","Grand Finale"],"picked":"Bane","floor":10},{"not_picked":["Prepared","Bane"],"picked":"Footwork","floor":11},{"not_picked":["Bullet Time","Venomology"],"picked":"Adrenaline","floor":16},{"not_picked":["Reflex","Expertise"],"picked":"Infinite Blades+1","floor":18},{"not_picked":["Prepared+1","Backstab"],"picked":"Flechettes+1","floor":20},{"not_picked":["Deadly Poison+1","Dagger Throw","Underhanded Strike"],"picked":"SKIP","floor":24}],"player_experience":395315,"relics_obtained":[{"floor":9,"key":"Anchor"}],"event_choices":[{"damage_healed":0,"gold_gain":0,"player_choice":"Box","damage_taken":0,"relics_obtained":["Paper Crane"],"max_hp_gain":0,"max_hp_loss":0,"event_name":"Big Fish","floor":4,"gold_loss":0,"cards_obtained":["Regret"]},{"damage_healed":0,"gold_gain":0,"player_choice":"Take Damage","damage_taken":17,"relics_obtained":["Golden Idol"],"max_hp_gain":0,"max_hp_loss":0,"event_name":"Golden Idol","floor":5,"gold_loss":0},{"damage_healed":17,"gold_gain":0,"player_choice":"Healed and dodged fight","damage_taken":0,"max_hp_gain":0,"max_hp_loss":0,"event_name":"Mushrooms","floor":12,"gold_loss":0,"cards_obtained":["Parasite"]},{"damage_healed":0,"gold_gain":55,"player_choice":"Gained Gold","damage_taken":0,"max_hp_gain":0,"max_hp_loss":0,"event_name":"Golden Wing","floor":13,"gold_loss":0},{"cards_removed":["Setup"],"damage_healed":0,"gold_gain":0,"player_choice":"Give","damage_taken":0,"max_hp_gain":0,"max_hp_loss":0,"event_name":"betterNote:BetterNote","floor":19,"gold_loss":0,"cards_obtained":["None"]},{"damage_healed":0,"gold_gain":0,"player_choice":"Became a vampire","damage_taken":0,"max_hp_gain":0,"max_hp_loss":21,"event_name":"Vampires","floor":22,"gold_loss":0,"cards_obtained":["Bite","Bite","Bite","Bite","Bite"]},{"damage_healed":0,"gold_gain":0,"player_choice":"Bought 0 Potions","damage_taken":0,"max_hp_gain":0,"max_hp_loss":0,"event_name":"The Woman in Blue","floor":23,"gold_loss":0}],"is_beta":false,"boss_relics":[{"not_picked":["Cursed Key","Fusion Hammer"],"picked":"Ring of the Serpent"}],"items_purged_floors":[],"is_endless":false,"potions_floor_spawned":[1,8,16,18],"killed_by":"Slavers","ascension_level":0}}