{"host":"wha9hktbkslqvblg","time":1608081771,"event":{"mods":["BaseMod","Colored Map","Minty Spire (QoL Compilation)","Relic Stats","SuperFastMode","everything is the same but u backflip on backflip"],"gold_per_floor":[109,109,184,184,184,218,218,228,304,318,334,115,147,162,162,239,239,253,253,263,82,82,82,111,129,203,203,2,16,16,32,32,106,106,124,139,1138,1138,590,590,590],"floor_reached":40,"playtime":814,"items_purged":["Strike_R","Strike_R","Doubt","Normality"],"score":1003,"play_id":"b9c724ab-267f-4070-bc2b-d5d33e132577","local_time":"20201216102251","is_ascension_mode":true,"campfire_choices":[{"data":"Offering","floor":7,"key":"SMITH"},{"data":"Blood for Blood","floor":15,"key":"SMITH"},{"data":"Bloodletting","floor":23,"key":"SMITH"},{"data":"Burning Pact","floor":30,"key":"SMITH"},{"floor":32,"key":"REST"}],"circlet_count":0,"master_deck":["AscendersBane","Strike_R","Strike_R","Defend_R","Defend_R","Defend_R","Defend_R+1","Bash+1","Wild Strike","Offering+1","Pommel Strike","Hemokinesis","Shrug It Off","Blood for Blood+1","Double Tap","Bloodletting+1","Offering+1","Evolve","Burning Pact+1","Second Wind","Dual Wield+1","Barricade","Normality"],"relics":["Black Blood","NeowsBlessing","FossilizedHelix","StrikeDummy","Dream Catcher","Cursed Key","Lizard Tail","Strawberry","Bronze Scales"],"acts_visited":["Exordium","TheCity","TheBeyond"],"potions_floor_usage":[13,16,16],"damage_taken":[{"damage":0,"enemies":"Small Slimes","floor":1,"turns":1},{"damage":0,"enemies":"Gremlin Nob","floor":6,"turns":1},{"damage":0,"enemies":"2 Louse","floor":8,"turns":1},{"damage":0,"enemies":"Cultist","floor":10,"turns":2},{"damage":0,"enemies":"Looter","floor":11,"turns":2},{"damage":8,"enemies":"Lagavulin","floor":13,"turns":3},{"damage":2,"enemies":"Lots of Slimes","floor":14,"turns":3},{"damage":41,"enemies":"Hexaghost","floor":16,"turns":5},{"damage":2,"enemies":"Spheric Guardian","floor":18,"turns":2},{"damage":17,"enemies":"3 Byrds","floor":20,"turns":4},{"damage":14,"enemies":"Gremlin Leader","floor":24,"turns":3},{"damage":19,"enemies":"3 Cultists","floor":25,"turns":3},{"damage":11,"enemies":"Shelled Parasite and Fungi","floor":29,"turns":2},{"damage":5,"enemies":"Snake Plant","floor":31,"turns":2},{"damage":41,"enemies":"Automaton","floor":33,"turns":6},{"damage":25,"enemies":"3 Shapes","floor":35,"turns":4},{"damage":39,"enemies":"3 Darklings","floor":36,"turns":4},{"damage":21,"enemies":"Giant Head","floor":40,"turns":4}],"seed_played":"-8549149665176957502","potions_obtained":[{"floor":6,"key":"Regen Potion"},{"floor":10,"key":"LiquidMemories"},{"floor":14,"key":"AttackPotion"},{"floor":18,"key":"SteroidPotion"},{"floor":24,"key":"BlessingOfTheForge"},{"floor":31,"key":"Strength Potion"}],"is_trial":false,"path_per_floor":["M","?","?","?","?","E","R","M","T","M","M","$","E","M","R","B",null,"M","?","M","$","?","R","E","M","T","?","$","M","R","M","R","B",null,"M","M","?","?","$","E"],"character_chosen":"IRONCLAD","items_purchased":["Hemokinesis","Shrug It Off","Evolve","Burning Pact","Strawberry","Bronze Scales","Dexterity Potion"],"campfire_rested":1,"item_purchase_floors":[12,12,21,28,39,39,39],"current_hp_per_floor":[74,51,40,33,75,75,75,75,75,75,75,75,73,75,75,45,68,72,72,61,61,61,61,53,40,40,40,40,35,35,36,58,23,62,49,22,22,22,29,8,8],"gold":590,"neow_bonus":"THREE_ENEMY_KILL","is_daily":false,"chose_seed":false,"campfire_upgraded":4,"win_rate":0.0,"timestamp":1608081771,"path_taken":["M","?","?","?","?","E","R","?","T","M","M","$","E","M","R","BOSS","M","?","?","$","?","R","E","M","T","?","$","M","R","M","R","BOSS","M","M","?","?","$","E"],"items_purchased_type":["Card","Card","Card","Card","Relic","Relic","Potion"],"build_version":"2020-12-13","purchased_purges":4,"victory":false,"max_hp_per_floor":[75,75,75,75,75,75,75,75,75,75,75,75,75,75,75,75,75,75,75,75,75,75,75,75,75,75,75,75,75,75,75,75,75,75,75,75,75,75,82,82,82],"relic_stats":{"Dream Catcher":1,"Lizard Tail":0,"counters":[18,52],"Bronze Scales":[3],"Black Blood":88,"Cursed Key":1,"obtain_stats":[{"Dream Catcher":13,"Lizard Tail":24,"NeowsBlessing":0,"Strawberry":39,"Bronze Scales":39,"Black Blood":34,"StrikeDummy":9,"Cursed Key":17,"Burning Blood":0,"FossilizedHelix":6},{"Dream Catcher":6,"Lizard Tail":11,"NeowsBlessing":0,"Strawberry":17,"Bronze Scales":17,"Black Blood":15,"StrikeDummy":3,"Cursed Key":8,"Burning Blood":0,"FossilizedHelix":2},{"Dream Catcher":10,"Lizard Tail":27,"NeowsBlessing":0,"Strawberry":48,"Bronze Scales":48,"Black Blood":40,"StrikeDummy":3,"Cursed Key":18,"Burning Blood":0,"FossilizedHelix":2}]},"card_choices":[{"not_picked":["Shrug It Off","Reckless Charge"],"picked":"Wild Strike","floor":1},{"not_picked":["Infernal Blade","Clash"],"picked":"Offering","floor":6},{"not_picked":["Clash","Twin Strike"],"picked":"Pommel Strike","floor":8},{"not_picked":["Sever Soul","Clothesline","Cleave"],"picked":"SKIP","floor":10},{"not_picked":["Iron Wave","Twin Strike","Havoc"],"picked":"SKIP","floor":11},{"not_picked":["Inflame","Thunderclap"],"picked":"Blood for Blood","floor":13},{"not_picked":["Body Slam","Heavy Blade","Brutality"],"picked":"SKIP","floor":14},{"not_picked":["Fiend Fire","Impervious"],"picked":"Double Tap","floor":16},{"not_picked":["Entrench","Havoc"],"picked":"Bloodletting","floor":18},{"not_picked":["Wild Strike","Infernal Blade","Disarm+1"],"picked":"SKIP","floor":20},{"not_picked":["True Grit","Armaments","Feel No Pain"],"picked":"SKIP","floor":24},{"not_picked":["Combust","Sword Boomerang","Anger"],"picked":"SKIP","floor":25},{"not_picked":["Reckless Charge","Warcry"],"picked":"Second Wind","floor":29},{"not_picked":["Carnage","Iron Wave"],"picked":"Dual Wield+1","floor":31},{"not_picked":["Immolate","Demon Form"],"picked":"Barricade","floor":33},{"not_picked":["Inflame","Pommel Strike+1","Cleave"],"picked":"SKIP","floor":35},{"not_picked":["Armaments+1","Rupture","Wild Strike+1"],"picked":"SKIP","floor":36}],"player_experience":848557,"relics_obtained":[{"floor":6,"key":"FossilizedHelix"},{"floor":9,"key":"StrikeDummy"},{"floor":13,"key":"Dream Catcher"},{"floor":24,"key":"Lizard Tail"}],"event_choices":[{"damage_healed":0,"gold_gain":0,"player_choice":"Entered Light","damage_taken":23,"max_hp_gain":0,"max_hp_loss":0,"event_name":"Shining Light","floor":2,"gold_loss":0,"cards_upgraded":["Bash","Defend_R"]},{"damage_healed":0,"gold_gain":75,"player_choice":"Gather Gold","damage_taken":11,"max_hp_gain":0,"max_hp_loss":0,"event_name":"World of Goop","floor":3,"gold_loss":0},{"cards_removed":["Strike_R"],"damage_healed":0,"gold_gain":0,"player_choice":"Card Removal","damage_taken":7,"max_hp_gain":0,"max_hp_loss":0,"event_name":"Golden Wing","floor":4,"gold_loss":0},{"damage_healed":42,"gold_gain":0,"player_choice":"Full Heal","damage_taken":0,"max_hp_gain":0,"max_hp_loss":0,"event_name":"Wheel of Change","floor":5,"gold_loss":0},{"damage_healed":0,"gold_gain":0,"player_choice":"Copied","damage_taken":0,"max_hp_gain":0,"max_hp_loss":0,"event_name":"Duplicator","floor":19,"gold_loss":0,"cards_obtained":["Offering"]},{"damage_healed":0,"gold_gain":0,"player_choice":"Ignored","damage_taken":0,"max_hp_gain":0,"max_hp_loss":0,"event_name":"Vampires","floor":22,"gold_loss":0},{"damage_healed":0,"gold_gain":0,"player_choice":"Ignored","damage_taken":0,"max_hp_gain":0,"max_hp_loss":0,"event_name":"Cursed Tome","floor":27,"gold_loss":0},{"damage_healed":0,"gold_gain":999,"player_choice":"Gold","damage_taken":0,"max_hp_gain":0,"max_hp_loss":0,"event_name":"MindBloom","floor":37,"gold_loss":0,"cards_obtained":["Normality","Normality"]},{"damage_healed":0,"gold_gain":0,"player_choice":"Ignored","damage_taken":0,"max_hp_gain":0,"max_hp_loss":0,"event_name":"Tomb of Lord Red Mask","floor":38,"gold_loss":0}],"is_beta":false,"boss_relics":[{"not_picked":["Fusion Hammer","Coffee Dripper"],"picked":"Cursed Key"},{"not_picked":["Runic Dome","SlaversCollar"],"picked":"Black Blood"}],"items_purged_floors":[12,21,28,39],"is_endless":false,"potions_floor_spawned":[6,10,11,14,18,24,31],"killed_by":"Giant Head","ascension_level":20}}