{"host":"njruw0b0uprlitpx","time":1608139983,"event":{"mods":["2.2 Compatiblity","BaseMod","Better Altar","Better Match","Better Note","Better Sensory Stone","Better Skull","Better Third Choice","BetterRewards","Block Reminder","Colored Map","Colored Powertips","Energized Spire","Jedi Mod","Keyboard Shortcuts","Minty Spire (QoL Compilation)","Quick Restart","Relic Stats","Replay The Spire","SacredBarkPlus","Spicy Shops","StSLib","SuperFastMode","The Necromancer","Wandering Minibosses"],"gold_per_floor":[114,34,309,324,324,324,324,354,379,379,379,409,409,409,409,27,27,127,127,142,157,172,22,37,37,67,97,122,122,122,122,122,138,138,238,238,253,274,9,9,9,9,24,24,24,39,69,69,69,99,99,99],"floor_reached":53,"playtime":2327,"items_purged":["Shackles_Of_Pain"],"score":953,"play_id":"26d1cc7a-95e4-4839-829e-6fa4d25a7a46","local_time":"20201216113303","daily_mods":["SealedDeck","Flight","Terminal"],"is_ascension_mode":false,"campfire_choices":[{"data":"Bone_Armory","floor":6.0,"key":"SMITH"},{"data":"Corrupt","floor":7.0,"key":"SMITH"},{"data":"Shade_Step","floor":10,"key":"SMITH"},{"data":"Bones_to_Steel","floor":11,"key":"SMITH"},{"data":"Death_March_Dance","floor":15,"key":"SMITH"},{"data":"Siphon_Strength","floor":17,"key":"SMITH"},{"data":"Summon_Death_Knight","floor":25,"key":"SMITH"},{"floor":30,"key":"REST"},{"data":"Consume_Illness","floor":32,"key":"SMITH"},{"data":"Blood_Curse","floor":34,"key":"SMITH"},{"floor":42,"key":"REST"},{"floor":44,"key":"REST"},{"floor":48,"key":"REST"},{"floor":51,"key":"REST"}],"circlet_count":0,"master_deck":["Uncharnel","Stop_Heart","Thousand_Bone_Knives","Shade_Step+1","Negative_Energy_Burst","Bone_Armor","Bones_to_Steel+1","Bone_Shift","Bone_Armory+1","Corrupt+1","Death_March_Dance+1","Violent_Necrosis+1","Skeleton_Dragon","Siphon_Strength+1","Plague_Bolt","Detonate_Bones","CurseOfTheBell","Consume_Illness+1","Summon_Death_Knight+1","Exploit+1","Bone_Armory+1","Bone_Bullets","Necromantic_Selection+1","J.A.X.","Blood_Curse+1","Reap_The_Weak","Toxic_Smoke_Screen","Spectral_Walk+1","Blood_Magic","Summon_Undead","Negative_Energy_Burst","Toxic_Smoke_Screen","Parasite","Survey Options","Siphon_Strength+1","Spectral_Walk+1","Flesh_Made_Foul+1","Reap_The_Weak","Slay_Living"],"relics":["Vampire_Amulet","Counterbalance","Replay:Bottled Eggs","ReplayTheSpireMod:TigerMarble","Pantograph","Replay:Ringing Soul","Replay:Grab Bag","Philosopher\u0027s Stone","ChewingGum","Runic Pyramid","Calling Bell","PreservedInsect","FossilizedHelix","Replay:Bottled Steam","DollysMirror","Eternal Feather","jedi:firstaidkit","Akabeko","jedi:zontanonomicon","Red Mask","Fusion Hammer","Ice Cream","BargainBundle","Bag of Preparation","Happy Flower","Divine Protection","InkBottle","StrikeDummy"],"acts_visited":["Exordium","TheCity","TheBeyond"],"potions_floor_usage":[24,33,35,38,46,52],"damage_taken":[{"damage":3.0,"enemies":"Jaw Worm","floor":1.0,"turns":3.0},{"damage":7.0,"enemies":"Cultist","floor":4.0,"turns":4.0},{"damage":3.0,"enemies":"Gremlin Nob","floor":8.0,"turns":4.0},{"damage":4,"enemies":"3 Sentries","floor":12,"turns":2},{"damage":19,"enemies":"Slime Boss","floor":18,"turns":6},{"damage":0,"enemies":"Chosen","floor":20,"turns":3},{"damage":9,"enemies":"3 Byrds","floor":21,"turns":5},{"damage":0,"enemies":"3 Cultists","floor":22,"turns":5},{"damage":0,"enemies":"Chosen and Byrds","floor":24,"turns":5},{"damage":15,"enemies":"Gremlin Leader","floor":26,"turns":4},{"damage":32,"enemies":"Slavers","floor":27,"turns":4},{"damage":0,"enemies":"Masked Bandits","floor":33,"turns":3},{"damage":6,"enemies":"Collector","floor":35,"turns":6},{"damage":11,"enemies":"3 Shapes","floor":37,"turns":3},{"damage":16,"enemies":"2 Orb Walkers","floor":38,"turns":4},{"damage":45,"enemies":"3 Darklings","floor":43,"turns":4},{"damage":0,"enemies":"Jaw Worm Horde","floor":46,"turns":3},{"damage":36,"enemies":"Giant Head","floor":47,"turns":4},{"damage":0,"enemies":"R_Hoarder","floor":50,"turns":4},{"damage":22,"enemies":"Donu and Deca","floor":52,"turns":6}],"seed_played":"4580661739168851385","potions_obtained":[{"floor":18,"key":"SmokeBomb"},{"floor":21,"key":"Explosive Potion"},{"floor":27,"key":"jedi:tentaclejuice"},{"floor":33,"key":"AttackPotion"},{"floor":37,"key":"Strength Potion"},{"floor":47,"key":"EssenceOfSteel"}],"is_trial":false,"path_per_floor":["M","$","?","M","?","R","R","E","T","R","R","E","PTL","PTL","R","$","R","B",null,"M","M","M","$","M","R","E","E","T","?","R","?","R","?","R","B",null,"M","?","$","?","$","R","M","R","T","M","E","R","?","E","R","B",null],"character_chosen":"NECROMANCER","items_purchased":["Counterbalance","Replay:Ringing Soul","Siphon_Strength","Plague_Bolt","DollysMirror","BargainBundle","Blood_Magic","Summon_Undead","Negative_Energy_Burst","Bag of Preparation","jedi:StrikingPotion","Toxic_Smoke_Screen","Happy Flower","Survey Options"],"campfire_rested":5,"item_purchase_floors":[2,16,16,16,23,39,39,39,39,39,39,39,39,39],"current_hp_per_floor":[73,72,71,66,66,66,66,65,65,64,63,62,61,60,59,61,60,48,64,66,66,70,72,74,73,67,41,41,25,58,61,72,74,73,75,74,72,68,71,74,74,80,42,78,77,79,48,80,82,84,83,69],"gold":99,"neow_bonus":"","is_daily":true,"chose_seed":false,"campfire_upgraded":9,"win_rate":0.0,"timestamp":1608139983,"path_taken":["M","$","?","?","?","R","R","E","T","R","R","E","PTL","PTL","R","$","R","BOSS","M","M","M","$","?","R","E","E","T","?","R","?","R","?","R","BOSS","M","?","$","?","?","R","?","R","T","M","E","R","?","E","R","BOSS"],"items_purchased_type":["Relic","Relic","Card","Card","Relic","Relic","Card","Card","Card","Relic","Potion","Card","Relic","Card"],"build_version":"2020-12-13","purchased_purges":1,"victory":true,"max_hp_per_floor":[73,72,71,70,69,68,67,66,65,64,63,62,61,60,59,61,60,62,64,66,68,70,72,74,73,75,74,73,72,71,73,72,74,73,75,74,76,78,80,82,81,80,79,78,77,79,81,80,82,84,83,82],"relic_stats":{"Happy Flower":[7],"counters":[20,82],"Pantograph":0,"Eternal Feather":73,"PreservedInsect":282,"Bag of Preparation":[10],"obtain_stats":[{"Ice Cream":38,"Divine Protection":45,"jedi:zontanonomicon":29,"Bag of Preparation":39,"Replay:Ringing Soul":16,"DollysMirror":23,"jedi:firstaidkit":27,"Pantograph":12,"Philosopher\u0027s Stone":19,"Vampire_Amulet":0,"Fusion Hammer":36,"Red Mask":33,"Replay:Bottled Eggs":8,"InkBottle":47,"Runic Pyramid":19,"Replay:Bottled Steam":19,"BargainBundle":39,"Happy Flower":39,"Counterbalance":2,"Replay:Grab Bag":19,"Eternal Feather":26,"PreservedInsect":19,"Akabeko":28,"Calling Bell":19,"ChewingGum":19,"ReplayTheSpireMod:TigerMarble":9,"StrikeDummy":50,"FossilizedHelix":19},{"Ice Cream":15,"Divine Protection":16,"jedi:zontanonomicon":11,"Bag of Preparation":15,"Replay:Ringing Soul":4,"DollysMirror":8,"jedi:firstaidkit":11,"Pantograph":4,"Philosopher\u0027s Stone":5,"Vampire_Amulet":0,"Fusion Hammer":13,"Red Mask":12,"Replay:Bottled Eggs":3,"InkBottle":18,"Runic Pyramid":5,"Replay:Bottled Steam":5,"BargainBundle":15,"Happy Flower":15,"Counterbalance":1,"Replay:Grab Bag":5,"Eternal Feather":10,"PreservedInsect":5,"Akabeko":11,"Calling Bell":5,"ChewingGum":5,"ReplayTheSpireMod:TigerMarble":3,"StrikeDummy":19,"FossilizedHelix":5},{"Ice Cream":61,"Divine Protection":65,"jedi:zontanonomicon":45,"Bag of Preparation":61,"Replay:Ringing Soul":13,"DollysMirror":32,"jedi:firstaidkit":45,"Pantograph":13,"Philosopher\u0027s Stone":19,"Vampire_Amulet":0,"Fusion Hammer":54,"Red Mask":48,"Replay:Bottled Eggs":11,"InkBottle":72,"Runic Pyramid":19,"Replay:Bottled Steam":19,"BargainBundle":61,"Happy Flower":61,"Counterbalance":3,"Replay:Grab Bag":19,"Eternal Feather":41,"PreservedInsect":19,"Akabeko":45,"Calling Bell":19,"ChewingGum":19,"ReplayTheSpireMod:TigerMarble":11,"StrikeDummy":76,"FossilizedHelix":19}],"InkBottle":[3]},"card_choices":[{"not_picked":["Deaths_Shadow","Death_March_Dance"],"picked":"Corrupt","floor":1.0},{"not_picked":["Finger_Of_Death","Negative_Energy_Mist"],"picked":"Death_March_Dance","floor":4.0},{"not_picked":["Bone_Armory","Blood_Curse"],"picked":"Violent_Necrosis","floor":8},{"not_picked":["Epidemic","Consume_Illness"],"picked":"Skeleton_Dragon","floor":12},{"not_picked":["Cloudkill","Requiem"],"picked":"Detonate_Bones","floor":18},{"not_picked":["Bone_Shift","Shackles_Of_Pain"],"picked":"Consume_Illness","floor":20},{"not_picked":["Acid_Javelin+1","Bone_Armor"],"picked":"Summon_Death_Knight","floor":21},{"not_picked":["Bone_Armory+1","Plague_Bolt"],"picked":"Exploit+1","floor":22},{"not_picked":["Exploit","Death_March_Dance"],"picked":"Bone_Bullets","floor":24},{"not_picked":["Negative_Energy_Shield+1","Life_Tap"],"picked":"Necromantic_Selection+1","floor":26},{"not_picked":["Shackles_Of_Pain","Corrupt","Plague_Bolt"],"picked":"SKIP","floor":27},{"not_picked":["Finger_Of_Death","Death_March_Dance"],"picked":"Blood_Curse","floor":33},{"not_picked":["Hellfire","Skeleton_Dragon"],"picked":"Reap_The_Weak","floor":35},{"not_picked":["Finger_Of_Death+1","Blood_Curse+1"],"picked":"Toxic_Smoke_Screen","floor":37},{"not_picked":["Stop_Heart+1","Acid_Javelin"],"picked":"Spectral_Walk+1","floor":38},{"not_picked":["Vampiric_Strike","Blood_Whip","Death_Coil+1"],"picked":"SKIP","floor":43},{"not_picked":["Chill_Blood","Scare+1"],"picked":"Spectral_Walk+1","floor":46},{"not_picked":["Chill_Blood","Stop_Heart+1"],"picked":"Flesh_Made_Foul+1","floor":47},{"not_picked":["Negative_Energy_Javelin","Death_Knell"],"picked":"Slay_Living","floor":50}],"player_experience":1041498,"relics_obtained":[{"floor":8,"key":"Replay:Bottled Eggs"},{"floor":9,"key":"ReplayTheSpireMod:TigerMarble"},{"floor":12,"key":"Pantograph"},{"floor":19,"key":"PreservedInsect"},{"floor":19,"key":"FossilizedHelix"},{"floor":19,"key":"Replay:Bottled Steam"},{"floor":26,"key":"Eternal Feather"},{"floor":27,"key":"jedi:firstaidkit"},{"floor":28,"key":"Akabeko"},{"floor":29,"key":"jedi:zontanonomicon"},{"floor":33,"key":"Red Mask"},{"floor":38,"key":"Ice Cream"},{"floor":45,"key":"Divine Protection"},{"floor":47,"key":"InkBottle"},{"floor":50,"key":"StrikeDummy"}],"event_choices":[{"damage_healed":0.0,"max_hp_gain":0.0,"max_hp_loss":0.0,"gold_gain":275.0,"event_name":"Golden Shrine","player_choice":"Desecrate","floor":3.0,"gold_loss":0.0,"damage_taken":0.0,"cards_obtained":["Regret"]},{"cards_removed":["Regret"],"damage_healed":0.0,"max_hp_gain":0.0,"max_hp_loss":0.0,"gold_gain":0.0,"event_name":"Fountain of Cleansing","player_choice":"Removed Curses","floor":5.0,"gold_loss":0.0,"damage_taken":0.0},{"damage_healed":0,"gold_gain":0,"player_choice":"Obtained Book","damage_taken":16,"max_hp_gain":0,"max_hp_loss":0,"event_name":"Cursed Tome","floor":29,"gold_loss":0},{"damage_healed":0,"gold_gain":0,"player_choice":"Obtain J.A.X.","damage_taken":0,"max_hp_gain":0,"max_hp_loss":0,"event_name":"Drug Dealer","floor":31,"gold_loss":0,"cards_obtained":["J.A.X."]},{"damage_healed":0,"gold_gain":0,"player_choice":"Fought Bandits","damage_taken":0,"max_hp_gain":0,"max_hp_loss":0,"event_name":"Masked Bandits","floor":33,"gold_loss":0},{"damage_healed":0,"gold_gain":0,"player_choice":"Fight","damage_taken":0,"max_hp_gain":0,"max_hp_loss":0,"event_name":"Mysterious Sphere","floor":38,"gold_loss":0},{"damage_healed":0,"gold_gain":3,"player_choice":"4","damage_taken":0,"max_hp_gain":0,"max_hp_loss":0,"event_name":"betterStone:BetterStone","floor":40,"gold_loss":0,"cards_obtained":["Siphon_Strength"]},{"damage_healed":0,"gold_gain":0,"player_choice":"Copied","damage_taken":0,"max_hp_gain":0,"max_hp_loss":0,"event_name":"Duplicator","floor":49,"gold_loss":0,"cards_obtained":["Reap_The_Weak"]}],"is_beta":false,"boss_relics":[{"not_picked":["Abe\u0027s Treasure","Runic Dome"],"picked":"Replay:Grab Bag"},{"not_picked":["energizedSpire:CursedPentagram","ReplayTheSpireMod:Onyx Gauntlets"],"picked":"Philosopher\u0027s Stone"},{"not_picked":["energizedSpire:RedRose","energizedSpire:StickyHand"],"picked":"ChewingGum"},{"not_picked":["SlaversCollar","Replay:Drink Me"],"picked":"Runic Pyramid"},{"not_picked":["Ring of Chaos","Black Star"],"picked":"Calling Bell"},{"not_picked":["Honey Jar","energizedSpire:HugeHouse"],"picked":"Fusion Hammer"}],"items_purged_floors":[39],"is_endless":false,"potions_floor_spawned":[18,21,27,33,37,43,47,50],"ascension_level":0}}