{"host":"wha9hktbkslqvblg","time":1608118506,"event":{"mods":["BaseMod","Colored Map","Minty Spire (QoL Compilation)","Relic Stats","SuperFastMode","everything is the same but u backflip on backflip"],"gold_per_floor":[114,130,130,141,153,153,303,303,357,357,357],"floor_reached":10,"playtime":154,"items_purged":[],"score":116,"play_id":"dff84a47-49b1-44e8-8a58-141e3b1be088","local_time":"20201216203506","is_ascension_mode":true,"campfire_choices":[],"circlet_count":0,"master_deck":["AscendersBane","Strike_R","Strike_R","Strike_R","Strike_R","Defend_R","Defend_R","Defend_R","Defend_R","Bash","CurseOfTheBell","Sword Boomerang+1","Body Slam+1","Reckless Charge+1"],"relics":["Calling Bell","Omamori","Molten Egg 2","Ginger","Lantern","Bronze Scales"],"acts_visited":["Exordium"],"potions_floor_usage":[],"damage_taken":[{"damage":13.0,"enemies":"Jaw Worm","floor":1.0,"turns":5.0},{"damage":5.0,"enemies":"Small Slimes","floor":2.0,"turns":3.0},{"damage":8.0,"enemies":"2 Louse","floor":4.0,"turns":2.0},{"damage":12.0,"enemies":"2 Fungi Beasts","floor":5.0,"turns":4.0},{"damage":20,"enemies":"Lagavulin","floor":10,"turns":5}],"seed_played":"-5218886720682814188","potions_obtained":[],"is_trial":false,"path_per_floor":["M","M","?","M","M","?","?","?","T","E"],"character_chosen":"IRONCLAD","items_purchased":[],"campfire_rested":0,"item_purchase_floors":[],"current_hp_per_floor":[55,50,43,35,23,12,12,30,30,10,10],"gold":357,"neow_bonus":"BOSS_RELIC","is_daily":false,"chose_seed":false,"campfire_upgraded":0,"win_rate":0.0,"timestamp":1608118506,"path_taken":["M","M","?","M","M","?","?","?","T","E"],"items_purchased_type":[],"build_version":"2020-12-13","purchased_purges":0,"victory":false,"max_hp_per_floor":[75,75,75,75,75,75,75,75,75,75,75],"relic_stats":{"counters":[5,19],"Bronze Scales":[6],"Ginger":[0],"obtain_stats":[{"Calling Bell":0,"Lantern":6,"Bronze Scales":9,"Molten Egg 2":0,"Omamori":0,"Ginger":0,"Burning Blood":0},{"Calling Bell":0,"Lantern":4,"Bronze Scales":4,"Molten Egg 2":0,"Omamori":0,"Ginger":0,"Burning Blood":0},{"Calling Bell":0,"Lantern":14,"Bronze Scales":14,"Molten Egg 2":0,"Omamori":0,"Ginger":0,"Burning Blood":0}]},"card_choices":[{"not_picked":["Spot Weakness","Evolve"],"picked":"Sword Boomerang+1","floor":1.0},{"not_picked":["Flex","Metallicize"],"picked":"Body Slam+1","floor":2.0},{"not_picked":["Disarm","Dual Wield","Perfected Strike+1"],"picked":"SKIP","floor":4.0},{"not_picked":["Clothesline+1","Warcry"],"picked":"Reckless Charge+1","floor":5.0}],"player_experience":854962,"relics_obtained":[{"floor":0.0,"key":"Omamori"},{"floor":0.0,"key":"Molten Egg 2"},{"floor":0.0,"key":"Ginger"},{"floor":9,"key":"Bronze Scales"}],"event_choices":[{"cards_removed":["Strike_R"],"damage_healed":0.0,"max_hp_gain":0.0,"max_hp_loss":0.0,"gold_gain":0.0,"event_name":"Golden Wing","player_choice":"Card Removal","floor":3.0,"gold_loss":0.0,"damage_taken":7.0},{"damage_healed":0.0,"max_hp_gain":0.0,"max_hp_loss":0.0,"gold_gain":0.0,"event_name":"Scrap Ooze","player_choice":"Success","floor":6.0,"gold_loss":0.0,"damage_taken":11.0,"relics_obtained":["Lantern"]},{"damage_healed":0.0,"max_hp_gain":0.0,"max_hp_loss":0.0,"gold_gain":150.0,"event_name":"Liars Game","player_choice":"AGREE","floor":7.0,"gold_loss":0.0,"damage_taken":0.0,"cards_obtained":["Doubt"]},{"damage_healed":18,"gold_gain":0,"player_choice":"Healed and dodged fight","damage_taken":0,"max_hp_gain":0,"max_hp_loss":0,"event_name":"Mushrooms","floor":8,"gold_loss":0,"cards_obtained":["Parasite"]}],"is_beta":false,"boss_relics":[],"items_purged_floors":[],"is_endless":false,"potions_floor_spawned":[],"killed_by":"Lagavulin","ascension_level":20}}