{"host":"Crutt","time":1608095423,"event":{"mods":["2.2 Compatiblity","Aspiration","Bard","BaseMod","Better Altar","Better Skull","Better Third Choice","Googly Eyes","Hermit","Jedi Mod","Jorbs\u0027s Wanderer Trilogy","Minty Spire (QoL Compilation)","Optimize The Spire","Potionbrewer","Spicy Shops","StSLib","The Construct","The Cursed","The Disciple","The Hierophant","The Runesmith","The Showman","The Witch","thorton","vexMod"],"gold_per_floor":[138,16,16,33,59,59,97,97,97,97,110,126,49,73,73,187,187,216,216,216,242,265,265,306,341,420,420,453,492,93,117,117,234,234,259,13,27,55,85,202,202,217,217,307,383,383,383,383,383,519,519,519,9,77,107],"floor_reached":56,"playtime":9704,"items_purged":["Normality","thethorton:RunningKick","thethorton:BattleTrash"],"score":1907,"play_id":"f7941431-878b-4c95-9199-4102741fe6b9","local_time":"20201215231023","is_ascension_mode":true,"campfire_choices":[{"data":"thethorton:LastDitchEffort","floor":6.0,"key":"SMITH"},{"data":"thethorton:AdministrativeActions","floor":8.0,"key":"SMITH"},{"floor":10.0,"key":"REST"},{"data":"thethorton:Heckle","floor":15.0,"key":"SMITH"},{"data":"thethorton:Investment","floor":23.0,"key":"SMITH"},{"data":"thethorton:SheetShred","floor":27.0,"key":"SMITH"},{"data":"thethorton:SeeingDouble","floor":32.0,"key":"SMITH"},{"data":"thethorton:AdministrativeActions","floor":46,"key":"SMITH"},{"floor":49,"key":"RECALL"},{"data":"thethorton:BusinessCard","floor":52,"key":"SMITH"}],"circlet_count":0,"master_deck":["AscendersBane","thethorton:Heckle+1","thethorton:AdministrativeActions+1","WalpurgisNight","thethorton:RunningKick","aspiration:Lunge","thethorton:LastDitchEffort+1","thethorton:CoffeeBlast","thethorton:SheetShred+1","potionbrewer:ChoosePotion","potionbrewer:ChoosePotion","thethorton:Siphon","thethorton:BusinessCard+1","potionbrewer:ChoosePotion","thethorton:Demotion","thethorton:Investment+1","thethorton:DockPay","thethorton:SheetShred","thethorton:PennyToss","thethorton:WhirlingBriefcase+1","potionbrewer:ChoosePotion","thethorton:StumblingSlap+1","thethorton:CannonShot+1","Allegro","thethorton:FearfulRun+1","potionbrewer:ChoosePotion","potionbrewer:ChoosePotion","thethorton:DualBap+1","potionbrewer:ChoosePotion","potionbrewer:ChoosePotion","potionbrewer:ChoosePotion","potionbrewer:ChoosePotion","potionbrewer:ChoosePotion","potionbrewer:ChoosePotion","thethorton:SeeingDouble+1","potionbrewer:ChoosePotion","potionbrewer:ChoosePotion","potionbrewer:ChoosePotion","thethorton:YoureFired","thethorton:AdministrativeActions+1","potionbrewer:ChoosePotion","potionbrewer:ChoosePotion","potionbrewer:ChoosePotion","potionbrewer:ChoosePotion","LiveForever+1","FameAndFortune+1","BecomeAlmighty+1","potionbrewer:ChoosePotion","potionbrewer:ChoosePotion","potionbrewer:ChoosePotion","potionbrewer:ChoosePotion","potionbrewer:ChoosePotion","WalpurgisNight+1","potionbrewer:ChoosePotion","thethorton:BusinessCard+1","potionbrewer:ChoosePotion","potionbrewer:ChoosePotion","potionbrewer:ChoosePotion","potionbrewer:ChoosePotion","potionbrewer:ChoosePotion","thethorton:SeeingDouble+1","potionbrewer:ChoosePotion","potionbrewer:ChoosePotion","potionbrewer:ChoosePotion","potionbrewer:ChoosePotion","potionbrewer:ChoosePotion","potionbrewer:ChoosePotion","potionbrewer:ChoosePotion","potionbrewer:ChoosePotion","potionbrewer:ChoosePotion","potionbrewer:ChoosePotion","potionbrewer:ChoosePotion","potionbrewer:ChoosePotion","potionbrewer:ChoosePotion","potionbrewer:ChoosePotion","potionbrewer:ChoosePotion","potionbrewer:ChoosePotion","potionbrewer:ChoosePotion","potionbrewer:ChoosePotion"],"relics":["thethorton:CouragePotion","Art of War","aspiration:AnachronicSnailShell","Pandora\u0027s Box","Ornamental Fan","Juzu Bracelet","potionbrewer:WarMedal","Potion Belt","thethorton:CrushedCigarette","aspiration:SeaSaltIceCream","WarpedTongs","jedi:crownofsimplicity","Ancient Tea Set","Boot","jedi:arcanewood","jedi:kaleidoscope","jedi:gremlinknob","aspiration:StickyExplosives_weak","Ice Cream","construct:RocketBooster","Centennial Puzzle","thethorton:Resume","Calipers","Peace Pipe","Runesmith:Nanobots","potionbrewer:DrinkingBird","Shuriken","aspiration:VileToxins"],"acts_visited":["Exordium","TheCity","TheBeyond","TheEnding"],"potions_floor_usage":[38,38,50,50,55],"damage_taken":[{"damage":32.0,"enemies":"Small Slimes","floor":1.0,"turns":10.0},{"damage":21.0,"enemies":"Jaw Worm","floor":4.0,"turns":4.0},{"damage":6.0,"enemies":"Cultist","floor":5.0,"turns":4.0},{"damage":8.0,"enemies":"3 Sentries","floor":7.0,"turns":3.0},{"damage":9.0,"enemies":"Lots of Slimes","floor":11.0,"turns":2.0},{"damage":6.0,"enemies":"3 Louse","floor":12.0,"turns":5.0},{"damage":9.0,"enemies":"Large Slime","floor":14.0,"turns":7.0},{"damage":42.0,"enemies":"Slime Boss","floor":16.0,"turns":12.0},{"damage":35.0,"enemies":"Spheric Guardian","floor":18.0,"turns":7.0},{"damage":16.0,"enemies":"2 Thieves","floor":21.0,"turns":3.0},{"damage":28.0,"enemies":"Snake Plant","floor":22.0,"turns":7.0},{"damage":5.0,"enemies":"Cultist and Chosen","floor":24.0,"turns":7.0},{"damage":17.0,"enemies":"Snecko","floor":25.0,"turns":8.0},{"damage":3.0,"enemies":"Centurion and Healer","floor":28.0,"turns":8.0},{"damage":52.0,"enemies":"Sentry and Sphere","floor":29.0,"turns":10.0},{"damage":2.0,"enemies":"Snake Plant","floor":31.0,"turns":4.0},{"damage":14.0,"enemies":"Collector","floor":33.0,"turns":10.0},{"damage":58.0,"enemies":"3 Darklings","floor":35.0,"turns":8.0},{"damage":0.0,"enemies":"Orb Walker","floor":37.0,"turns":4.0},{"damage":23,"enemies":"3 Darklings","floor":38,"turns":10},{"damage":0,"enemies":"Writhing Mass","floor":39,"turns":10},{"damage":0,"enemies":"Giant Head","floor":40,"turns":7},{"damage":0,"enemies":"Transient","floor":42,"turns":5},{"damage":13,"enemies":"Reptomancer","floor":44,"turns":3},{"damage":4,"enemies":"Sphere and 2 Shapes","floor":45,"turns":5},{"damage":75,"enemies":"Awakened One","floor":50,"turns":22},{"damage":4,"enemies":"Shield and Spear","floor":54,"turns":9},{"damage":13,"enemies":"The Heart","floor":55,"turns":12}],"seed_played":"9163340393415138045","potions_obtained":[{"floor":1.0,"key":"potionbrewer:BoundlessPotion"},{"floor":5.0,"key":"potionbrewer:BoundlessPotion"},{"floor":14.0,"key":"SteroidPotion"},{"floor":24.0,"key":"potionbrewer:CleansingPotion"},{"floor":28.0,"key":"potionbrewer:ToxicPotion"},{"floor":29.0,"key":"GamblersBrew"},{"floor":33.0,"key":"potionbrewer:FreezingPotion"},{"floor":35.0,"key":"potionbrewer:BoundlessPotion"},{"floor":37.0,"key":"jedi:hoardpotion"},{"floor":42,"key":"potionbrewer:InfectionPotion"}],"is_trial":false,"path_per_floor":["M","$","?","M","M","R","E","R","T","R","M","M","$","M","R","B",null,"M","?","?","M","M","R","M","M","T","R","M","M","$","M","R","B",null,"M","$","M","M","M","E","?","M","T","E","M","R","?","T","R","B",null,"R","$","E","B",null],"character_chosen":"THE_THORT","items_purchased":["thethorton:RunningKick","thethorton:Siphon","thethorton:YoureFired","Potion Belt","aspiration:SeaSaltIceCream","thethorton:Resume","Calipers"],"campfire_rested":1,"item_purchase_floors":[2,13,30,30,36,53,53],"current_hp_per_floor":[29,29,51,30,24,24,16,16,16,36,27,31,31,41,41,24,57,36,36,36,35,31,31,66,63,63,63,65,60,60,68,68,68,68,67,67,68,64,68,68,68,68,68,68,68,68,65,65,65,119,119,119,119,119,119],"gold":107,"neow_bonus":"ONE_RANDOM_RARE_CARD","is_daily":false,"chose_seed":false,"campfire_upgraded":8,"win_rate":0.0,"timestamp":1608095423,"path_taken":["M","$","?","M","M","R","E","R","T","R","M","M","$","M","R","BOSS","M","?","?","?","M","R","M","?","T","R","M","M","$","M","R","BOSS","M","$","M","M","M","E","?","M","T","E","M","R","?","?","R","BOSS","R","$","E","BOSS"],"items_purchased_type":["Card","Card","Card","Relic","Relic","Relic","Relic"],"build_version":"2020-12-07","purchased_purges":3,"victory":true,"max_hp_per_floor":[68,68,68,68,68,68,68,68,68,68,68,68,68,68,68,68,68,68,68,68,68,68,68,68,68,68,68,68,68,68,68,68,68,68,68,68,68,68,68,68,68,68,68,68,68,68,65,65,65,119,119,119,119,119,119],"card_choices":[{"not_picked":["Brutality","stsjorbsmod:SiphonEnergy"],"picked":"WalpurgisNight","floor":1.0},{"not_picked":["Fiend Fire","Double Tap"],"picked":"aspiration:Lunge","floor":4.0},{"not_picked":["thethorton:ToxicGreed","thethorton:DownPayment"],"picked":"thethorton:LastDitchEffort","floor":5.0},{"not_picked":["thethorton:BattleTrash","thethorton:RunningKick"],"picked":"thethorton:CoffeeBlast","floor":7.0},{"not_picked":["thethorton:BookBash","thethorton:DockPay"],"picked":"thethorton:SheetShred","floor":11.0},{"not_picked":["thethorton:LongDaysWork","thethorton:DualBap"],"picked":"thethorton:BattleTrash","floor":12.0},{"not_picked":["thethorton:ThickSkin","thethorton:ElbowSmash"],"picked":"thethorton:BusinessCard","floor":14.0},{"not_picked":["thethorton:Fortune","thethorton:CallShop"],"picked":"thethorton:Demotion","floor":16.0},{"not_picked":["thethorton:CoffeeBlast","thethorton:AngerMoment+1"],"picked":"thethorton:StumblingSlap+1","floor":18.0},{"not_picked":["thethorton:CoinClash","thethorton:SheetShred"],"picked":"thethorton:FearfulRun+1","floor":21.0},{"not_picked":["thethorton:SicklyRun","thethorton:LongTermPayoff+1"],"picked":"thethorton:DualBap+1","floor":22.0},{"not_picked":["thethorton:BattleTrash","thethorton:CashBash","thethorton:TakeAccounts"],"picked":"SKIP","floor":24.0},{"not_picked":["thethorton:BattleTrash","thethorton:SicklyRun","thethorton:GoldBuffer"],"picked":"SKIP","floor":25.0},{"not_picked":["thethorton:LongDaysWork+1","thethorton:Distance"],"picked":"thethorton:SeeingDouble","floor":28.0},{"not_picked":["thethorton:DockPay","thethorton:ShoutAndRun","thethorton:DualBap"],"picked":"SKIP","floor":29.0},{"not_picked":["thethorton:PocketChange","thethorton:DockPay","thethorton:TakeAccounts"],"picked":"SKIP","floor":31.0},{"not_picked":["thethorton:CowardiceForm","thethorton:YoureFired"],"picked":"thethorton:AdministrativeActions","floor":33.0},{"not_picked":["thethorton:DesperateRun+1","thethorton:AngerMoment","thethorton:RunningKick+1"],"picked":"SKIP","floor":35.0},{"not_picked":["thethorton:ElbowSmash","thethorton:LongTermPayoff+1","thethorton:CannonShot"],"picked":"SKIP","floor":37.0},{"not_picked":["thethorton:HedgeFund","thethorton:Hindsight","thethorton:LongDaysWork+1"],"picked":"SKIP","floor":38},{"not_picked":["thethorton:ShoutAndRun+1","thethorton:GoldenPetal"],"picked":"thethorton:BusinessCard+1","floor":39},{"not_picked":["thethorton:SicklyRun","thethorton:OddChange"],"picked":"thethorton:SeeingDouble+1","floor":40},{"not_picked":["thethorton:FearfulRun","thethorton:TakeAccounts+1","thethorton:StumblingSlap+1"],"picked":"SKIP","floor":42},{"not_picked":["thethorton:DownPayment","thethorton:CannonShot","thethorton:DesperateRun+1"],"picked":"SKIP","floor":44},{"not_picked":["stsjorbsmod:IvoryTower","hermit:Magnum","Creative AI"],"picked":"SKIP","floor":45},{"not_picked":["Establishment","construct:PanicFire","TheCursedMod:DemonicPact"],"picked":"SKIP","floor":54},{"not_picked":["Establishment","construct:PanicFire","TheCursedMod:DemonicPact"],"picked":"SKIP","floor":54}],"player_experience":3572308,"relics_obtained":[{"floor":7.0,"key":"Art of War"},{"floor":9.0,"key":"aspiration:AnachronicSnailShell"},{"floor":26.0,"key":"Ornamental Fan"},{"floor":40,"key":"Boot"},{"floor":43,"key":"jedi:kaleidoscope"},{"floor":44,"key":"jedi:gremlinknob"},{"floor":54,"key":"potionbrewer:DrinkingBird"}],"event_choices":[{"damage_healed":22.0,"max_hp_gain":0.0,"max_hp_loss":0.0,"gold_gain":0.0,"event_name":"Big Fish","player_choice":"Banana","floor":3.0,"gold_loss":0.0,"damage_taken":0.0},{"damage_healed":0.0,"max_hp_gain":0.0,"max_hp_loss":0.0,"gold_gain":0.0,"cards_transformed":["thethorton:FocusStrength","thethorton:CreditCard"],"event_name":"Drug Dealer","player_choice":"Became Test Subject","floor":19.0,"gold_loss":0.0,"damage_taken":0.0,"cards_obtained":["thethorton:CannonShot","thethorton:RunningKick"]},{"damage_healed":0.0,"max_hp_gain":0.0,"max_hp_loss":0.0,"gold_gain":0.0,"event_name":"Match and Keep!","player_choice":"1 cards matched","floor":20.0,"gold_loss":0.0,"damage_taken":0.0,"cards_obtained":["Allegro"]},{"damage_healed":0,"gold_gain":0,"player_choice":"Ignored","damage_taken":0,"max_hp_gain":0,"max_hp_loss":0,"event_name":"Tomb of Lord Red Mask","floor":41,"gold_loss":0},{"damage_healed":0,"gold_gain":0,"player_choice":"Max HP","damage_taken":0,"max_hp_gain":0,"max_hp_loss":3,"event_name":"Winding Halls","floor":47,"gold_loss":0}],"is_beta":true,"boss_relics":[{"not_picked":["Runesmith:UraniumAnvil","aspiration:SilentSkillbook"],"picked":"Pandora\u0027s Box"},{"not_picked":["vexMod:RockOfEvil","Astrolabe"],"picked":"thethorton:CrushedCigarette"}],"items_purged_floors":[2,30,53],"is_endless":false,"potions_floor_spawned":[1,5,14,24,28,29,33,35,37,42,45],"ascension_level":11}}