{"host":"ty7uytdfitsmf36k","time":1611714703,"event":{"mods":["AchievementEnabler","BaseMod","Colored Map","Colored Powertips","DeckTracker","Downfall","Infinite Spire","Minty Spire (QoL Compilation)","Relic Stats","Replay The Spire","Spire Arcade","StSLib","SuperFastMode","The Jungle","Wandering Minibosses"],"gold_per_floor":[99,99,99,99,249,249,249,249,16,34,50,50,82,82,94,194,194,194,209,219,230,115,130,130,130,157,157,157,167,167,199,209,306,306,306,324,529,549,566,619,619,619,630,640,660,660,687,44,56,56,56],"floor_reached":52,"language":"ENG","playtime":1844,"items_purged":["downfall:Icky","Guardian:Strike_Guardian","Guardian:Strike_Guardian","Guardian:Strike_Guardian"],"score":781,"play_id":"18f6eaa5-101e-46e2-bab4-c145c8087e4a","local_time":"20210126213143","is_ascension_mode":true,"campfire_choices":[{"data":"Guardian:RefractedBeam","floor":8,"key":"SMITH"},{"data":"Guardian:RefractedBeam+2","floor":18,"key":"SMITH"},{"data":"Guardian:RefractedBeam+3","floor":25,"key":"SMITH"},{"data":"Guardian:RefractedBeam+4","floor":28,"key":"SMITH"},{"data":"Guardian:RefractedBeam+5","floor":30,"key":"SMITH"},{"data":"Guardian:RefractedBeam+6","floor":35,"key":"SMITH"},{"data":"Guardian:RefractedBeam+7","floor":42,"key":"SMITH"},{"data":"Guardian:RefractedBeam+8","floor":46,"key":"SMITH"}],"circlet_count":0,"master_deck":["Guardian:Strike_Guardian","Guardian:Defend_Guardian","Guardian:Defend_Guardian","Guardian:Defend_Guardian","Guardian:Defend_Guardian","Guardian:TwinSlam","Guardian:RefractedBeam+9","Guardian:BronzeOrb","Guardian:PrismaticBeam","Guardian:ChargeCore","Replay:GuardianBash","Guardian:PiercingHide","Guardian:WeakpointTargeting","Guardian:Orbwalk+1","Guardian:Preprogram","Guardian:Recover","Guardian:Recover+1","Guardian:ConstructionForm","Guardian:FuturePlans","Guardian:Emergency+1","Guardian:ChargeCore","Guardian:Suspension"],"relics":["downfall:HeartsMalice","Blue Candle","infinitespire:BottledMercury","Guardian:StasisUpgradeRelic","m_GuardianBlood","Tiny Chest","Painkiller Herb","Nunchaku","infinitespire:Bottled Soul","theJungle:BirthdayCakeSlice","Onion Ring","expansioncontent:StudyCardRelic","Shovel","Dream Catcher","Centennial Puzzle","ClockworkSouvenir","Bag of Preparation","Potion Belt"],"acts_visited":["Exordium","theJungle:Jungle","TheBeyond"],"potions_floor_usage":[13,16,21,32,33,43,51,51,51],"damage_taken":[{"damage":0,"enemies":"Small Slimes","floor":2,"turns":1},{"damage":0,"enemies":"Jaw Worm","floor":3,"turns":1},{"damage":0,"enemies":"2 Louse","floor":4,"turns":1},{"damage":6,"enemies":"downfall:FleeingMerchant","floor":9,"turns":4},{"damage":8,"enemies":"Blue Slaver","floor":10,"turns":4},{"damage":6,"enemies":"Exordium Thugs","floor":11,"turns":4},{"damage":22,"enemies":"3 Sentries","floor":13,"turns":8},{"damage":2,"enemies":"Large Slime","floor":15,"turns":4},{"damage":13,"enemies":"WA_ARCHETYPE_RETAIN","floor":16,"turns":4},{"damage":22,"enemies":"theJungle:MUSHROOMGANG","floor":19,"turns":4},{"damage":0,"enemies":"theJungle:GiantWrat","floor":20,"turns":2},{"damage":15,"enemies":"theJungle:JungleHuntersEncounter","floor":21,"turns":5},{"damage":10,"enemies":"downfall:FleeingMerchant","floor":22,"turns":4},{"damage":21,"enemies":"theJungle:2_Snecko_Cultists","floor":23,"turns":3},{"damage":18,"enemies":"Nightmare","floor":26,"turns":5},{"damage":16,"enemies":"theJungle:2_Flameangoes","floor":29,"turns":5},{"damage":1,"enemies":"theJungle:MamaSnecko","floor":31,"turns":5},{"damage":17,"enemies":"theJungle:JungleHuntersEncounter","floor":32,"turns":4},{"damage":2,"enemies":"SI_MIRROR_ARCHETYPE","floor":33,"turns":4},{"damage":13,"enemies":"3 Darklings","floor":36,"turns":4},{"damage":12,"enemies":"downfall:FleeingMerchant","floor":37,"turns":3},{"damage":8,"enemies":"3 Shapes","floor":38,"turns":4},{"damage":7,"enemies":"3 Darklings","floor":39,"turns":4},{"damage":14,"enemies":"2 Orb Walkers","floor":40,"turns":4},{"damage":24,"enemies":"Spire Growth","floor":43,"turns":3},{"damage":10,"enemies":"Jaw Worm Horde","floor":44,"turns":4},{"damage":18,"enemies":"3 Darklings","floor":45,"turns":5},{"damage":0,"enemies":"Transient","floor":49,"turns":5},{"damage":29,"enemies":"DF_ARCHETYPE_ORBS","floor":51,"turns":4}],"seed_played":"-988244932268140259","potions_obtained":[{"floor":10,"key":"Dexterity Potion"},{"floor":11,"key":"ColorlessPotion"},{"floor":15,"key":"SkillPotion"},{"floor":16,"key":"BlessingOfTheForge"},{"floor":20,"key":"LifebloodPotion"},{"floor":29,"key":"Explosive Potion"},{"floor":31,"key":"LifebloodPotion"},{"floor":32,"key":"Fruit Juice"},{"floor":39,"key":"Venom Potion"},{"floor":40,"key":"Explosive Potion"},{"floor":43,"key":"Dexterity Potion"},{"floor":44,"key":"champ:CounterPotion"}],"is_trial":false,"path_per_floor":["R_BF","M","M","M","?","?","T","R","$","M","M","?","E","?","M","B",null,"T","?","?","?","T","?","T","T","NM","?","T","?","T","E","?","B",null,"T","?","T","?","?","?","T","T","?","?","?","T","T","T","?","?","B",null],"character_chosen":"GUARDIAN","items_purchased":["Guardian:StasisUpgradeRelic","ClockworkSouvenir","Bag of Preparation","Potion Belt","Strength Potion"],"campfire_rested":0,"item_purchase_floors":[9,48,48,48,48],"current_hp_per_floor":[80,80,80,80,80,75,75,75,69,61,55,55,39,39,43,36,80,80,64,70,61,57,42,42,42,30,35,35,25,25,30,24,28,90,90,83,77,75,74,66,66,66,48,44,32,32,32,32,38,38,15],"gold":56,"neow_bonus":"THREE_ENEMY_KILL","is_daily":false,"chose_seed":false,"campfire_upgraded":8,"win_rate":0.0,"timestamp":1611714703,"path_taken":["R_BF","M","M","M","?","?","T","R","$","?","M","?","E","?","M","BOSS","T","?","?","?","T","?","T","T","NM","?","T","?","T","E","?","BOSS","T","?","T","?","?","?","T","T","?","?","?","T","?","?","?","?","BOSS"],"items_purchased_type":["Relic","Relic","Relic","Relic","Potion"],"build_version":"2020-12-22","purchased_purges":4,"victory":true,"max_hp_per_floor":[80,80,80,80,80,80,80,80,80,80,80,80,80,80,80,80,80,80,80,80,80,80,80,80,80,80,85,85,85,85,85,90,90,90,90,90,90,90,90,90,90,90,90,90,90,90,90,90,90,90,90],"relic_stats":{"Nunchaku":[15],"Dream Catcher":0,"Centennial Puzzle":[3],"Shovel":0,"counters":[29,109],"Blue Candle":[1],"Tiny Chest":1,"Bag of Preparation":[4],"obtain_stats":[{"Potion Belt":48,"infinitespire:BottledMercury":7,"Blue Candle":6,"Guardian:ModeShifter":0,"downfall:HeartsMalice":0,"Painkiller Herb":17,"expansioncontent:StudyCardRelic":34,"Bag of Preparation":48,"m_GuardianBlood":12,"ClockworkSouvenir":48,"Guardian:StasisUpgradeRelic":9,"Nunchaku":24,"Dream Catcher":41,"Centennial Puzzle":47,"Shovel":40,"infinitespire:Bottled Soul":26,"theJungle:BirthdayCakeSlice":27,"Tiny Chest":13,"Onion Ring":31},{"Potion Belt":27,"infinitespire:BottledMercury":3,"Blue Candle":3,"Guardian:ModeShifter":0,"downfall:HeartsMalice":0,"Painkiller Herb":9,"expansioncontent:StudyCardRelic":19,"Bag of Preparation":27,"m_GuardianBlood":6,"ClockworkSouvenir":27,"Guardian:StasisUpgradeRelic":4,"Nunchaku":14,"Dream Catcher":24,"Centennial Puzzle":27,"Shovel":24,"infinitespire:Bottled Soul":15,"theJungle:BirthdayCakeSlice":15,"Tiny Chest":7,"Onion Ring":17},{"Potion Belt":100,"infinitespire:BottledMercury":0,"Blue Candle":0,"Guardian:ModeShifter":0,"downfall:HeartsMalice":0,"Painkiller Herb":28,"expansioncontent:StudyCardRelic":69,"Bag of Preparation":100,"m_GuardianBlood":12,"ClockworkSouvenir":100,"Guardian:StasisUpgradeRelic":4,"Nunchaku":46,"Dream Catcher":88,"Centennial Puzzle":100,"Shovel":88,"infinitespire:Bottled Soul":51,"theJungle:BirthdayCakeSlice":51,"Tiny Chest":20,"Onion Ring":61}]},"card_choices":[{"not_picked":["Guardian:WalkerClaw","Guardian:Recover"],"picked":"Guardian:RefractedBeam","floor":2},{"not_picked":["Guardian:SentryBeam","Guardian:TemporalShield"],"picked":"Guardian:BronzeOrb","floor":3},{"not_picked":["Guardian:PiercingHide","Guardian:CrystalBeam"],"picked":"Guardian:PrismaticBeam","floor":4},{"not_picked":["Guardian:Gem_Crimson","Guardian:Planning"],"picked":"Guardian:Gem_Orange","floor":9},{"not_picked":["Guardian:WalkerClaw","Guardian:Harden"],"picked":"Guardian:Gem_Green","floor":10},{"not_picked":["Guardian:Gem_Green","Guardian:Incinerate"],"picked":"Guardian:ChargeCore","floor":11},{"not_picked":["Guardian:SentryBeam","Guardian:PrismaticBeam"],"picked":"Guardian:Gem_White","floor":13},{"not_picked":["Guardian:BodySlam","Twin Strike"],"picked":"Guardian:PiercingHide","floor":15},{"not_picked":["Guardian:SphericShield","Guardian:StasisEngine"],"picked":"Guardian:WeakpointTargeting","floor":16},{"not_picked":["Guardian:TemporalShield","Guardian:CrystalBeam"],"picked":"Guardian:Orbwalk+1","floor":19},{"not_picked":["Guardian:Repulse","Guardian:Clone+1"],"picked":"Guardian:Preprogram","floor":20},{"not_picked":["Guardian:RollAttack","Guardian:Gem_Lightblue"],"picked":"Guardian:Recover","floor":21},{"not_picked":["Guardian:TemporalStrike","Guardian:PiercingHide"],"picked":"Guardian:Gem_Red","floor":22},{"not_picked":["Guardian:PrismaticBarrier","Guardian:TemporalStrike","Guardian:ArmoredProtocol"],"picked":"SKIP","floor":23},{"not_picked":["Guardian:FastForward","Guardian:Suspension"],"picked":"Guardian:Gem_Green","floor":26},{"not_picked":["Guardian:Reroute+1","Guardian:Incinerate"],"picked":"Guardian:Recover+1","floor":29},{"not_picked":["Guardian:RollAttack+1","Guardian:TemporalStrike"],"picked":"Guardian:Gem_Cyan","floor":31},{"not_picked":["Guardian:Suspension","Guardian:ChargeCore","Guardian:TemporalStrike"],"picked":"SKIP","floor":32},{"not_picked":["Guardian:HyperBeam_Guardian","Guardian:GemFinder"],"picked":"Guardian:ConstructionForm","floor":33},{"not_picked":["Guardian:Harden","Guardian:MultiBeam+1"],"picked":"Guardian:Gem_Red","floor":36},{"not_picked":["Guardian:TemporalStrike+1","Guardian:FastForward"],"picked":"Guardian:Gem_Blue","floor":37},{"not_picked":["Guardian:Gem_Blue","Guardian:Recover"],"picked":"Guardian:FuturePlans","floor":38},{"not_picked":["Guardian:Suspension","Guardian:Repulse"],"picked":"Guardian:Emergency+1","floor":39},{"not_picked":["Guardian:ShieldSpikes+1","Guardian:Gem_Cyan"],"picked":"Guardian:ChargeCore","floor":40},{"not_picked":["Guardian:TemporalStrike+1","Guardian:Gem_Red"],"picked":"Guardian:Gem_Purple","floor":43},{"not_picked":["Guardian:WalkerClaw+1","Guardian:GuardianWhirl+1"],"picked":"Guardian:Suspension","floor":44},{"not_picked":["Guardian:PiercingHide","Guardian:ShieldSpikes","Guardian:ArmoredProtocol"],"picked":"SKIP","floor":45},{"not_picked":["Guardian:Emergency+1","Guardian:FierceBash","Guardian:Gem_Lightblue"],"picked":"SKIP","floor":49}],"player_experience":191010,"relics_obtained":[{"floor":7,"key":"infinitespire:BottledMercury"},{"floor":13,"key":"Tiny Chest"},{"floor":24,"key":"Nunchaku"},{"floor":26,"key":"infinitespire:Bottled Soul"},{"floor":31,"key":"Onion Ring"},{"floor":40,"key":"Shovel"},{"floor":41,"key":"Dream Catcher"},{"floor":47,"key":"Centennial Puzzle"}],"event_choices":[{"damage_healed":0,"gold_gain":0,"player_choice":"Fight","damage_taken":0,"max_hp_gain":0,"max_hp_loss":0,"event_name":"Mysterious Sphere","floor":40,"gold_loss":0}],"is_beta":false,"boss_relics":[{"not_picked":["SacredBark","Sozu"],"picked":"Painkiller Herb"},{"not_picked":["Calling Bell","Black Star"],"picked":"expansioncontent:StudyCardRelic"}],"items_purged_floors":[9,22,37,48],"is_endless":false,"potions_floor_spawned":[10,11,15,16,20,29,31,32,39,40,43,44],"ascension_level":2}}