{"host":"x730sfaw5rd1mxd8","time":1611789028,"event":{"mods":["BaseMod","BetterRewards","Colored Powertips","Highlight Path","Minty Spire (QoL Compilation)","Relic Sorter","Relic Stats","Replay The Spire","StSLib"],"gold_per_floor":[114,114,64,74,144,144,179,191,239,271,271,271,305,380,380,475,475,493,503,503,514,525,525,525],"floor_reached":23,"language":"ENG","playtime":1351,"items_purged":[],"score":491,"play_id":"9e4933a1-2ca8-4cbe-be3a-d2894caa6e50","local_time":"20210127181028","is_ascension_mode":true,"campfire_choices":[{"data":"Eruption","floor":6,"key":"SMITH"},{"data":"LessonLearned","floor":11,"key":"SMITH"},{"data":"TalkToTheHand","floor":15,"key":"SMITH"}],"circlet_count":0,"master_deck":["Strike_P+1","Strike_P","Strike_P","Strike_P","Defend_P","Defend_P","Defend_P","Eruption+1","Vigilance","Wallop","Adaptation","Halt","EmptyFist","TalkToTheHand+1","FearNoEvil+1","CutThroughFate","FlurryOfBlows","ThirdEye","Ragnarok","Weave","ClearTheMind","LessonLearned+1","Collect","Devotion","Tantrum+1","Crescendo","FlurryOfBlows","JustLucky","Nirvana+1"],"relics":["PureWater","Nunchaku","Mirror","Question Card","GoldenEye","TheAbacus","Prayer Wheel","Dream Catcher","Replay:Baseball","Garlic","ChewingGum","Nilry\u0027s Codex"],"acts_visited":["Exordium","TheCity"],"potions_floor_usage":[16,16],"damage_taken":[{"damage":0,"enemies":"Jaw Worm","floor":1,"turns":3},{"damage":0,"enemies":"Small Slimes","floor":4,"turns":3},{"damage":0,"enemies":"Gremlin Nob","floor":7,"turns":2},{"damage":0,"enemies":"2 Louse","floor":8,"turns":2},{"damage":8,"enemies":"Replay:BlueRogue","floor":10,"turns":3},{"damage":0,"enemies":"Gremlin Nob","floor":13,"turns":3},{"damage":0,"enemies":"Hexaghost","floor":16,"turns":7},{"damage":10,"enemies":"2 Thieves","floor":18,"turns":5},{"damage":2,"enemies":"Spheric Guardian","floor":19,"turns":3},{"damage":16,"enemies":"Centurion and Healer","floor":21,"turns":5},{"damage":0,"enemies":"Sentry and Sphere","floor":22,"turns":2},{"damage":30,"enemies":"Book of Stabbing","floor":23,"turns":3}],"seed_played":"481417766065003291","potions_obtained":[{"floor":5,"key":"Venom Potion"},{"floor":5,"key":"Languid Potion"},{"floor":5,"key":"Doom Potion"},{"floor":7,"key":"SkillPotion"},{"floor":8,"key":"Ancient Potion"},{"floor":21,"key":"BottledMiracle"}],"is_trial":false,"path_per_floor":["M","?","?","M","?","R","E","M","T","E","R","$","E","?","R","B",null,"M","M","?","M","M","E"],"character_chosen":"WATCHER","items_purchased":["Wallop","Adaptation","Mirror","Question Card","Halt","GoldenEye","TheAbacus","EmptyFist","Prayer Wheel","TalkToTheHand","FearNoEvil"],"campfire_rested":0,"item_purchase_floors":[0,0,0,0,0,0,0,0,0,0,0],"current_hp_per_floor":[72,72,72,72,72,72,72,72,72,64,64,64,64,53,53,53,72,62,60,44,28,28,0,0],"gold":525,"neow_bonus":"","is_daily":false,"chose_seed":false,"campfire_upgraded":3,"win_rate":0.0,"timestamp":1611789028,"path_taken":["M","?","?","M","?","R","E","M","T","E","R","$","E","?","R","BOSS","M","M","?","M","M","E"],"items_purchased_type":["Card","Card","Relic","Relic","Card","Relic","Relic","Card","Relic","Card","Card"],"build_version":"2020-12-22","purchased_purges":0,"victory":false,"max_hp_per_floor":[72,72,72,72,72,72,72,72,72,72,72,72,72,72,72,72,72,72,72,72,72,72,72,72],"relic_stats":{"Nunchaku":[9],"Dream Catcher":0,"TheAbacus":[48],"counters":[256,1011],"Prayer Wheel":9,"Question Card":20,"GoldenEye":[25],"obtain_stats":[{"Golden Egg":0,"Replay:Accelerometer":40,"Vampiric Spirits":0,"Whetstone":55,"Boot":55,"Sling":55,"Blood Vial":20,"Replay:Bronze Core":17,"MealTicket":27,"Fusion Hammer":36,"Replay:Wax Seal":12,"Electric Blood":17,"Replay:Bottled Steam":43,"Pear":46,"Blue Candle":30,"Tingsha":0,"Paper Crane":8,"Cables":54,"SlaversCollar":17,"Snecko Scales":34,"Bird Faced Urn":12,"Snecko Eye":17,"Mark of Pain":0,"StrikeDummy":6,"Regal Pillow":0,"Lantern":40,"Singing Bowl":10,"Magic Flower":11,"Painkiller Herb":19,"Blue Doll":23,"Bag of Preparation":55,"Replay:Multitool":44,"Cursed Key":34,"Smiling Mask":23,"Burning Blood":0,"Pet Ghost":23,"Replay:Rubber Ducky":55,"Matryoshka":0,"InkBottle":27,"Potion Belt":7,"The Specimen":25,"Golden Idol":11,"Basket Of Snakes":39,"Damaru":13,"Thread and Needle":47,"The Courier":14,"PreservedInsect":22,"Geode":40,"Omamori":31,"Frozen Egg 2":0,"MawBank":31,"GoldenEye":54,"Busted Crown":17,"Ornamental Fan":55,"Turnip":46,"Art of War":40,"Garlic":13,"Bottled Lightning":53,"ReplayTheSpireMod:Ring of Challenge":38,"Toy Ornithopter":48,"Ice Cream":14,"Gremlin Horn":9,"Nilry\u0027s Codex":23,"CeramicFish":8,"Vajra":28,"Sozu":0,"Centennial Puzzle":9,"Strawberry":28,"Prayer Wheel":0,"Philosopher\u0027s Stone":34,"Iron Hammer":27,"Byrd Skull":11,"Happy Flower":55,"Astrolabe":34,"Replay:Grab Bag":34,"Oddly Smooth Stone":26,"Ring of Chaos":47,"War Paint":23,"Question Card":0,"OrangePellets":0,"Bottled Flame":15,"Replay:Baseball":0,"Shuriken":43,"Bronze Scales":12,"Simple Rune":55,"Mirror":0,"Pocketwatch":0,"Meat on the Bone":38,"Darkstone Periapt":5,"ReplayFunnel":55,"Mango":6,"Snake Skull":29,"Incense Burner":45,"Juzu Bracelet":48,"CloakClasp":43,"Dream Catcher":43,"Nunchaku":24,"Replay:Bandana":10,"TheAbacus":53,"Pantograph":23,"Gambling Chip":24,"Tiny Chest":6,"Replay:Drink Me":17,"Red Skull":6,"Gremlin Food":44,"ReplayTheSpireMod:Ninjato":6,"Replay:Towering Pillar of Hats":10,"Quantum Egg":46,"Guide Book":0,"Replay:WaspNest":0,"Orichalcum":56,"Medical Kit":42,"Mercury Hourglass":0,"Peace Pipe":39,"Anchor":11,"CaptainsWheel":43,"Pondfish Scales":55,"DataDisk":0,"ChewingGum":34,"Snack Pack":8,"Membership Card":0,"PureWater":0,"FossilizedHelix":48},{"Golden Egg":184,"Replay:Accelerometer":207,"Vampiric Spirits":61,"Whetstone":91,"Boot":91,"Sling":91,"Blood Vial":26,"Replay:Bronze Core":134,"MealTicket":58,"Fusion Hammer":80,"Replay:Wax Seal":191,"Electric Blood":51,"Replay:Bottled Steam":119,"Pear":122,"Blue Candle":30,"Tingsha":93,"Paper Crane":66,"Cables":153,"SlaversCollar":24,"Snecko Scales":115,"Bird Faced Urn":22,"Snecko Eye":222,"Mark of Pain":0,"StrikeDummy":98,"Regal Pillow":93,"Lantern":176,"Singing Bowl":21,"Magic Flower":49,"Painkiller Herb":72,"Blue Doll":196,"Bag of Preparation":91,"Replay:Multitool":120,"Cursed Key":31,"Smiling Mask":227,"Burning Blood":0,"Pet Ghost":56,"Replay:Rubber Ducky":91,"Matryoshka":61,"InkBottle":141,"Potion Belt":218,"The Specimen":76,"Golden Idol":5,"Basket Of Snakes":82,"Damaru":221,"Thread and Needle":180,"The Courier":7,"PreservedInsect":11,"Geode":146,"Omamori":202,"Frozen Egg 2":14,"MawBank":79,"GoldenEye":183,"Busted Crown":8,"Ornamental Fan":91,"Turnip":38,"Art of War":36,"Garlic":250,"Bottled Lightning":182,"ReplayTheSpireMod:Ring of Challenge":81,"Toy Ornithopter":241,"Ice Cream":23,"Gremlin Horn":20,"Nilry\u0027s Codex":75,"CeramicFish":157,"Vajra":77,"Sozu":154,"Centennial Puzzle":5,"Strawberry":13,"Prayer Wheel":93,"Philosopher\u0027s Stone":232,"Iron Hammer":167,"Byrd Skull":66,"Happy Flower":91,"Astrolabe":172,"Replay:Grab Bag":232,"Oddly Smooth Stone":57,"Ring of Chaos":122,"War Paint":139,"Question Card":244,"OrangePellets":93,"Bottled Flame":70,"Replay:Baseball":93,"Shuriken":177,"Bronze Scales":6,"Simple Rune":91,"Mirror":244,"Pocketwatch":41,"Meat on the Bone":117,"Darkstone Periapt":18,"ReplayFunnel":91,"Mango":19,"Snake Skull":78,"Incense Burner":87,"Juzu Bracelet":181,"CloakClasp":208,"Dream Catcher":37,"Nunchaku":75,"Replay:Bandana":100,"TheAbacus":211,"Pantograph":12,"Gambling Chip":27,"Tiny Chest":188,"Replay:Drink Me":161,"Red Skull":47,"Gremlin Food":87,"ReplayTheSpireMod:Ninjato":156,"Replay:Towering Pillar of Hats":66,"Quantum Egg":87,"Guide Book":93,"Replay:WaspNest":61,"Orichalcum":92,"Medical Kit":119,"Mercury Hourglass":61,"Peace Pipe":146,"Anchor":66,"CaptainsWheel":86,"Pondfish Scales":91,"DataDisk":126,"ChewingGum":232,"Snack Pack":48,"Membership Card":61,"PureWater":0,"FossilizedHelix":151},{"Golden Egg":733,"Replay:Accelerometer":814,"Vampiric Spirits":244,"Whetstone":364,"Boot":364,"Sling":364,"Blood Vial":107,"Replay:Bronze Core":537,"MealTicket":230,"Fusion Hammer":315,"Replay:Wax Seal":750,"Electric Blood":208,"Replay:Bottled Steam":471,"Pear":484,"Blue Candle":123,"Tingsha":376,"Paper Crane":257,"Cables":637,"SlaversCollar":100,"Snecko Scales":459,"Bird Faced Urn":86,"Snecko Eye":881,"Mark of Pain":0,"StrikeDummy":392,"Regal Pillow":376,"Lantern":706,"Singing Bowl":82,"Magic Flower":200,"Painkiller Herb":279,"Blue Doll":766,"Bag of Preparation":364,"Replay:Multitool":475,"Cursed Key":130,"Smiling Mask":896,"Burning Blood":0,"Pet Ghost":224,"Replay:Rubber Ducky":364,"Matryoshka":244,"InkBottle":568,"Potion Belt":860,"The Specimen":292,"Golden Idol":17,"Basket Of Snakes":325,"Damaru":872,"Thread and Needle":718,"The Courier":25,"PreservedInsect":40,"Geode":594,"Omamori":790,"Frozen Egg 2":51,"MawBank":304,"GoldenEye":727,"Busted Crown":30,"Ornamental Fan":364,"Turnip":156,"Art of War":146,"Garlic":986,"Bottled Lightning":724,"ReplayTheSpireMod:Ring of Challenge":318,"Toy Ornithopter":957,"Ice Cream":93,"Gremlin Horn":78,"Nilry\u0027s Codex":288,"CeramicFish":657,"Vajra":296,"Sozu":646,"Centennial Puzzle":17,"Strawberry":48,"Prayer Wheel":376,"Philosopher\u0027s Stone":919,"Iron Hammer":681,"Byrd Skull":257,"Happy Flower":364,"Astrolabe":695,"Replay:Grab Bag":919,"Oddly Smooth Stone":226,"Ring of Chaos":484,"War Paint":559,"Question Card":970,"OrangePellets":376,"Bottled Flame":268,"Replay:Baseball":376,"Shuriken":710,"Bronze Scales":20,"Simple Rune":364,"Mirror":970,"Pocketwatch":170,"Meat on the Bone":463,"Darkstone Periapt":65,"ReplayFunnel":364,"Mango":73,"Snake Skull":300,"Incense Burner":344,"Juzu Bracelet":721,"CloakClasp":818,"Dream Catcher":151,"Nunchaku":288,"Replay:Bandana":399,"TheAbacus":834,"Pantograph":44,"Gambling Chip":111,"Tiny Chest":741,"Replay:Drink Me":667,"Red Skull":189,"Gremlin Food":344,"ReplayTheSpireMod:Ninjato":655,"Replay:Towering Pillar of Hats":257,"Quantum Egg":344,"Guide Book":376,"Replay:WaspNest":244,"Orichalcum":369,"Medical Kit":471,"Mercury Hourglass":244,"Peace Pipe":594,"Anchor":257,"CaptainsWheel":341,"Pondfish Scales":364,"DataDisk":505,"ChewingGum":919,"Snack Pack":196,"Membership Card":244,"PureWater":0,"FossilizedHelix":621}]},"card_choices":[{"not_picked":["Protect","BowlingBash","Evaluate"],"picked":"CutThroughFate","floor":1},{"not_picked":["Perseverance","Prostrate","JustLucky"],"picked":"FlurryOfBlows","floor":1},{"not_picked":["SpiritShield","Replay:ManipulateFuture","FollowUp"],"picked":"ThirdEye","floor":4},{"not_picked":["Prostrate","Crescendo","PathToVictory"],"picked":"Ragnarok","floor":4},{"not_picked":["Consecrate","WheelKick","SandsOfTime"],"picked":"Weave","floor":5},{"not_picked":["EmptyFist","CutThroughFate","Evaluate","Conclude"],"picked":"SKIP","floor":7},{"not_picked":["Halt","WheelKick","BowlingBash"],"picked":"ClearTheMind","floor":8},{"not_picked":["JustLucky","BattleHymn","Worship"],"picked":"LessonLearned","floor":8},{"not_picked":["Replay:AllIn","SashWhip","Adaptation"],"picked":"Collect","floor":10},{"not_picked":["Perseverance","Replay:BluntJabs","Pray","Replay:Cycle"],"picked":"SKIP","floor":13},{"not_picked":["Blasphemy","DeusExMachina","Replay:AllIn"],"picked":"Devotion","floor":16},{"not_picked":["Prostrate","PathToVictory","Weave+1"],"picked":"Tantrum+1","floor":18},{"not_picked":["Prostrate+1","Replay:ManipulateFuture","Halt","CutThroughFate"],"picked":"SKIP","floor":18},{"not_picked":["ThirdEye","Halt+1","CrushJoints"],"picked":"Crescendo","floor":19},{"not_picked":["Perseverance+1","Conclude+1","PathToVictory"],"picked":"FlurryOfBlows","floor":19},{"not_picked":["Worship","Consecrate","Crescendo"],"picked":"JustLucky","floor":21},{"not_picked":["Replay:Hum","WreathOfFlame","WaveOfTheHand","MentalFortress"],"picked":"SKIP","floor":21},{"not_picked":["Perseverance+1","Prostrate","MentalFortress"],"picked":"Nirvana+1","floor":22},{"not_picked":["Replay:Battleflow","Consecrate","ForeignInfluence","Replay:AtTheReady"],"picked":"SKIP","floor":22}],"player_experience":4027366,"relics_obtained":[{"floor":7,"key":"Dream Catcher"},{"floor":9,"key":"Nunchaku"},{"floor":10,"key":"Replay:Baseball"},{"floor":13,"key":"Garlic"},{"floor":20,"key":"Nilry\u0027s Codex"}],"event_choices":[{"cards_removed":["Defend_P"],"damage_healed":0,"gold_gain":0,"player_choice":"Card Removal","damage_taken":0,"max_hp_gain":0,"max_hp_loss":0,"event_name":"The Cleric","floor":3,"gold_loss":50},{"damage_healed":0,"gold_gain":75,"player_choice":"Gather Gold","damage_taken":11,"max_hp_gain":0,"max_hp_loss":0,"event_name":"World of Goop","floor":14,"gold_loss":0},{"damage_healed":0,"gold_gain":0,"player_choice":"Obtained Book","damage_taken":16,"max_hp_gain":0,"max_hp_loss":0,"event_name":"Cursed Tome","floor":20,"gold_loss":0}],"is_beta":false,"boss_relics":[{"not_picked":["Replay:Ancient Bell","Replay:Drink Me"],"picked":"ChewingGum"}],"items_purged_floors":[],"is_endless":false,"potions_floor_spawned":[7,8,13,21],"killed_by":"Book of Stabbing","ascension_level":4}}