{"host":"kvo7eymyd21g9abd","time":1611778394,"event":{"mods":["AchievementEnabler","BaseMod","Bestiary","Colored Map","Minty Spire (QoL Compilation)","StSLib"],"gold_per_floor":[109,109,36,50,70,70,87,87,111,146,159,176,176,194,194,296,296,306,50,62,62,75,75,89,115,115,115,115,17,36,36,36],"floor_reached":31,"language":"ENG","playtime":1415,"items_purged":[],"score":285,"play_id":"d4b99c9b-9942-43c2-8bbb-26bcf29c1206","local_time":"20210127151314","is_ascension_mode":true,"campfire_choices":[{"floor":6.0,"key":"RECALL"},{"data":"Eruption","floor":8.0,"key":"SMITH"},{"floor":13.0,"key":"REST"},{"floor":15.0,"key":"REST"},{"floor":23,"key":"REST"},{"floor":28,"key":"REST"}],"circlet_count":0,"master_deck":["Eruption+1","Vigilance","Ragnarok","WindmillStrike","EmptyBody","EmptyBody","ThirdEye","Protect","Devotion","CutThroughFate","EmptyFist","Crescendo","SpiritShield","Indignation","Devotion","WaveOfTheHand","Alpha","CutThroughFate","DevaForm","Evaluate","EmptyFist+1","ReachHeaven","DevaForm","Consecrate","EmptyBody"],"relics":["PureWater","Boot","Nunchaku","Pandora\u0027s Box","TeardropLocket","Toy Ornithopter","Gremlin Horn"],"acts_visited":["Exordium","TheCity"],"potions_floor_usage":[25,30],"damage_taken":[{"damage":0.0,"enemies":"Jaw Worm","floor":1.0,"turns":6.0},{"damage":0.0,"enemies":"Cultist","floor":4.0,"turns":2.0},{"damage":0.0,"enemies":"2 Louse","floor":5.0,"turns":2.0},{"damage":14.0,"enemies":"Looter","floor":7.0,"turns":3.0},{"damage":28.0,"enemies":"Gremlin Nob","floor":10.0,"turns":3.0},{"damage":5.0,"enemies":"Exordium Wildlife","floor":11.0,"turns":5.0},{"damage":24.0,"enemies":"Exordium Thugs","floor":12.0,"turns":6.0},{"damage":0.0,"enemies":"Blue Slaver","floor":14.0,"turns":3.0},{"damage":29.0,"enemies":"The Guardian","floor":16.0,"turns":11.0},{"damage":19,"enemies":"Chosen","floor":18,"turns":6},{"damage":27,"enemies":"2 Thieves","floor":20,"turns":5},{"damage":12,"enemies":"3 Cultists","floor":22,"turns":4},{"damage":4,"enemies":"Snecko","floor":24,"turns":5},{"damage":23,"enemies":"Gremlin Leader","floor":25,"turns":7},{"damage":0,"enemies":"Shelled Parasite and Fungi","floor":30,"turns":2},{"damage":35,"enemies":"Sentry and Sphere","floor":31,"turns":5}],"seed_played":"3716292492134529850","potions_obtained":[{"floor":4.0,"key":"BottledMiracle"},{"floor":11.0,"key":"Ancient Potion"},{"floor":12.0,"key":"Weak Potion"},{"floor":22,"key":"BlessingOfTheForge"},{"floor":25,"key":"Weak Potion"},{"floor":30,"key":"Dexterity Potion"}],"is_trial":false,"path_per_floor":["M","?","$","M","M","R","M","R","T","E","M","M","R","M","R","B",null,"M","$","M","?","M","R","M","E","T","?","R","$","M","M"],"character_chosen":"WATCHER","items_purchased":["EmptyBody","Fire Potion","TeardropLocket","Ambrosia"],"campfire_rested":4,"item_purchase_floors":[3,3,19,29],"current_hp_per_floor":[72,72,72,72,72,72,58,58,58,30,25,1,22,22,43,14,72,53,53,26,26,14,35,31,8,8,8,29,29,34,0,0],"gold":36,"neow_bonus":"TRANSFORM_CARD","is_daily":false,"chose_seed":false,"campfire_upgraded":1,"win_rate":0.0,"timestamp":1611778394,"path_taken":["M","?","$","M","M","R","M","R","T","E","M","M","R","?","R","BOSS","M","$","M","?","M","R","M","E","T","?","R","?","M","?"],"items_purchased_type":["Card","Potion","Relic","Potion"],"build_version":"2020-12-22","purchased_purges":0,"victory":false,"max_hp_per_floor":[72,72,72,72,72,72,72,72,72,72,72,72,72,72,72,72,72,72,72,72,72,72,72,72,72,72,72,72,72,72,72,72],"card_choices":[{"not_picked":["FlurryOfBlows","WaveOfTheHand"],"picked":"WindmillStrike","floor":1.0},{"not_picked":["CutThroughFate","Prostrate"],"picked":"EmptyBody","floor":4.0},{"not_picked":["Indignation","Consecrate"],"picked":"ThirdEye","floor":5.0},{"not_picked":["PathToVictory","FlyingSleeves"],"picked":"Protect","floor":7.0},{"not_picked":["CutThroughFate","WheelKick"],"picked":"Devotion","floor":10.0},{"not_picked":["Consecrate","ThirdEye"],"picked":"CutThroughFate","floor":11.0},{"not_picked":["BowlingBash","Fasting2"],"picked":"EmptyFist","floor":12.0},{"not_picked":["CutThroughFate","BowlingBash"],"picked":"Crescendo","floor":14.0},{"not_picked":["Scrawl","Vault"],"picked":"SpiritShield","floor":16.0},{"not_picked":["Crescendo","FlyingSleeves+1"],"picked":"EmptyFist+1","floor":18},{"not_picked":["PathToVictory+1","CrushJoints","BowlingBash"],"picked":"SKIP","floor":20},{"not_picked":["FlurryOfBlows","WaveOfTheHand"],"picked":"ReachHeaven","floor":22},{"not_picked":["Nirvana+1","CutThroughFate"],"picked":"DevaForm","floor":24},{"not_picked":["CrushJoints+1","Crescendo+1"],"picked":"Consecrate","floor":25},{"not_picked":["Study","SashWhip"],"picked":"EmptyBody","floor":30}],"player_experience":428654,"relics_obtained":[{"floor":2.0,"key":"Boot"},{"floor":10.0,"key":"Nunchaku"},{"floor":25,"key":"Toy Ornithopter"},{"floor":26,"key":"Gremlin Horn"}],"event_choices":[{"damage_healed":0.0,"max_hp_gain":0.0,"max_hp_loss":0.0,"gold_gain":0.0,"event_name":"Wheel of Change","player_choice":"Relic","floor":2.0,"gold_loss":0.0,"damage_taken":0.0},{"damage_healed":0,"gold_gain":0,"player_choice":"Ignored","damage_taken":0,"max_hp_gain":0,"max_hp_loss":0,"event_name":"Cursed Tome","floor":21,"gold_loss":0},{"damage_healed":0,"gold_gain":0,"player_choice":"Ignored","damage_taken":0,"max_hp_gain":0,"max_hp_loss":0,"event_name":"Beggar","floor":27,"gold_loss":0}],"is_beta":false,"boss_relics":[{"not_picked":["Ectoplasm","Cursed Key"],"picked":"Pandora\u0027s Box"}],"items_purged_floors":[],"is_endless":false,"potions_floor_spawned":[4,11,12,22,25,30],"killed_by":"Sentry and Sphere","ascension_level":2}}