{"host":"9n6i2vl93jt4o42q","time":1611757936,"event":{"mods":["BaseMod","Minty Spire (QoL Compilation)","Relic Stats"],"gold_per_floor":[109,34,34,34,52,84,28,28,55,82,132,2,21,48,48,48,48],"floor_reached":16,"language":"ENG","playtime":630,"items_purged":["Strike_R"],"score":282,"play_id":"9b9d9fa1-341e-4212-970c-7ba147b8854d","local_time":"20210127153215","is_ascension_mode":true,"campfire_choices":[{"data":"Armaments","floor":8.0,"key":"SMITH"},{"floor":15,"key":"REST"}],"circlet_count":0,"master_deck":["AscendersBane","Strike_R","Strike_R","Defend_R","Defend_R","Defend_R","Defend_R","Bash","Cleave","Thunderclap","Battle Trance","Intimidate","Armaments+1","Uppercut","Sword Boomerang","Headbutt"],"relics":["Burning Blood","NeowsBlessing","Oddly Smooth Stone","Paper Frog","Potion Belt","Strawberry","Orichalcum"],"acts_visited":["Exordium"],"potions_floor_usage":[10,16,16],"damage_taken":[{"damage":0.0,"enemies":"Cultist","floor":1.0,"turns":1.0},{"damage":0.0,"enemies":"2 Louse","floor":5.0,"turns":1.0},{"damage":0.0,"enemies":"Lagavulin","floor":6.0,"turns":1.0},{"damage":36,"enemies":"Gremlin Nob","floor":10,"turns":4},{"damage":3,"enemies":"Small Slimes","floor":13,"turns":2},{"damage":24,"enemies":"Lagavulin","floor":14,"turns":5},{"damage":57,"enemies":"Hexaghost","floor":16,"turns":11}],"seed_played":"-3481035216370743178","potions_obtained":[{"floor":5.0,"key":"Regen Potion"},{"floor":10,"key":"BloodPotion"},{"floor":13,"key":"DuplicationPotion"}],"is_trial":false,"path_per_floor":["M","?","?","?","M","E","$","R","T","E","?","$","M","E","R","B"],"character_chosen":"IRONCLAD","items_purchased":["Armaments","Fire Potion"],"campfire_rested":1,"item_purchase_floors":[7,12],"current_hp_per_floor":[74,74,74,29,35,41,41,41,41,30,30,30,33,15,39,0,0],"gold":48,"neow_bonus":"THREE_ENEMY_KILL","is_daily":false,"chose_seed":false,"campfire_upgraded":1,"win_rate":0.0,"timestamp":1611757935,"path_taken":["M","?","?","?","M","E","$","R","T","E","?","$","?","E","R","BOSS"],"items_purchased_type":["Card","Potion"],"build_version":"2020-12-22","purchased_purges":1,"victory":false,"max_hp_per_floor":[75,75,75,75,75,75,75,75,75,82,82,82,82,82,82,82,82],"relic_stats":{"counters":[7,25],"Orichalcum":[12],"obtain_stats":[{"Potion Belt":9,"NeowsBlessing":0,"Strawberry":10,"Oddly Smooth Stone":4,"Orichalcum":14,"Burning Blood":0,"Paper Frog":6},{"Potion Belt":3,"NeowsBlessing":0,"Strawberry":4,"Oddly Smooth Stone":1,"Orichalcum":6,"Burning Blood":0,"Paper Frog":3},{"Potion Belt":3,"NeowsBlessing":0,"Strawberry":7,"Oddly Smooth Stone":1,"Orichalcum":14,"Burning Blood":0,"Paper Frog":3}],"Burning Blood":36},"card_choices":[{"not_picked":["Body Slam","Inflame"],"picked":"Cleave","floor":1.0},{"not_picked":["Sever Soul","True Grit"],"picked":"Battle Trance","floor":5.0},{"not_picked":["Twin Strike","Havoc"],"picked":"Intimidate","floor":6.0},{"not_picked":["Shockwave","Rampage"],"picked":"Uppercut","floor":10},{"not_picked":["Combust","Perfected Strike"],"picked":"Sword Boomerang","floor":13},{"not_picked":["Whirlwind","Ghostly Armor"],"picked":"Headbutt","floor":14}],"player_experience":2308910,"relics_obtained":[{"floor":6.0,"key":"Paper Frog"},{"floor":9.0,"key":"Potion Belt"},{"floor":10,"key":"Strawberry"},{"floor":14,"key":"Orichalcum"}],"event_choices":[{"cards_removed":["Strike_R"],"damage_healed":0.0,"max_hp_gain":0.0,"max_hp_loss":0.0,"gold_gain":0.0,"event_name":"The Cleric","player_choice":"Card Removal","floor":2.0,"gold_loss":75.0,"damage_taken":0.0},{"damage_healed":0.0,"max_hp_gain":0.0,"max_hp_loss":0.0,"gold_gain":0.0,"cards_transformed":["Strike_R"],"event_name":"Living Wall","player_choice":"Change","floor":3.0,"gold_loss":0.0,"damage_taken":0.0,"cards_obtained":["Thunderclap"]},{"damage_healed":0.0,"max_hp_gain":0.0,"max_hp_loss":0.0,"gold_gain":0.0,"event_name":"Scrap Ooze","player_choice":"Success","floor":4.0,"gold_loss":0.0,"damage_taken":45.0,"relics_obtained":["Oddly Smooth Stone"]},{"damage_healed":0,"gold_gain":50,"player_choice":"Pray","damage_taken":0,"max_hp_gain":0,"max_hp_loss":0,"event_name":"Golden Shrine","floor":11,"gold_loss":0}],"is_beta":false,"boss_relics":[],"items_purged_floors":[12],"is_endless":false,"potions_floor_spawned":[5,10,13],"killed_by":"Hexaghost","ascension_level":20}}