{"host":"17xjy7b7ubl548g2","time":1611723563,"event":{"mods":["2.2 Compatiblity","Act Like it!","Aspiration","Astrologer","Bard","BaseMod","Challenge The Spire","ChefMod","Colored Map","Colored Powertips","Conspire","Elementarium","Energized Spire","Gensokyo","GifTheSpireLib","Halation","Hallownest","Hermit","Hubris","Infinite Spire","Jedi Mod","Jorbs\u0027s Wanderer Trilogy","Marisa（霧雨　魔理沙）","Marked Mod","Menagerie","Minty Spire (QoL Compilation)","Permanent Neow","Reliquary","Replay The Spire","Robot Space Explorer","Spicy Shops","Spire Arcade","StSLib","Stuff the Spire","The Blue Laboratory","The Bug Knight","The Construct","The Disciple","The Hayseed","The Hierophant","The Marked","The Runesmith","The Sage","TheFirefly"],"gold_per_floor":[11,11,11,2,12,12,44,70,136,148,174,186,198,223,235,247,247],"floor_reached":16,"language":"ENG","playtime":975,"items_purged":[],"score":190,"play_id":"5dcad8f2-6b05-420b-8073-c87e315cea6f","local_time":"20210126235923","is_ascension_mode":true,"campfire_choices":[{"data":"Zap","floor":6,"key":"SMITH"},{"data":"hubris:PowerSurge","floor":10,"key":"SMITH"},{"data":"BasicCrystalCard","floor":13,"key":"SMITH"},{"data":"Hologram","floor":15,"key":"SMITH"}],"circlet_count":0,"master_deck":["AscendersBane","Strike_B","Strike_B","Defend_B","Defend_B","Defend_B","Defend_B+1","Zap+1","Dualcast","hubris:PowerSurge+1","Good Instincts","Sweeping Beam","Rip and Tear","Leap","BasicCrystalCard+1","infinitespire:Fortify","Hologram+1"],"relics":["Cracked Core","MawBank","infinitespire:Beetle Shell"],"acts_visited":["Exordium"],"potions_floor_usage":[7],"damage_taken":[{"damage":4,"enemies":"Hallownest:monsterHuskGuard","floor":1,"turns":5},{"damage":5,"enemies":"2_ Uuma","floor":5,"turns":6},{"damage":1,"enemies":"Hallownest:eliteVengeflyKing","floor":7,"turns":9},{"damage":0,"enemies":"Hallownest:2_MossCreeps","floor":8,"turns":3},{"damage":0,"enemies":"Hallownest:monsterAspidMother","floor":11,"turns":3},{"damage":0,"enemies":"Hallownest:monsterMossCharger","floor":14,"turns":2},{"damage":39,"enemies":"Hallownest:BossFalseKnight","floor":16,"turns":7}],"seed_played":"365509153749262448","potions_obtained":[{"floor":5,"key":"blueLaboratory:PlasmaFuel"},{"floor":11,"key":"Reflective Coating"}],"is_trial":false,"path_per_floor":["M","?","?","$","M","R","E","M","T","R","M","?","R","M","R","B"],"character_chosen":"DEFECT","items_purchased":["Good Instincts"],"campfire_rested":0,"item_purchase_floors":[4],"current_hp_per_floor":[60,60,60,60,55,55,54,54,54,54,54,37,37,37,37,0,0],"gold":247,"neow_bonus":"REMOVE_TWO","is_daily":false,"chose_seed":false,"campfire_upgraded":4,"win_rate":0.0,"timestamp":1611723563,"path_taken":["M","?","?","?","M","R","E","?","T","R","M","?","R","M","R","BOSS"],"items_purchased_type":["Card"],"build_version":"2020-12-22","purchased_purges":0,"victory":false,"max_hp_per_floor":[71,71,71,71,71,71,71,71,71,71,71,71,71,71,71,71,71],"card_choices":[{"not_picked":["Compile Driver","StuffTheSpire:Plugnplay"],"picked":"hubris:PowerSurge","floor":1},{"not_picked":["Panic Button","BasicCrystalCard"],"picked":"Sweeping Beam","floor":5},{"not_picked":["Tempest","jedi:blockon"],"picked":"Rip and Tear","floor":7},{"not_picked":["Barrage","Beam Cell"],"picked":"Leap","floor":8},{"not_picked":["Beam Cell","StuffTheSpire:Rend"],"picked":"BasicCrystalCard","floor":11},{"not_picked":["infinitespire:SealOfDarkness+","hubris:Rewind"],"picked":"infinitespire:Fortify","floor":12},{"not_picked":["Meteor Strike","Panic Button"],"picked":"Hologram","floor":14}],"player_experience":1987774,"relics_obtained":[{"floor":7,"key":"MawBank"},{"floor":9,"key":"infinitespire:Beetle Shell"}],"event_choices":[],"is_beta":false,"boss_relics":[],"items_purged_floors":[],"is_endless":false,"potions_floor_spawned":[5,11],"killed_by":"Hallownest:BossFalseKnight","ascension_level":20}}