{"host":"r5cycnjhcbwgkpkf","time":1611720945,"event":{"mods":["2.2 Compatiblity","AchievementEnabler","BaseMod","Bestiary","Better Altar","Better Match","Better Note","Better Skull","Better Third Choice","BetterRewards","Colored Map","Colored Powertips","Infinite Spire","Minty Spire (QoL Compilation)","Reliquary","Replay The Spire","Spicy Shops","StSLib"],"gold_per_floor":[114,114,125,50,66,66,85,116,116,131,131,146,162,179,179,179,179],"floor_reached":16,"language":"ENG","playtime":819,"items_purged":["Strike_B"],"score":257,"play_id":"df6f2d53-7e12-49cc-9061-3cfdbe42d26c","local_time":"20210126201545","is_ascension_mode":true,"campfire_choices":[{"data":"White Noise","floor":6,"key":"SMITH"},{"floor":11,"key":"REST"},{"floor":15,"key":"REST"}],"circlet_count":0,"master_deck":["AscendersBane","Strike_B","Strike_B","Strike_B","Defend_B","Defend_B","Defend_B","Defend_B","Zap","Dualcast","Genetic Algorithm+1","Lockon","Lockon","Storm","White Noise+1","Panic Button","Redo","Melter"],"relics":["Cracked Core","Raider\u0027s Mask","DollysMirror","Carrot"],"acts_visited":["Exordium"],"potions_floor_usage":[16,16],"damage_taken":[{"damage":7,"enemies":"Jaw Worm","floor":1,"turns":2},{"damage":0,"enemies":"Cultist","floor":3,"turns":2},{"damage":5,"enemies":"infinitespire:Voidling","floor":5,"turns":3},{"damage":3,"enemies":"Blue Slaver","floor":7,"turns":3},{"damage":20,"enemies":"Gremlin Nob","floor":8,"turns":4},{"damage":5,"enemies":"2 Fungi Beasts","floor":10,"turns":3},{"damage":0,"enemies":"Looter","floor":12,"turns":2},{"damage":8,"enemies":"Blue Slaver","floor":13,"turns":3},{"damage":0,"enemies":"Exordium Wildlife","floor":14,"turns":2},{"damage":86,"enemies":"Fading Forest","floor":16,"turns":10}],"seed_played":"3498450984261615567","potions_obtained":[{"floor":3,"key":"PotionOfCapacity"},{"floor":7,"key":"LifebloodPotion"},{"floor":8,"key":"Energy Potion"}],"is_trial":false,"path_per_floor":["M","?","M","$","M","R","M","E","T","M","R","M","M","M","R","B"],"character_chosen":"DEFECT","items_purchased":["Genetic Algorithm+1","Raider\u0027s Mask","Lockon","DollysMirror"],"campfire_rested":2,"item_purchase_floors":[0,0,0,0],"current_hp_per_floor":[43,75,75,75,70,70,67,47,47,42,64,64,56,56,75,0,0],"gold":179,"neow_bonus":"","is_daily":false,"chose_seed":false,"campfire_upgraded":1,"win_rate":0.0,"timestamp":1611720945,"path_taken":["M","?","?","$","M","R","M","E","T","?","R","M","M","M","R","BOSS"],"items_purchased_type":["Card","Relic","Card","Relic"],"build_version":"2020-12-22","purchased_purges":1,"victory":false,"max_hp_per_floor":[75,75,75,75,75,75,75,75,75,75,75,75,75,75,75,75,75],"card_choices":[{"not_picked":["Streamline","Coolheaded"],"picked":"Storm","floor":1},{"not_picked":["Barrage","Beam Cell"],"picked":"White Noise","floor":3},{"not_picked":["Reinforced Body","Sunder"],"picked":"Panic Button","floor":5},{"not_picked":["Beam Cell","Hologram","Turbo"],"picked":"SKIP","floor":7},{"not_picked":["Thunder Strike","Auto Shields"],"picked":"Redo","floor":8},{"not_picked":["Leap","BasicCrystalCard","Compile Driver"],"picked":"SKIP","floor":10},{"not_picked":["Redo","ReplaySort"],"picked":"Melter","floor":12},{"not_picked":["Cold Snap","Streamline","Coolheaded"],"picked":"SKIP","floor":13},{"not_picked":["Cold Snap","Meteor Strike","Reprogram"],"picked":"SKIP","floor":14}],"player_experience":388221,"relics_obtained":[{"floor":9,"key":"Carrot"}],"event_choices":[{"damage_healed":32,"gold_gain":0,"player_choice":"Full Heal","damage_taken":0,"max_hp_gain":0,"max_hp_loss":0,"event_name":"Wheel of Change","floor":2,"gold_loss":0}],"is_beta":false,"boss_relics":[],"items_purged_floors":[4],"is_endless":false,"potions_floor_spawned":[3,7,8,12],"killed_by":"Fading Forest","ascension_level":13}}