{"host":"eswokialmqjd9jwx","time":1611736699,"event":{"mods":["AchievementEnabler","BaseMod","Colored Map","DeckTracker","KOR Keyword Fix","Minty Spire (QoL Compilation)","StSLib","SuperFastMode"],"gold_per_floor":[111,121,135,155,25,25,25,75,75,75,95,104,69,13,13,13,13],"floor_reached":16,"language":"KOR","playtime":346,"items_purged":["Exhume"],"score":200,"play_id":"1044a66e-51f3-431a-863b-bb66296d6bb3","local_time":"20210127173819","is_ascension_mode":true,"campfire_choices":[{"data":"Perfected Strike","floor":6,"key":"SMITH"},{"floor":10,"key":"REST"},{"data":"Pommel Strike","floor":15,"key":"SMITH"}],"circlet_count":0,"master_deck":["AscendersBane","Strike_R","Strike_R","Strike_R","Strike_R","Strike_R","Defend_R","Defend_R","Defend_R","Defend_R","Bash","Sword Boomerang","Battle Trance","Perfected Strike+1","Pommel Strike+1","Iron Wave"],"relics":["Burning Blood","Golden Idol","CeramicFish","Toy Ornithopter"],"acts_visited":["Exordium"],"potions_floor_usage":[8,8,16,16],"damage_taken":[{"damage":15,"enemies":"Small Slimes","floor":1,"turns":4},{"damage":8,"enemies":"2 Louse","floor":2,"turns":4},{"damage":14,"enemies":"Jaw Worm","floor":3,"turns":4},{"damage":27,"enemies":"Exordium Wildlife","floor":4,"turns":5},{"damage":25,"enemies":"Lagavulin","floor":8,"turns":7},{"damage":6,"enemies":"2 Fungi Beasts","floor":11,"turns":3},{"damage":46,"enemies":"Hexaghost","floor":16,"turns":9}],"seed_played":"1663138169027152023","potions_obtained":[{"floor":3,"key":"Weak Potion"},{"floor":8,"key":"SkillPotion"}],"is_trial":false,"path_per_floor":["M","M","M","M","$","R","?","E","T","R","M","?","?","$","R","B"],"character_chosen":"IRONCLAD","items_purchased":["FearPotion","PowerPotion"],"campfire_rested":1,"item_purchase_floors":[5,14],"current_hp_per_floor":[59,57,49,28,28,28,28,9,9,29,29,29,46,46,46,10,10],"gold":13,"neow_bonus":"ONE_RANDOM_RARE_CARD","is_daily":false,"chose_seed":false,"campfire_upgraded":2,"win_rate":0.0,"timestamp":1611736699,"path_taken":["M","M","M","M","$","R","?","E","T","R","M","?","?","?","R","BOSS"],"items_purchased_type":["Potion","Potion"],"build_version":"2020-12-22","purchased_purges":1,"victory":false,"max_hp_per_floor":[75,75,75,75,75,75,68,68,68,68,68,68,68,68,68,68,68],"card_choices":[{"not_picked":["Armaments","Pummel"],"picked":"Blood for Blood","floor":1},{"not_picked":["Clothesline","Rage"],"picked":"Sword Boomerang","floor":2},{"not_picked":["Wild Strike","Heavy Blade"],"picked":"Battle Trance","floor":3},{"not_picked":["Thunderclap","Headbutt"],"picked":"Perfected Strike","floor":4},{"not_picked":["Twin Strike","Anger"],"picked":"Pommel Strike","floor":8},{"not_picked":["Sentinel","True Grit","Spot Weakness"],"picked":"SKIP","floor":11}],"player_experience":1167880,"relics_obtained":[{"floor":8,"key":"CeramicFish"},{"floor":9,"key":"Toy Ornithopter"}],"event_choices":[{"damage_healed":0,"gold_gain":0,"player_choice":"Lose Max HP","damage_taken":0,"relics_obtained":["Golden Idol"],"max_hp_gain":0,"max_hp_loss":7,"event_name":"Golden Idol","floor":7,"gold_loss":0},{"damage_healed":0,"gold_gain":0,"cards_transformed":["Blood for Blood"],"player_choice":"Change","damage_taken":0,"max_hp_gain":0,"max_hp_loss":0,"event_name":"Living Wall","floor":12,"gold_loss":0,"cards_obtained":["Iron Wave"]},{"damage_healed":17,"gold_gain":0,"player_choice":"Healed","damage_taken":0,"max_hp_gain":0,"max_hp_loss":0,"event_name":"The Cleric","floor":13,"gold_loss":35}],"is_beta":false,"boss_relics":[],"items_purged_floors":[5],"is_endless":false,"potions_floor_spawned":[3,8],"killed_by":"Hexaghost","ascension_level":20}}