{"host":"y89x8uui45kcjy42","time":1611791322,"event":{"mods":["2.2 Compatiblity","BaseMod","CapriCore","Colored Map","Colored Powertips","Custom Start","Friendly Minions","Keyboard Shortcuts","Marisa£¨Ùöéë¡¡Øª×âÞÞ£©","Minty Spire (QoL Compilation)","Relic Stats","Slay the Relics Exporter","StSLib","SuperFastMode","Uncapped"],"gold_per_floor":[118,132,132,151,151,151,151,151,226,290,319,319,347,364,364,463,463,473,473,473,484,394,394,394,424,424,424,424],"floor_reached":27,"language":"KOR","playtime":992,"items_purged":[],"score":356,"play_id":"31f01c64-c353-4ef8-97fa-e61855270744","local_time":"20210128084842","is_ascension_mode":true,"campfire_choices":[{"data":"LuminesStrike","floor":6,"key":"SMITH"},{"data":"UnstableBomb","floor":7,"key":"SMITH"},{"data":"MeteoricShower","floor":8,"key":"SMITH"},{"data":"PulseMagic","floor":15,"key":"SMITH"},{"data":"CasketOfStar","floor":23,"key":"SMITH"},{"data":"Occultation","floor":24,"key":"SMITH"}],"circlet_count":0,"master_deck":["AscendersBane","Strike_MRS","Defend_MRS","Defend_MRS","Defend_MRS","MasterSpark","UpSweep+1","UnstableBomb+1","MeteoricShower+1","ShootingEcho","StarBarrage","PulseMagic+1","CasketOfStar+1","IllusionStar+1","NonDirectionalLaser","Occultation+1","OneTimeOff+1"],"relics":["Vajra","Oddly Smooth Stone","TungstenRod","BreadOfAWashokuLover","Chemical X","Incense Burner","Dream Catcher","Pen Nib","BewitchedHakkero","WingedGreaves","Ginger","Bottled Flame","Bag of Preparation"],"acts_visited":["Exordium","TheCity"],"potions_floor_usage":[16],"damage_taken":[{"damage":1,"enemies":"2 Louse","floor":1,"turns":2},{"damage":0,"enemies":"Jaw Worm","floor":2,"turns":3},{"damage":10,"enemies":"Small Slimes","floor":4,"turns":3},{"damage":15,"enemies":"Gremlin Nob","floor":10,"turns":3},{"damage":15,"enemies":"Gremlin Nob","floor":11,"turns":3},{"damage":19,"enemies":"Lagavulin","floor":13,"turns":5},{"damage":9,"enemies":"Red Slaver","floor":14,"turns":4},{"damage":14,"enemies":"The Guardian","floor":16,"turns":6},{"damage":21,"enemies":"Chosen","floor":18,"turns":4},{"damage":0,"enemies":"Spheric Guardian","floor":21,"turns":1},{"damage":75,"enemies":"Slavers","floor":25,"turns":6},{"damage":50,"enemies":"Gremlin Leader","floor":27,"turns":5}],"seed_played":"7333162768269518483","potions_obtained":[{"floor":2,"key":"Swift Potion"},{"floor":11,"key":"Strength Potion"},{"floor":14,"key":"SmokeBomb"},{"floor":18,"key":"LiquidBronze"}],"is_trial":false,"path_per_floor":["M","M","?","M","T","R","R","R","T","?","E","?","E","M","R","B",null,"M","?","?","M","?","R","R","E","T","E"],"character_chosen":"MARISA","items_purchased":[],"campfire_rested":0,"item_purchase_floors":[],"current_hp_per_floor":[74,74,68,58,58,58,58,58,58,44,30,35,17,9,9,16,66,46,46,46,46,46,46,46,43,43,0,0],"gold":424,"neow_bonus":"TEN_PERCENT_HP_BONUS","is_daily":false,"chose_seed":false,"campfire_upgraded":6,"win_rate":0.0,"timestamp":1611791322,"path_taken":["M","M","?","M","?","R","R","R","T","?","E","?","E","?","R","BOSS","M","?","?","M","?","R","R","E","T","E"],"items_purchased_type":[],"build_version":"2020-12-22","purchased_purges":0,"victory":false,"max_hp_per_floor":[82,82,82,82,82,82,82,82,82,82,82,82,82,82,82,82,82,82,82,82,82,82,82,82,82,82,82,82],"relic_stats":{"Dream Catcher":0,"counters":[12,45],"Pen Nib":[3],"Bag of Preparation":[2],"Chemical X":[0],"Ginger":[1],"obtain_stats":[{"Vajra":0,"Oddly Smooth Stone":0,"BreadOfAWashokuLover":5,"Pen Nib":13,"Incense Burner":10,"Bag of Preparation":26,"Ginger":25,"Dream Catcher":11,"Bottled Flame":26,"WingedGreaves":5,"MiniHakkero":0,"Chemical X":8,"BewitchedHakkero":17,"TungstenRod":0},{"Vajra":0,"Oddly Smooth Stone":0,"BreadOfAWashokuLover":3,"Pen Nib":6,"Incense Burner":4,"Bag of Preparation":11,"Ginger":11,"Dream Catcher":5,"Bottled Flame":11,"WingedGreaves":3,"MiniHakkero":0,"Chemical X":3,"BewitchedHakkero":8,"TungstenRod":0},{"Vajra":0,"Oddly Smooth Stone":0,"BreadOfAWashokuLover":8,"Pen Nib":19,"Incense Burner":11,"Bag of Preparation":40,"Ginger":40,"Dream Catcher":14,"Bottled Flame":40,"WingedGreaves":8,"MiniHakkero":0,"Chemical X":8,"BewitchedHakkero":29,"TungstenRod":0}],"TungstenRod":36},"card_choices":[{"not_picked":["Acceleration","GrandCross"],"picked":"LuminesStrike","floor":1},{"not_picked":["6A","DC"],"picked":"UnstableBomb","floor":2},{"not_picked":["OrrerysSun","Acceleration"],"picked":"MeteoricShower","floor":4},{"not_picked":["LuminesStrike","DarkSpark"],"picked":"ShootingEcho","floor":10},{"not_picked":["Robbery","Acceleration"],"picked":"StarBarrage","floor":11},{"not_picked":["GrandCross","EarthLightRay","SporeBomb"],"picked":"SKIP","floor":13},{"not_picked":["StarBarrage","BlazeAway"],"picked":"PulseMagic","floor":14},{"not_picked":["StarDustReverie","BigCrunch"],"picked":"CasketOfStar","floor":16},{"not_picked":["6A","EarthLightRay"],"picked":"IllusionStar+1","floor":18},{"not_picked":["IllusionStar","GalacticHalo","CasketOfStar"],"picked":"SKIP","floor":21},{"not_picked":["Acceleration+1","SporeBomb"],"picked":"OneTimeOff+1","floor":25}],"player_experience":722577,"relics_obtained":[{"floor":5,"key":"BreadOfAWashokuLover"},{"floor":10,"key":"Incense Burner"},{"floor":11,"key":"Dream Catcher"},{"floor":13,"key":"Pen Nib"},{"floor":25,"key":"Ginger"},{"floor":26,"key":"Bottled Flame"}],"event_choices":[{"cards_removed":["Strike_MRS"],"damage_healed":0,"gold_gain":0,"player_choice":"Card Removal","damage_taken":7,"max_hp_gain":0,"max_hp_loss":0,"event_name":"Golden Wing","floor":3,"gold_loss":0},{"damage_healed":0,"gold_gain":0,"player_choice":"Searched \u00271\u0027 times","damage_taken":0,"max_hp_gain":0,"max_hp_loss":0,"event_name":"Dead Adventurer","floor":10,"gold_loss":0},{"cards_removed":["LuminesStrike"],"damage_healed":5,"gold_gain":0,"player_choice":"Offered Common","damage_taken":0,"max_hp_gain":0,"max_hp_loss":0,"event_name":"Bonfire Elementals","floor":12,"gold_loss":0},{"cards_removed":["LuminesStrike"],"damage_healed":5,"gold_gain":0,"player_choice":"Offered Special","damage_taken":0,"max_hp_gain":0,"max_hp_loss":0,"event_name":"Bonfire Elementals","floor":12,"gold_loss":0},{"damage_healed":0,"gold_gain":0,"player_choice":"Ignored","damage_taken":0,"max_hp_gain":0,"max_hp_loss":0,"event_name":"Vampires","floor":19,"gold_loss":0},{"damage_healed":0,"gold_gain":0,"cards_transformed":["Strike_MRS","Defend_MRS"],"player_choice":"Became Test Subject","damage_taken":0,"max_hp_gain":0,"max_hp_loss":0,"event_name":"Drug Dealer","floor":20,"gold_loss":0,"cards_obtained":["NonDirectionalLaser","Occultation"]},{"cards_removed":["Strike_MRS"],"damage_healed":0,"gold_gain":0,"player_choice":"Upgrade and Remove","damage_taken":0,"max_hp_gain":0,"max_hp_loss":0,"event_name":"Designer","floor":22,"gold_loss":90,"cards_upgraded":["UpSweep"]}],"is_beta":false,"boss_relics":[{"not_picked":["Cursed Key","Tiny House"],"picked":"BewitchedHakkero"}],"items_purged_floors":[],"is_endless":false,"potions_floor_spawned":[2,11,14,18],"killed_by":"Gremlin Leader","ascension_level":10}}