{"host":"h6t8hbb65u5mbq7r","time":1611726424,"event":{"mods":["AchievementEnabler","BaseMod","Colored Map","Minty Spire (QoL Compilation)","StSLib","SuperFastMode"],"gold_per_floor":[114,114,114,264,283,283,293,273,347,347,372,372,391,37,37,114,114,130,130,142,142,160,160,160],"floor_reached":23,"language":"JPN","playtime":712,"items_purged":["Regret"],"score":378,"play_id":"cefa9ce7-6108-430a-89fc-d1cdb45162d7","local_time":"20210127144704","is_ascension_mode":true,"campfire_choices":[{"data":"Storm of Steel","floor":6.0,"key":"SMITH"},{"data":"Neutralize","floor":10.0,"key":"SMITH"},{"data":"PiercingWail","floor":12.0,"key":"SMITH"},{"data":"Acrobatics","floor":15.0,"key":"SMITH"}],"circlet_count":0,"master_deck":["AscendersBane","Strike_G","Strike_G","Strike_G","Strike_G","Strike_G+1","Defend_G","Defend_G","Defend_G","Defend_G","Defend_G","Survivor","Neutralize+1","Storm of Steel+1","Cloak And Dagger+1","Acrobatics+1","PiercingWail+1","Expertise","Blade Dance","Envenom","PiercingWail+1"],"relics":["Ring of the Snake","Shuriken","Pear","Bottled Lightning","Matryoshka","Runic Pyramid"],"acts_visited":["Exordium","TheCity"],"potions_floor_usage":[16],"damage_taken":[{"damage":9.0,"enemies":"Cultist","floor":1.0,"turns":6.0},{"damage":4.0,"enemies":"Small Slimes","floor":5.0,"turns":3.0},{"damage":1.0,"enemies":"Jaw Worm","floor":7.0,"turns":3.0},{"damage":11.0,"enemies":"Lagavulin","floor":11.0,"turns":5.0},{"damage":11.0,"enemies":"Gremlin Gang","floor":13.0,"turns":5.0},{"damage":32,"enemies":"The Guardian","floor":16,"turns":10},{"damage":8,"enemies":"3 Byrds","floor":18,"turns":5},{"damage":6,"enemies":"Chosen","floor":20,"turns":5},{"damage":14,"enemies":"Centurion and Healer","floor":22,"turns":6},{"damage":39,"enemies":"Slavers","floor":23,"turns":5}],"seed_played":"-5720166391560882929","potions_obtained":[{"floor":1.0,"key":"Fruit Juice"},{"floor":5.0,"key":"FairyPotion"},{"floor":8.0,"key":"Explosive Potion"},{"floor":11.0,"key":"DistilledChaos"}],"is_trial":false,"path_per_floor":["M","?","?","?","M","R","M","?","T","R","E","R","M","$","R","B",null,"M","?","M","?","M","E"],"character_chosen":"THE_SILENT","items_purchased":["Matryoshka"],"campfire_rested":0,"item_purchase_floors":[14],"current_hp_per_floor":[55,34,34,34,30,30,29,29,39,39,28,28,17,17,17,12,64,56,56,50,50,36,0,0],"gold":160,"neow_bonus":"THREE_RARE_CARDS","is_daily":false,"chose_seed":false,"campfire_upgraded":4,"win_rate":0.0,"timestamp":1611726424,"path_taken":["M","?","?","?","M","R","M","?","T","R","E","R","?","$","R","BOSS","M","?","?","?","?","E"],"items_purchased_type":["Relic"],"build_version":"2020-12-22","purchased_purges":1,"victory":false,"max_hp_per_floor":[71,71,71,71,71,71,71,71,81,81,81,81,81,81,81,81,81,81,81,81,81,81,81,81],"card_choices":[{"not_picked":["Grand Finale","A Thousand Cuts"],"picked":"Storm of Steel","floor":0.0},{"not_picked":["Acrobatics","Dodge and Roll"],"picked":"Cloak And Dagger","floor":1.0},{"not_picked":["Flying Knee","Leg Sweep"],"picked":"Acrobatics","floor":5.0},{"not_picked":["Slice","Poisoned Stab"],"picked":"PiercingWail","floor":7.0},{"not_picked":["Sucker Punch","Poisoned Stab"],"picked":"Expertise","floor":11.0},{"not_picked":["Terror","Flying Knee"],"picked":"Blade Dance","floor":13.0},{"not_picked":["Malaise","A Thousand Cuts"],"picked":"Envenom","floor":16},{"not_picked":["Deflect","Tactician","Blade Dance"],"picked":"SKIP","floor":18},{"not_picked":["Choke","Sucker Punch","Reflex"],"picked":"SKIP","floor":20},{"not_picked":["Infinite Blades","Backstab","Flying Knee"],"picked":"SKIP","floor":22}],"player_experience":952712,"relics_obtained":[{"floor":9.0,"key":"Pear"},{"floor":11.0,"key":"Bottled Lightning"}],"event_choices":[{"damage_healed":0.0,"max_hp_gain":0.0,"max_hp_loss":0.0,"gold_gain":0.0,"event_name":"Shining Light","player_choice":"Entered Light","floor":2.0,"gold_loss":0.0,"damage_taken":21.0,"cards_upgraded":["Cloak And Dagger","Strike_G"]},{"damage_healed":0.0,"max_hp_gain":0.0,"max_hp_loss":0.0,"gold_gain":0.0,"event_name":"Big Fish","player_choice":"Box","floor":3.0,"gold_loss":0.0,"damage_taken":0.0,"relics_obtained":["Shuriken"],"cards_obtained":["Regret"]},{"damage_healed":0.0,"max_hp_gain":0.0,"max_hp_loss":0.0,"gold_gain":150.0,"event_name":"Liars Game","player_choice":"AGREE","floor":4.0,"gold_loss":0.0,"damage_taken":0.0,"cards_obtained":["Doubt"]},{"damage_healed":0.0,"max_hp_gain":0.0,"max_hp_loss":0.0,"gold_gain":0.0,"event_name":"The Woman in Blue","player_choice":"Bought 1 Potion","floor":8.0,"gold_loss":0.0,"damage_taken":0.0},{"cards_removed":["Doubt","Clumsy"],"damage_healed":0,"gold_gain":0,"player_choice":"Removed Curses","damage_taken":0,"max_hp_gain":0,"max_hp_loss":0,"event_name":"Fountain of Cleansing","floor":19,"gold_loss":0},{"damage_healed":0,"gold_gain":0,"player_choice":"Copied","damage_taken":0,"max_hp_gain":0,"max_hp_loss":0,"event_name":"Duplicator","floor":21,"gold_loss":0,"cards_obtained":["PiercingWail"]}],"is_beta":false,"boss_relics":[{"not_picked":["Astrolabe","Calling Bell"],"picked":"Runic Pyramid"}],"items_purged_floors":[14],"is_endless":false,"potions_floor_spawned":[1,5,11],"killed_by":"Slavers","ascension_level":20}}