{"host":"gqcohn9v5baj3dmw","time":1611761749,"event":{"mods":["BaseMod","Better Note","Better Sensory Stone","Better Skull","Colored Map","Downfall","Marked Mod","Minty Spire (QoL Compilation)","Rare Cards Sparkle","Relic Stats","StSLib"],"gold_per_floor":[99,118,131,131,35,47,47,67,67,67,82,82,82,16,34,130,130,130,142,159,176,113,63,138,138,138,138,138],"floor_reached":26,"language":"ENG","playtime":1248,"items_purged":[],"score":218,"play_id":"d373df10-6ab5-4522-a664-f4efa2733fa7","local_time":"20210127163549","is_ascension_mode":true,"campfire_choices":[{"data":"Deep Breath","floor":1.0,"key":"SMITH"},{"data":"bronze:InfiniteBeams","floor":10.0,"key":"SMITH"},{"data":"bronze:Replicate","floor":12.0,"key":"SMITH"},{"data":"bronze:Goto","floor":18,"key":"SMITH"},{"data":"bronze:Frontload","floor":25,"key":"SMITH"}],"circlet_count":0,"master_deck":["bronze:Strike","bronze:Strike","bronze:Strike","bronze:Defend","bronze:Defend","bronze:Defend","bronze:Replicate+1","bronze:Goto+1","Deep Breath+1","bronze:InfiniteBeams+1","bronze:Frontload","bronze:CloningBeam+1","bronze:Frontload+1"],"relics":["bronze:BronzeCore","Bottled Tornado","SlaversCollar","HornCleat"],"acts_visited":["Exordium","TheCity"],"potions_floor_usage":[],"damage_taken":[{"damage":1.0,"enemies":"Cultist","floor":2.0,"turns":3.0},{"damage":0.0,"enemies":"2 Louse","floor":3.0,"turns":3.0},{"damage":0.0,"enemies":"downfall:FleeingMerchant","floor":5.0,"turns":4.0},{"damage":2.0,"enemies":"Jaw Worm","floor":6.0,"turns":4.0},{"damage":0.0,"enemies":"Large Slime","floor":8.0,"turns":4.0},{"damage":2.0,"enemies":"2 Fungi Beasts","floor":11.0,"turns":4.0},{"damage":3.0,"enemies":"downfall:FleeingMerchant","floor":14.0,"turns":4.0},{"damage":1,"enemies":"Exordium Thugs","floor":15,"turns":4},{"damage":18,"enemies":"WA_ARCHETYPE_RETAIN","floor":16,"turns":6},{"damage":10,"enemies":"Spheric Guardian","floor":19,"turns":4},{"damage":25,"enemies":"3 Cultists","floor":20,"turns":6},{"damage":15,"enemies":"Shelled Parasite and Fungi","floor":21,"turns":5},{"damage":0,"enemies":"downfall:FleeingMerchant","floor":22,"turns":4},{"damage":48,"enemies":"SI_SHIV_ARCHETYPE","floor":26,"turns":7}],"seed_played":"-106526660464462087","potions_obtained":[{"floor":2.0,"key":"Energy Potion"},{"floor":8.0,"key":"SmokeBomb"}],"is_trial":false,"path_per_floor":["R","M","M","?","$","M","T","M","?","R","M","R","?","$","M","B",null,"R","M","M","M","$","?","T","R","?"],"character_chosen":"THE_AUTOMATON","items_purchased":["bronze:InfiniteBeams","PowerPotion","bronze:Frontload"],"campfire_rested":0,"item_purchase_floors":[5,14,22],"current_hp_per_floor":[70,69,69,69,69,67,67,67,67,67,65,65,65,62,61,43,70,70,60,35,20,20,48,48,48,0,0,0],"gold":138,"neow_bonus":"RANDOM_COLORLESS","is_daily":false,"chose_seed":false,"campfire_upgraded":5,"win_rate":0.0,"timestamp":1611761749,"path_taken":["R","M","M","?","$","?","T","M","?","R","?","R","?","$","M","BOSS","R","M","M","M","$","?","T","R","?"],"items_purchased_type":["Card","Potion","Card"],"build_version":"2020-12-22","purchased_purges":0,"victory":false,"max_hp_per_floor":[70,70,70,70,70,70,70,70,70,70,70,70,70,70,70,70,70,70,70,70,70,70,70,70,70,70,70,70],"relic_stats":{"counters":[14,62],"obtain_stats":[{"SlaversCollar":17,"bronze:BronzeCore":0,"HornCleat":24,"Bottled Tornado":7},{"SlaversCollar":9,"bronze:BronzeCore":0,"HornCleat":13,"Bottled Tornado":4},{"SlaversCollar":36,"bronze:BronzeCore":0,"HornCleat":55,"Bottled Tornado":14}]},"card_choices":[{"not_picked":["Good Instincts","Mind Blast"],"picked":"Deep Breath","floor":0.0},{"not_picked":["bronze:Iterate","bronze:Invalidate","bronze:DelayedGuard"],"picked":"SKIP","floor":2.0},{"not_picked":["bronze:Branch","bronze:Separator","bronze:DelayedGuard"],"picked":"SKIP","floor":3.0},{"not_picked":["bronze:Deprecate","bronze:Shell","bronze:BitShift"],"picked":"SKIP","floor":5.0},{"not_picked":["bronze:Fortify","bronze:GetLatest","bronze:ClassDefault"],"picked":"SKIP","floor":6.0},{"not_picked":["bronze:BugBarrage","bronze:Separator","bronze:CutThrough"],"picked":"SKIP","floor":8.0},{"not_picked":["bronze:ClassDefault","bronze:ChosenStrike"],"picked":"bronze:Frontload","floor":11.0},{"not_picked":["bronze:FindAndReplace","bronze:Flail","bronze:Separator"],"picked":"SKIP","floor":14},{"not_picked":["bronze:Optimize","bronze:BugBarrage","bronze:Deprecate"],"picked":"SKIP","floor":15},{"not_picked":["bronze:MaxOutput","bronze:WhirlingStrike+1","bronze:DelayedSlice+1"],"picked":"SKIP","floor":19},{"not_picked":["bronze:Terminator+1","bronze:Safeguard","bronze:OilSpill"],"picked":"SKIP","floor":20},{"not_picked":["bronze:Terminator+1","bronze:Safeguard","bronze:Deprecate"],"picked":"SKIP","floor":21},{"not_picked":["bronze:Shield+1","bronze:Repulsor+1"],"picked":"bronze:CloningBeam+1","floor":22}],"player_experience":534940,"relics_obtained":[{"floor":7.0,"key":"Bottled Tornado"},{"floor":24,"key":"HornCleat"}],"event_choices":[{"cards_removed":["bronze:Strike"],"damage_healed":0.0,"max_hp_gain":0.0,"max_hp_loss":0.0,"gold_gain":0.0,"event_name":"Bonfire Elementals","player_choice":"Offered Basic","floor":4.0,"gold_loss":0.0,"damage_taken":0.0},{"cards_removed":["bronze:Defend"],"damage_healed":0.0,"max_hp_gain":0.0,"max_hp_loss":0.0,"gold_gain":0.0,"event_name":"The Cleric","player_choice":"Card Removal","floor":13.0,"gold_loss":0.0,"damage_taken":0.0}],"is_beta":false,"boss_relics":[{"not_picked":["Runic Dome","Pandora\u0027s Box"],"picked":"SlaversCollar"}],"items_purged_floors":[],"is_endless":false,"potions_floor_spawned":[2,8,15,16,19],"killed_by":"SI_SHIV_ARCHETYPE","ascension_level":2}}