{"host":"Qube","time":1611790794,"event":{"mods":["AchievementEnabler","BaseMod","Colored Map","Colored Powertips","Highlight Path","Minty Spire (QoL Compilation)","Permanent Neow","Quick Restart","Random Character Button","StSLib"],"gold_per_floor":[109,119,139,151,168,194,194,258,258,258,298,323,323,341,341,439,439,462,387,410,91,91,91],"floor_reached":22,"language":"ENG","playtime":1124,"items_purged":["Strike_B"],"score":396,"play_id":"5c8d1a34-a728-47bd-9590-1a2c308a0037","local_time":"20210127153954","is_ascension_mode":true,"campfire_choices":[{"data":"Electrodynamics","floor":7.0,"key":"SMITH"},{"floor":13,"key":"REST"},{"floor":15,"key":"REST"}],"circlet_count":0,"master_deck":["AscendersBane","Strike_B","Strike_B","Defend_B","Defend_B","Defend_B","Defend_B","Zap","Dualcast","Electrodynamics+1","Cold Snap","Leap","Ball Lightning","Conserve Battery","Ball Lightning","Steam","Tempest","Cold Snap","Hologram","Cold Snap","Echo Form","Stack+1","Static Discharge"],"relics":["Cracked Core","Incense Burner","Darkstone Periapt","Prayer Wheel","Golden Idol","Ice Cream","Runic Pyramid","Art of War"],"acts_visited":["Exordium","TheCity"],"potions_floor_usage":[16,22],"damage_taken":[{"damage":0.0,"enemies":"Cultist","floor":1.0,"turns":3.0},{"damage":8.0,"enemies":"Small Slimes","floor":2.0,"turns":3.0},{"damage":1.0,"enemies":"2 Louse","floor":3.0,"turns":2.0},{"damage":1.0,"enemies":"Exordium Wildlife","floor":4.0,"turns":2.0},{"damage":0.0,"enemies":"3 Louse","floor":5.0,"turns":1.0},{"damage":25.0,"enemies":"Gremlin Nob","floor":6.0,"turns":4.0},{"damage":18.0,"enemies":"Lagavulin Event","floor":8.0,"turns":5.0},{"damage":1,"enemies":"3 Sentries","floor":11,"turns":2},{"damage":0,"enemies":"Lots of Slimes","floor":12,"turns":1},{"damage":0,"enemies":"Gremlin Gang","floor":14,"turns":2},{"damage":17,"enemies":"The Guardian","floor":16,"turns":12},{"damage":1,"enemies":"Spheric Guardian","floor":18,"turns":3},{"damage":0,"enemies":"Chosen","floor":20,"turns":4},{"damage":9,"enemies":"Shelled Parasite and Fungi","floor":22,"turns":4}],"seed_played":"-7605299798696627077","potions_obtained":[{"floor":1.0,"key":"Weak Potion"},{"floor":8,"key":"Dexterity Potion"},{"floor":12,"key":"LiquidBronze"},{"floor":14,"key":"Block Potion"},{"floor":16,"key":"Weak Potion"}],"is_trial":false,"path_per_floor":["M","M","M","M","M","E","R","?","T","?","E","M","R","M","R","B",null,"M","?","M","$","M"],"character_chosen":"DEFECT","items_purchased":["Art of War","Static Discharge"],"campfire_rested":2,"item_purchase_floors":[21,21],"current_hp_per_floor":[64,56,55,54,54,29,29,11,11,11,10,10,27,27,44,27,50,49,49,49,49,40,40],"gold":91,"neow_bonus":"THREE_RARE_CARDS","is_daily":false,"chose_seed":false,"campfire_upgraded":1,"win_rate":0.0,"timestamp":1611790794,"path_taken":["M","M","M","M","?","E","R","?","T","?","E","M","R","?","R","BOSS","M","?","M","$","M"],"items_purchased_type":["Relic","Card"],"build_version":"2020-12-18","purchased_purges":1,"victory":false,"max_hp_per_floor":[64,64,64,64,64,64,64,64,64,58,58,58,58,58,58,58,58,58,58,58,58,58,58],"card_choices":[{"not_picked":["Fission","Thunder Strike"],"picked":"Electrodynamics","floor":0.0},{"not_picked":["Lockon","Coolheaded"],"picked":"Cold Snap","floor":1.0},{"not_picked":["Cold Snap","Conserve Battery"],"picked":"Leap","floor":2.0},{"not_picked":["Scrape","Compile Driver"],"picked":"Ball Lightning","floor":3.0},{"not_picked":["Rebound","Hologram"],"picked":"Conserve Battery","floor":4.0},{"not_picked":["Sweeping Beam","FTL"],"picked":"Ball Lightning","floor":5.0},{"not_picked":["Meteor Strike","Sweeping Beam"],"picked":"Steam","floor":6.0},{"not_picked":["Hello World","Compile Driver"],"picked":"Tempest","floor":8},{"not_picked":["Lockon","Turbo","Barrage"],"picked":"SKIP","floor":11},{"not_picked":["Tempest","Hyperbeam"],"picked":"Cold Snap","floor":12},{"not_picked":["Compile Driver","Rip and Tear"],"picked":"Hologram","floor":12},{"not_picked":["Conserve Battery","Streamline"],"picked":"Cold Snap","floor":14},{"not_picked":["Recycle","Rebound","Redo"],"picked":"SKIP","floor":14},{"not_picked":["Seek","Meteor Strike"],"picked":"Echo Form","floor":16},{"not_picked":["Melter","Ball Lightning+1","Conserve Battery"],"picked":"SKIP","floor":18},{"not_picked":["Sweeping Beam","Compile Driver","Redo"],"picked":"SKIP","floor":18},{"not_picked":["Doom and Gloom+1","Ball Lightning"],"picked":"Stack+1","floor":20},{"not_picked":["Heatsinks","Rebound","Gash"],"picked":"SKIP","floor":20}],"player_experience":984186,"relics_obtained":[{"floor":6.0,"key":"Incense Burner"},{"floor":9,"key":"Prayer Wheel"},{"floor":11,"key":"Ice Cream"}],"event_choices":[{"damage_healed":0.0,"max_hp_gain":0.0,"max_hp_loss":0.0,"gold_gain":0.0,"event_name":"Dead Adventurer","player_choice":"Searched \u00272\u0027 times","floor":8.0,"gold_loss":0.0,"damage_taken":0.0,"relics_obtained":["Darkstone Periapt"]},{"damage_healed":0,"gold_gain":0,"player_choice":"Lose Max HP","damage_taken":0,"relics_obtained":["Golden Idol"],"max_hp_gain":0,"max_hp_loss":6,"event_name":"Golden Idol","floor":10,"gold_loss":0},{"cards_removed":["Strike_B"],"damage_healed":0,"gold_gain":0,"player_choice":"Gave Gold","damage_taken":0,"max_hp_gain":0,"max_hp_loss":0,"event_name":"Beggar","floor":19,"gold_loss":75}],"is_beta":true,"boss_relics":[{"not_picked":["Pandora\u0027s Box","Snecko Eye"],"picked":"Runic Pyramid"}],"items_purged_floors":[21],"is_endless":false,"potions_floor_spawned":[1,8,12,14,16],"killed_by":"Shelled Parasite and Fungi","ascension_level":20}}