{"host":"y1nstw52wejfnhs9","time":1611736124,"event":{"mods":["BaseMod","Bestiary","Better Note","Better Skull","Better Third Choice","Custom Start","Minty Spire (QoL Compilation)","Practice Mode","Replay The Spire","SOS???????","StSLib","SuperFastMode","The Bug Knight","The Forsaken","The Wild Card"],"gold_per_floor":[151,151,166,20,20,62,62,95,145,181,181,226,226,226,226,359,359,379,25,25,125,125,125,87,87,162,206,284,345,401,444,444,605,605,698,759,559,559,306,306,306,363,39,91,91,198,198,198,198,260,445,501],"floor_reached":53,"language":"ENG","playtime":1799,"items_purged":["Defend_Dante","Pot Of Greed","Shoot+1","CoyoteA+1"],"score":1246,"play_id":"b1fc6e36-6e67-4842-93a4-356bc82bb07b","local_time":"20210127002844","is_ascension_mode":true,"campfire_choices":[{"data":"Swordcombo","floor":7,"key":"SMITH"},{"data":"Provocation","floor":11,"key":"SMITH"},{"data":"Attack_b","floor":15,"key":"SMITH"},{"data":"Shoot","floor":23,"key":"SMITH"},{"data":"Redorb","floor":25,"key":"SMITH"},{"data":"Gunstinger","floor":32,"key":"SMITH"},{"data":"Royaldefend","floor":49,"key":"SMITH"}],"circlet_count":0,"master_deck":["Attack_a+1","Attack_a+1","Attack_b+1","Shoot+1","Provocation+1","Redorb+1","Swordcombo+1","Royaldefend+1","Rebellion+1","Stylechange+1","Greenorb+1","Pot Of Greed+1","Royaldefend+1","Gunstinger+1","Royaldefend+1","Swordmaster+1","Royaldefend+1","Darkslayer+1","Master of Strategy"],"relics":["SSS","Combocheck","NeowsBlessing","Membership Card","Ring of Hypnosis","ReplayTheSpireMod:Ring of Collecting","Bag of Marbles","Omamori","Replay:Towering Pillar of Hats","Dream Catcher","HollowMod:PaleOreRelic","Replay:Drink Me","Lizard Tail","Matryoshka","Medical Kit","ReplayTheSpireMod:Ring of Exchange","Nunchaku","Mirror","Grinning Jar","War Paint","TheAbacus","Singing Bowl","Ancient Tea Set","Whetstone","Prayer Wheel","Guide Book","ReplayTheSpireMod:Lightbulb","Frozen Egg 2","ReplayTheSpireMod:Ring of Challenge","Garlic","Oddly Smooth Stone","Bag of Preparation","FossilizedHelix"],"acts_visited":["Exordium","TheCity","TheBeyond"],"potions_floor_usage":[12,18,46,52,52],"damage_taken":[{"damage":0,"enemies":"2 Louse","floor":1,"turns":2},{"damage":0,"enemies":"Cultist","floor":3,"turns":1},{"damage":15,"enemies":"HollowMod:MossKnight","floor":6,"turns":6},{"damage":3,"enemies":"Small Slimes","floor":8,"turns":4},{"damage":0,"enemies":"2 Fungi Beasts","floor":10,"turns":2},{"damage":0,"enemies":"Replay:BlueRogue","floor":12,"turns":2},{"damage":0,"enemies":"The Guardian","floor":16,"turns":4},{"damage":0,"enemies":"2 Thieves","floor":18,"turns":2},{"damage":0,"enemies":"Shelled Parasite and Fungi","floor":27,"turns":1},{"damage":0,"enemies":"Slavers","floor":28,"turns":1},{"damage":6,"enemies":"Snake Plant","floor":29,"turns":2},{"damage":0,"enemies":"Cultist and Chosen","floor":30,"turns":1},{"damage":0,"enemies":"Centurion and Healer","floor":31,"turns":1},{"damage":0,"enemies":"Automaton","floor":33,"turns":3},{"damage":0,"enemies":"3 Shapes","floor":35,"turns":2},{"damage":0,"enemies":"Orb Walker","floor":36,"turns":2},{"damage":38,"enemies":"Nemesis","floor":42,"turns":3},{"damage":0,"enemies":"Giant Head","floor":44,"turns":3},{"damage":0,"enemies":"Reptomancer","floor":46,"turns":2},{"damage":0,"enemies":"Sphere and 2 Shapes","floor":50,"turns":1},{"damage":0,"enemies":"2 Orb Walkers","floor":51,"turns":2},{"damage":0,"enemies":"Time Eater","floor":52,"turns":3}],"seed_played":"-6986896187041069746","potions_obtained":[{"floor":3,"key":"SpeedPotion"},{"floor":12,"key":"SneckoOil"},{"floor":16,"key":"FearPotion"},{"floor":18,"key":"Explosive Potion"},{"floor":27,"key":"Strength Potion"},{"floor":46,"key":"Flashbang"}],"is_trial":false,"path_per_floor":["M","?","M","$","?","E","R","M","T","M","R","E","?","?","R","B",null,"M","$","?","?","?","R","$","R","T","M","E","M","M","M","R","B",null,"M","M","$","?","$","PTL","PTL","E","$","E","T","E","?","?","R","M","R","B",null],"character_chosen":"DANTE","items_purchased":["Membership Card","Lizard Tail","Matryoshka","Medical Kit","War Paint","TheAbacus","Ancient Tea Set","Whetstone","Royaldefend","Darkslayer","Guide Book","ReplayTheSpireMod:Lightbulb"],"campfire_rested":0,"item_purchase_floors":[4,19,19,19,37,37,39,39,39,43,43,43],"current_hp_per_floor":[80,80,80,80,80,65,65,62,62,62,62,62,46,7,7,7,60,60,60,60,60,60,60,60,60,60,60,60,60,60,60,60,60,60,60,60,60,60,60,60,60,26,26,36,36,54,54,54,54,68,72,72],"gold":501,"neow_bonus":"THREE_ENEMY_KILL","is_daily":false,"chose_seed":false,"campfire_upgraded":7,"win_rate":0.0,"timestamp":1611736124,"path_taken":["M","?","?","$","?","E","R","M","T","M","R","E","?","?","R","BOSS","M","$","?","?","?","R","?","R","T","M","E","M","?","M","R","BOSS","M","M","$","?","?","PTL","PTL","E","$","E","T","E","?","?","R","M","R","BOSS"],"items_purchased_type":["Relic","Relic","Relic","Relic","Relic","Relic","Relic","Relic","Card","Card","Relic","Relic"],"build_version":"2020-12-22","purchased_purges":4,"victory":true,"max_hp_per_floor":[80,80,80,80,80,80,80,80,80,80,80,80,80,80,80,80,60,60,60,60,60,60,60,60,60,60,60,60,60,60,60,60,60,60,60,60,60,60,60,60,60,62,62,64,64,66,66,66,66,70,72,72],"card_choices":[{"not_picked":["Chargeshoot2","Honeycombofire","Fullhouse"],"picked":"SKIP","floor":1},{"not_picked":["Hightime","Ecstasy"],"picked":"CoyoteA","floor":3},{"not_picked":["Chargeshoot","LucifercomboC"],"picked":"Royaldefend","floor":6},{"not_picked":["Whiteorb","LucifercomboD","Kick13"],"picked":"SKIP","floor":8},{"not_picked":["BeastUppercut","Stinger"],"picked":"Rebellion","floor":10},{"not_picked":["BeastUppercut","Gilgamesh","Goldorb"],"picked":"SKIP","floor":12},{"not_picked":["Blueorb","Swordcombo"],"picked":"Stylechange","floor":16},{"not_picked":["Fullhouse","VitalstarS","LucifercomboD"],"picked":"SKIP","floor":18},{"not_picked":["Straight","Weaponupgrade"],"picked":"Greenorb+1","floor":27},{"not_picked":["CoyoteA+1","LucifercomboB"],"picked":"Royaldefend","floor":28},{"not_picked":["Dash1+1","Kick13","Greenorb+1"],"picked":"SKIP","floor":29},{"not_picked":["Doubleshoot+1","Airhike+1"],"picked":"Gunstinger","floor":30},{"not_picked":["LucifercomboC+1","VitalstarS","Chargeshoot"],"picked":"SKIP","floor":31},{"not_picked":["Gunslinger","Honeycombofire"],"picked":"Royaldefend+1","floor":35},{"not_picked":["Unrisingdragon+1","VitalstarS+1"],"picked":"Swordmaster+1","floor":36},{"not_picked":["Chargeshoot+1","Greenorb","Hightime"],"picked":"Singing Bowl","floor":42},{"not_picked":["CoyoteA+1","Unrisingdragon+1","Doubleshoot"],"picked":"Singing Bowl","floor":44},{"not_picked":["Honeycombofire+1","Blueorb","LucifercomboB+1"],"picked":"Singing Bowl","floor":46},{"not_picked":["Purity","Swift Strike"],"picked":"Master of Strategy","floor":47},{"not_picked":["VitalstarS+1","Lucifer+1","Millionkick"],"picked":"Singing Bowl","floor":50},{"not_picked":["Whiteorb","Kick13+1","LucifercomboB"],"picked":"Singing Bowl","floor":50},{"not_picked":["Whiteorb+1","LucifercomboA+1","Royaldefend"],"picked":"Singing Bowl","floor":51}],"player_experience":440058,"relics_obtained":[{"floor":5,"key":"Ring of Hypnosis"},{"floor":5,"key":"ReplayTheSpireMod:Ring of Collecting"},{"floor":6,"key":"Bag of Marbles"},{"floor":9,"key":"Omamori"},{"floor":12,"key":"Replay:Towering Pillar of Hats"},{"floor":26,"key":"ReplayTheSpireMod:Ring of Exchange"},{"floor":26,"key":"Nunchaku"},{"floor":26,"key":"Mirror"},{"floor":28,"key":"Grinning Jar"},{"floor":42,"key":"Prayer Wheel"},{"floor":44,"key":"Frozen Egg 2"},{"floor":45,"key":"ReplayTheSpireMod:Ring of Challenge"},{"floor":45,"key":"Garlic"},{"floor":45,"key":"Oddly Smooth Stone"},{"floor":46,"key":"Bag of Preparation"},{"floor":51,"key":"FossilizedHelix"}],"event_choices":[{"damage_healed":0,"gold_gain":0,"player_choice":"1 cards matched","damage_taken":0,"max_hp_gain":0,"max_hp_loss":0,"event_name":"Match and Keep!","floor":2,"gold_loss":0,"cards_obtained":["Swordcombo"]},{"damage_healed":62,"gold_gain":0,"player_choice":"Upgrade","damage_taken":16,"max_hp_gain":0,"max_hp_loss":80,"event_name":"betterThird:BetterShining","floor":13,"gold_loss":0,"cards_upgraded":["Royaldefend","Rebellion"]},{"damage_healed":0,"gold_gain":0,"player_choice":"RE RE ","damage_taken":43,"relics_obtained":["Dream Catcher","HollowMod:PaleOreRelic"],"max_hp_gain":0,"max_hp_loss":0,"event_name":"betterSkull:BetterSkull","floor":14,"gold_loss":0,"cards_upgraded":[]},{"damage_healed":0,"gold_gain":0,"player_choice":"Forge","damage_taken":0,"max_hp_gain":0,"max_hp_loss":0,"event_name":"Accursed Blacksmith","floor":20,"gold_loss":0,"cards_upgraded":["Stylechange"]},{"damage_healed":0,"gold_gain":100,"player_choice":"Pray","damage_taken":0,"max_hp_gain":0,"max_hp_loss":0,"event_name":"Golden Shrine","floor":21,"gold_loss":0},{"damage_healed":0,"gold_gain":0,"player_choice":"Upgraded","damage_taken":0,"max_hp_gain":0,"max_hp_loss":0,"event_name":"Upgrade Shrine","floor":22,"gold_loss":0,"cards_upgraded":["Shoot"]},{"damage_healed":0,"gold_gain":0,"player_choice":"Gave Potion","damage_taken":0,"relics_obtained":["Singing Bowl"],"max_hp_gain":0,"max_hp_loss":0,"event_name":"WeMeetAgain","floor":38,"gold_loss":0},{"damage_healed":0,"gold_gain":0,"player_choice":"Memory 1","damage_taken":0,"max_hp_gain":0,"max_hp_loss":0,"event_name":"SensoryStone","floor":47,"gold_loss":0},{"damage_healed":0,"gold_gain":0,"player_choice":"Fight","damage_taken":0,"max_hp_gain":0,"max_hp_loss":0,"event_name":"Mysterious Sphere","floor":51,"gold_loss":0}],"is_beta":false,"boss_relics":[{"not_picked":["Abe\u0027s Treasure","Runic Dome"],"picked":"Replay:Drink Me"},{"not_picked":["Velvet Choker","Honey Jar","Replay:Ancient Bell"]}],"items_purged_floors":[24,37,39,43],"is_endless":false,"potions_floor_spawned":[3,12,16,18,27,30,31,33,36,46],"ascension_level":1}}