{"host":"jlw4slqoq862puwo","time":1611754394,"event":{"mods":["BaseMod","DeckTracker","Dota2Spire","Highlight Path","Minty Spire (QoL Compilation)","Quick Restart","StSLib","SuperFastMode"],"gold_per_floor":[119,37,48,25,39,39,39,53,53,81,81,81,98,115,115,215,215,232,232,4,16,16,44,44,61,61,61,61,89,100,128,52,52,52,154,154,167,167,219,219,229,229,263,279,279,279,308,323,323,338,350,350,350,350,350,350,131,163,163],"floor_reached":60,"language":"ENG","playtime":1577,"items_purged":["Parasite"],"score":1720,"play_id":"df582a6d-e180-4dd3-8ad6-a44f31486768","local_time":"20210127143314","is_ascension_mode":true,"campfire_choices":[{"data":"Blade Dance","floor":6.0,"key":"SMITH"},{"data":"Reflex","floor":12.0,"key":"SMITH"},{"data":"Acrobatics","floor":15.0,"key":"SMITH"},{"data":"Tactician","floor":24,"key":"SMITH"},{"data":"After Image","floor":26,"key":"SMITH"},{"data":"Accuracy","floor":34,"key":"SMITH"},{"floor":42,"key":"RECALL"},{"data":"Wraith Form v2","floor":52,"key":"SMITH"},{"data":"After Image","floor":53,"key":"SMITH"},{"data":"Tactician","floor":56,"key":"SMITH"}],"circlet_count":0,"master_deck":["Survivor","Neutralize","Dagger Throw","Calculated Gamble","Blur","Blade Dance+1","Reflex+1","Footwork","Acrobatics+1","Wraith Form v2+1","Masterful Stab","Blade Dance","After Image+1","Night Terror","Poisoned Stab","Blade Dance","Dash","Dagger Throw","Tactician+1","After Image+1","Cloak And Dagger","Escape Plan","Blur","Tactician+1","Accuracy+1","A Thousand Cuts","Envenom+1","Doppelganger+1","Blade Dance+1","PiercingWail+1","Backflip+1","Footwork+1","Noxious Fumes+1","Finisher+1","Blur"],"relics":["Coffee Dripper","Dota2Spire:PowerTreads","Bottled Flame","Pandora\u0027s Box","Bag of Preparation","Ancient Tea Set","HornCleat","Letter Opener","Red Mask","Centennial Puzzle","Astrolabe","CaptainsWheel","InkBottle","Paper Crane","Shuriken","Lantern","Dota2Spire:PhaseBoots"],"acts_visited":["Exordium","TheCity","TheBeyond","TheEnding"],"potions_floor_usage":[16,16,16,16,29,59],"damage_taken":[{"damage":0.0,"enemies":"Cultist","floor":1.0,"turns":4.0},{"damage":0.0,"enemies":"2 Louse","floor":3.0,"turns":2.0},{"damage":3.0,"enemies":"Small Slimes","floor":5.0,"turns":3.0},{"damage":4.0,"enemies":"Exordium Wildlife","floor":8.0,"turns":4.0},{"damage":30.0,"enemies":"Gremlin Nob","floor":10.0,"turns":4.0},{"damage":8.0,"enemies":"Blue Slaver","floor":13.0,"turns":3.0},{"damage":0.0,"enemies":"Looter","floor":14.0,"turns":3.0},{"damage":19,"enemies":"Slime Boss","floor":16,"turns":6},{"damage":2,"enemies":"Shell Parasite","floor":18,"turns":4},{"damage":0,"enemies":"Chosen","floor":21,"turns":3},{"damage":29,"enemies":"Slavers","floor":23,"turns":7},{"damage":4,"enemies":"3 Cultists","floor":25,"turns":4},{"damage":0,"enemies":"Masked Bandits","floor":29,"turns":1},{"damage":0,"enemies":"Chosen and Byrds","floor":30,"turns":3},{"damage":0,"enemies":"Book of Stabbing","floor":31,"turns":3},{"damage":0,"enemies":"Automaton","floor":35,"turns":6},{"damage":2,"enemies":"3 Shapes","floor":37,"turns":3},{"damage":1,"enemies":"2 Orb Walkers","floor":39,"turns":4},{"damage":0,"enemies":"Orb Walker","floor":41,"turns":3},{"damage":13,"enemies":"Reptomancer","floor":43,"turns":5},{"damage":0,"enemies":"Sphere and 2 Shapes","floor":44,"turns":5},{"damage":0,"enemies":"Giant Head","floor":47,"turns":5},{"damage":0,"enemies":"Maw","floor":48,"turns":5},{"damage":0,"enemies":"4 Shapes","floor":50,"turns":6},{"damage":0,"enemies":"Sphere and 2 Shapes","floor":51,"turns":5},{"damage":0,"enemies":"Awakened One","floor":54,"turns":7},{"damage":0,"enemies":"Shield and Spear","floor":58,"turns":4},{"damage":2,"enemies":"The Heart","floor":59,"turns":8}],"seed_played":"8813007723779998150","potions_obtained":[{"floor":5.0,"key":"Dota2Spire:Clarity"},{"floor":13.0,"key":"Strength Potion"},{"floor":14.0,"key":"EntropicBrew"},{"floor":21,"key":"SneckoOil"},{"floor":23,"key":"SteroidPotion"},{"floor":25,"key":"DuplicationPotion"},{"floor":37,"key":"Weak Potion"}],"is_trial":false,"path_per_floor":["M","$","M","$","M","R","?","M","T","E","?","R","M","M","R","B",null,"M","?","$","M","$","E","R","M","R","T","T","?","M","E","$","?","R","B",null,"M","?","?","?","M","R","E","M","T","T","E","M","?","M","M","R","R","B",null,"R","$","E","B",null],"character_chosen":"THE_SILENT","items_purchased":["Dagger Throw","Calculated Gamble","Blade Dance","Tactician","Bag of Preparation","Accuracy","Lantern"],"campfire_rested":0,"item_purchase_floors":[2,2,4,20,20,32,57],"current_hp_per_floor":[70,70,70,70,67,67,60,56,56,26,43,43,35,35,35,16,70,68,68,68,68,68,39,39,35,35,35,35,35,35,35,35,35,35,35,70,68,66,65,65,65,65,52,52,52,52,52,52,52,52,52,52,52,52,66,66,63,63,61],"gold":163,"neow_bonus":"BOSS_RELIC","is_daily":false,"chose_seed":false,"campfire_upgraded":9,"win_rate":0.0,"timestamp":1611754394,"path_taken":["M","$","M","?","M","R","?","M","T","E","?","R","?","M","R","BOSS","M","?","$","M","$","E","R","M","R","T","T","?","?","E","$","?","R","BOSS","M","?","?","?","?","R","E","M","T","T","E","M","?","M","?","R","R","BOSS","R","$","E","BOSS"],"items_purchased_type":["Card","Card","Card","Card","Relic","Card","Relic"],"build_version":"2020-12-22","purchased_purges":1,"victory":true,"max_hp_per_floor":[70,70,70,70,70,70,70,70,70,70,70,70,70,70,70,70,70,70,70,70,70,70,70,70,70,70,70,70,70,70,70,70,70,70,70,70,70,66,66,66,66,66,66,66,66,66,66,66,66,66,66,66,66,66,66,66,63,63,63],"card_choices":[{"not_picked":["PiercingWail","Tactician"],"picked":"Flying Knee","floor":1.0},{"not_picked":["Flying Knee","Outmaneuver"],"picked":"Blur","floor":3.0},{"not_picked":["Quick Slash","Dagger Throw"],"picked":"Bouncing Flask","floor":5.0},{"not_picked":["Flying Knee","Skewer","Underhanded Strike"],"picked":"SKIP","floor":8.0},{"not_picked":["Phantasmal Killer","Heel Hook"],"picked":"Reflex","floor":10.0},{"not_picked":["Deflect","Dagger Spray"],"picked":"Footwork","floor":13.0},{"not_picked":["Dodge and Roll","PiercingWail"],"picked":"Acrobatics","floor":14.0},{"not_picked":["Unload","Bullet Time"],"picked":"Wraith Form v2","floor":16},{"not_picked":["Dagger Spray+1","Underhanded Strike","Slice+1"],"picked":"SKIP","floor":18},{"not_picked":["Dagger Spray","Escape Plan"],"picked":"After Image","floor":21},{"not_picked":["PiercingWail","Underhanded Strike"],"picked":"Cloak And Dagger","floor":23},{"not_picked":["Flying Knee+1","Calculated Gamble"],"picked":"Escape Plan","floor":25},{"not_picked":["Expertise","Blade Dance"],"picked":"Blur","floor":29},{"not_picked":["Underhanded Strike","Bouncing Flask+1"],"picked":"Backstab","floor":30},{"not_picked":["Expertise","Quick Slash+1"],"picked":"Tactician","floor":31},{"not_picked":["Die Die Die","Night Terror"],"picked":"A Thousand Cuts","floor":35},{"not_picked":["Well Laid Plans","Deadly Poison"],"picked":"PiercingWail+1","floor":37},{"not_picked":["Flying Knee","Bane+1"],"picked":"Backflip+1","floor":39},{"not_picked":["Acrobatics+1","Expertise","Bane"],"picked":"SKIP","floor":41},{"not_picked":["Expertise+1","Dagger Throw"],"picked":"Footwork+1","floor":43},{"not_picked":["Sucker Punch+1","Dodge and Roll"],"picked":"Noxious Fumes+1","floor":44},{"not_picked":["Dagger Throw","Dodge and Roll+1"],"picked":"Finisher+1","floor":47},{"not_picked":["Outmaneuver+1","Blade Dance+1","Riddle With Holes+1"],"picked":"SKIP","floor":48},{"not_picked":["Quick Slash","Blade Dance","Predator+1"],"picked":"SKIP","floor":50},{"not_picked":["Quick Slash","Bullet Time","Outmaneuver"],"picked":"SKIP","floor":51},{"not_picked":["Riddle With Holes+1","Flying Knee","Dodge and Roll"],"picked":"SKIP","floor":58}],"player_experience":18905,"relics_obtained":[{"floor":9.0,"key":"Dota2Spire:PowerTreads"},{"floor":10.0,"key":"Bottled Flame"},{"floor":23,"key":"Ancient Tea Set"},{"floor":27,"key":"HornCleat"},{"floor":28,"key":"Letter Opener"},{"floor":29,"key":"Red Mask"},{"floor":31,"key":"Centennial Puzzle"},{"floor":39,"key":"CaptainsWheel"},{"floor":43,"key":"InkBottle"},{"floor":45,"key":"Paper Crane"},{"floor":47,"key":"Shuriken"},{"floor":58,"key":"Dota2Spire:PhaseBoots"}],"event_choices":[{"cards_removed":["Strike_G"],"damage_healed":0.0,"max_hp_gain":0.0,"max_hp_loss":0.0,"gold_gain":0.0,"event_name":"Golden Wing","player_choice":"Card Removal","floor":7.0,"gold_loss":0.0,"damage_taken":7.0},{"damage_healed":17.0,"max_hp_gain":0.0,"max_hp_loss":0.0,"gold_gain":0.0,"event_name":"Mushrooms","player_choice":"Healed and dodged fight","floor":11.0,"gold_loss":0.0,"damage_taken":0.0,"cards_obtained":["Parasite"]},{"damage_healed":0,"gold_gain":0,"player_choice":"Ignored","damage_taken":0,"max_hp_gain":0,"max_hp_loss":0,"event_name":"Vampires","floor":19,"gold_loss":0},{"damage_healed":0,"gold_gain":0,"player_choice":"Fought Bandits","damage_taken":0,"max_hp_gain":0,"max_hp_loss":0,"event_name":"Masked Bandits","floor":29,"gold_loss":0},{"damage_healed":0,"gold_gain":0,"player_choice":"Ignored","damage_taken":0,"max_hp_gain":0,"max_hp_loss":0,"event_name":"Ghosts","floor":33,"gold_loss":0},{"damage_healed":0,"gold_gain":0,"player_choice":"Max HP","damage_taken":0,"max_hp_gain":0,"max_hp_loss":4,"event_name":"Winding Halls","floor":38,"gold_loss":0},{"damage_healed":0,"gold_gain":0,"player_choice":"Fight","damage_taken":0,"max_hp_gain":0,"max_hp_loss":0,"event_name":"Mysterious Sphere","floor":39,"gold_loss":0},{"cards_removed":["Backstab"],"damage_healed":0,"gold_gain":0,"player_choice":"Removed Attack","damage_taken":0,"max_hp_gain":0,"max_hp_loss":0,"event_name":"Falling","floor":40,"gold_loss":0},{"damage_healed":0,"gold_gain":0,"player_choice":"1 cards matched","damage_taken":0,"max_hp_gain":0,"max_hp_loss":0,"event_name":"Match and Keep!","floor":49,"gold_loss":0,"cards_obtained":["Blur"]}],"is_beta":false,"boss_relics":[{"not_picked":["Velvet Choker","Cursed Key"],"picked":"Pandora\u0027s Box"},{"not_picked":["Black Star","Empty Cage"],"picked":"Astrolabe"}],"items_purged_floors":[57],"is_endless":false,"potions_floor_spawned":[5,13,14,21,23,25,37,44,47,48,51],"ascension_level":4}}