{"host":"iph0xvuia0glosgr","time":1611786839,"event":{"mods":["AchievementEnabler","BaseMod","Minty Spire (QoL Compilation)"],"gold_per_floor":[115,132,132,145,8,35,210,210,210,239,79,79,99,114,114,215,215,230,145,171,187,204,204,25,25,25,36,36,52,52,65,65,65,65],"floor_reached":33,"language":"ENG","playtime":2373,"items_purged":["Doubt"],"score":257,"play_id":"c1010296-8afc-4667-9c11-aca04a6b3ae7","local_time":"20210127223359","is_ascension_mode":false,"campfire_choices":[{"floor":8,"key":"REST"},{"floor":15,"key":"REST"},{"floor":23,"key":"REST"},{"floor":25,"key":"REST"},{"floor":30,"key":"REST"},{"floor":32,"key":"REST"}],"circlet_count":0,"master_deck":["Strike_G","Strike_G","Strike_G","Strike_G+1","Defend_G","Defend_G+1","Defend_G","Defend_G+1","Survivor","Neutralize","Catalyst","Poisoned Stab","Cloak And Dagger","PiercingWail","Caltrops","Slice","Cloak And Dagger+1","Noxious Fumes","Bane","Dodge and Roll","Corpse Explosion","Poisoned Stab","Finisher+1","Blade Dance","Flying Knee","Dagger Spray","Flying Knee","Poisoned Stab"],"relics":["Ring of the Snake","Gambling Chip","Unceasing Top","Empty Cage","Bag of Preparation","War Paint","Anchor","Paper Crane"],"acts_visited":["Exordium","TheCity"],"potions_floor_usage":[6,6,6,13,13,16,16,16,22,31,33],"damage_taken":[{"damage":2,"enemies":"2 Louse","floor":1,"turns":4},{"damage":4,"enemies":"Small Slimes","floor":2,"turns":4},{"damage":0,"enemies":"Cultist","floor":4,"turns":3},{"damage":17,"enemies":"Lagavulin","floor":6,"turns":6},{"damage":29,"enemies":"Gremlin Nob","floor":10,"turns":6},{"damage":4,"enemies":"Exordium Wildlife","floor":13,"turns":5},{"damage":6,"enemies":"Exordium Thugs","floor":14,"turns":5},{"damage":33,"enemies":"The Guardian","floor":16,"turns":8},{"damage":27,"enemies":"2 Thieves","floor":18,"turns":3},{"damage":10,"enemies":"Spheric Guardian","floor":21,"turns":4},{"damage":7,"enemies":"Snake Plant","floor":22,"turns":4},{"damage":46,"enemies":"Snecko","floor":27,"turns":5},{"damage":0,"enemies":"Chosen and Byrds","floor":29,"turns":4},{"damage":12,"enemies":"Snake Plant","floor":31,"turns":4},{"damage":83,"enemies":"Champ","floor":33,"turns":11}],"seed_played":"-6277598013055526697","potions_obtained":[{"floor":2,"key":"GamblersBrew"},{"floor":4,"key":"Ancient Potion"},{"floor":13,"key":"EntropicBrew"},{"floor":18,"key":"FearPotion"},{"floor":29,"key":"Block Potion"},{"floor":31,"key":"Regen Potion"}],"is_trial":false,"path_per_floor":["M","M","?","M","$","E","?","R","T","E","$","?","M","M","R","B",null,"M","?","T","M","M","R","$","R","T","M","?","M","R","M","R","B"],"character_chosen":"THE_SILENT","items_purchased":["Caltrops","Slice","AttackPotion","Swift Potion","Well Laid Plans","Anchor","Flying Knee"],"campfire_rested":6,"item_purchase_floors":[5,5,5,11,11,24,24],"current_hp_per_floor":[68,64,50,50,50,33,33,54,54,25,25,25,21,15,36,3,70,43,43,43,33,26,47,47,68,68,22,22,22,43,31,52,0,0],"gold":65,"neow_bonus":"THREE_CARDS","is_daily":false,"chose_seed":false,"campfire_upgraded":0,"win_rate":0.0,"timestamp":1611786839,"path_taken":["M","M","?","M","$","E","?","R","T","E","$","?","?","M","R","BOSS","M","?","?","?","M","R","?","R","T","M","?","?","R","M","R","BOSS"],"items_purchased_type":["Card","Card","Potion","Potion","Card","Relic","Card"],"build_version":"2020-12-22","purchased_purges":1,"victory":false,"max_hp_per_floor":[70,70,70,70,70,70,70,70,70,70,70,70,70,70,70,70,70,70,70,70,70,70,70,70,70,70,70,70,70,70,70,70,70,70],"card_choices":[{"not_picked":["Well Laid Plans","Masterful Stab"],"picked":"Catalyst","floor":0},{"not_picked":["Outmaneuver","Sucker Punch"],"picked":"Poisoned Stab","floor":1},{"not_picked":["Quick Slash","Bane"],"picked":"Cloak And Dagger","floor":2},{"not_picked":["Finisher","Prepared"],"picked":"PiercingWail","floor":4},{"not_picked":["Venomology","Backstab"],"picked":"Cloak And Dagger","floor":6},{"not_picked":["Outmaneuver","Predator"],"picked":"Noxious Fumes","floor":10},{"not_picked":["Backstab","Prepared"],"picked":"Bane","floor":13},{"not_picked":["Caltrops","Sucker Punch"],"picked":"Dodge and Roll","floor":14},{"not_picked":["Unload","After Image"],"picked":"Corpse Explosion","floor":16},{"not_picked":["Flying Knee","Choke"],"picked":"Poisoned Stab","floor":18},{"not_picked":["Prepared+1","Slice"],"picked":"Finisher+1","floor":21},{"not_picked":["Deflect","Poisoned Stab+1"],"picked":"Blade Dance","floor":22},{"not_picked":["Terror+1","PiercingWail"],"picked":"Dagger Spray","floor":27},{"not_picked":["Setup+1","Masterful Stab"],"picked":"Flying Knee","floor":29},{"not_picked":["Deflect","Bane+1"],"picked":"Poisoned Stab","floor":31}],"player_experience":288088,"relics_obtained":[{"floor":6,"key":"Gambling Chip"},{"floor":10,"key":"Unceasing Top"},{"floor":20,"key":"War Paint"},{"floor":26,"key":"Paper Crane"}],"event_choices":[{"damage_healed":0,"gold_gain":0,"player_choice":"Entered Light","damage_taken":14,"max_hp_gain":0,"max_hp_loss":0,"event_name":"Shining Light","floor":3,"gold_loss":0,"cards_upgraded":["Strike_G","Defend_G"]},{"damage_healed":0,"gold_gain":175,"player_choice":"AGREE","damage_taken":0,"max_hp_gain":0,"max_hp_loss":0,"event_name":"Liars Game","floor":7,"gold_loss":0,"cards_obtained":["Doubt"]},{"cards_removed":["Defend_G"],"damage_healed":0,"gold_gain":0,"player_choice":"Card Removal","damage_taken":0,"max_hp_gain":0,"max_hp_loss":0,"event_name":"Wheel of Change","floor":12,"gold_loss":0},{"damage_healed":0,"gold_gain":0,"player_choice":"Obtained Relic","damage_taken":0,"relics_obtained":["Bag of Preparation"],"max_hp_gain":0,"max_hp_loss":0,"event_name":"Addict","floor":19,"gold_loss":85},{"damage_healed":0,"gold_gain":0,"player_choice":"Ignored","damage_taken":0,"max_hp_gain":0,"max_hp_loss":0,"event_name":"Cursed Tome","floor":28,"gold_loss":0}],"is_beta":false,"boss_relics":[{"not_picked":["Busted Crown","Sozu"],"picked":"Empty Cage"}],"items_purged_floors":[11],"is_endless":false,"potions_floor_spawned":[2,4,13,18,29,31],"killed_by":"Champ","ascension_level":0}}