{"host":"q93rjlrw0j2mc0ku","time":1611735467,"event":{"mods":["BaseMod","Better Altar","Better Match","Better Note","Better Sensory Stone","Better Skull","Better Third Choice","Better Vampires","BetterRewards","Card Forge","Colored Map","Conspire","Downfall","Evolution","Grow up Mod","Hubris","Infinite Spire","Minty Spire (QoL Compilation)","Permanent Neow","Poor People Problems","Relic Stats","Reliquary","Replay The Spire","Shop Mod","StSLib","The Alterego","Uncapped","Waifu the Spire"],"gold_per_floor":[116,10,30,36,51,51,51],"floor_reached":6,"language":"ENG","playtime":1711,"items_purged":["alterego_mod:BrynhildrsRune","alterego_mod:Impale","alterego_mod:BigMeatyClaws"],"score":90,"play_id":"5d2ad4b0-25b6-43a0-9247-ee636f76c814","local_time":"20210127001747","is_ascension_mode":true,"campfire_choices":[],"circlet_count":0,"master_deck":["alterego_mod:Maid","alterego_mod:Strike","alterego_mod:Strike","alterego_mod:Strike","alterego_mod:Defend","alterego_mod:Defend","alterego_mod:Defend","alterego_mod:Defend","alterego_mod:Tantrum","alterego_mod:Rip","alterego_mod:IndependentAction"],"relics":["alterego_mod:MasochisticConstitution","Hammer of Thor","Seething Fire","Anvil of the Gods","EVO:Axolotl","Replay:PocketPolymizer","Replay:Arrowhead","Membership Card","MerchantsRug","Replay:Towering Pillar of Hats","Omamori","Pen Nib","conspire:Flyswatter","ReplayTheSpireMod:CursedCoin","infinitespire:Golems Mask"],"acts_visited":["Exordium"],"potions_floor_usage":[],"damage_taken":[{"damage":19,"enemies":"Jaw Worm","floor":1,"turns":3},{"damage":6,"enemies":"2 Louse","floor":3,"turns":3},{"damage":18,"enemies":"conspire:RoseBush","floor":5,"turns":2},{"damage":50,"enemies":"3 Sentries","floor":6,"turns":7}],"seed_played":"7036936442944553425","potions_obtained":[{"floor":1,"key":"Weak Potion"}],"is_trial":false,"path_per_floor":["M","$","M","$","M","E"],"character_chosen":"The_Alterego","items_purchased":["alterego_mod:Tantrum","Replay:PocketPolymizer","Membership Card","MerchantsRug","Omamori","Pen Nib","conspire:Flyswatter","ReplayTheSpireMod:CursedCoin","infinitespire:Golems Mask"],"campfire_rested":0,"item_purchase_floors":[0,0,0,0,0,0,2,4,4],"current_hp_per_floor":[30,40,45,55,48,0,0],"gold":51,"neow_bonus":"","is_daily":false,"chose_seed":false,"campfire_upgraded":0,"win_rate":0.0,"timestamp":1611735467,"path_taken":["M","$","M","$","M","E"],"items_purchased_type":["Card","Relic","Relic","Relic","Relic","Relic","Relic","Relic","Relic"],"build_version":"2020-12-22","purchased_purges":3,"victory":false,"max_hp_per_floor":[91,101,112,122,133,133,133],"relic_stats":{"counters":[222,678],"Pen Nib":[3],"obtain_stats":[{"vexMod:MemoryStick":95,"infinitespire:Cubic Diamond":112,"Whetstone":23,"Ginger":36,"Bottled Tornado":43,"hubris:MysteriousPyramids":13,"Boot":111,"Sling":107,"Replay:Wanted Poster":119,"Blood Vial":150,"vexMod:InvisibilityCloak":152,"conspire:GlowingRock":48,"infinitespire:ShieldingShard":10,"Sundial":89,"hubris:DeckOfHolding":124,"infinitespire:Golems Mask":4,"vexMod:DeviousBotling":54,"Necronomicon":71,"Kunai":57,"Replay:Wax Seal":77,"Replay:Bottled Steam":100,"MerchantsRug":5,"hubris:MobiusCoin":80,"alterego_mod:MasochisticConstitution":0,"conspire:TreasureMap":150,"Pear":65,"Blue Candle":36,"hubris:SphereOfDissonance":133,"Eternal Feather":65,"Pen Nib":156,"Replay:Ancient Bell":36,"infinitespire:Magic Flask":78,"vexMod:GhostlyGear":44,"infinitespire:EvilPickle":84,"SlaversCollar":104,"hubris:BottledHeart":121,"Bird Faced Urn":0,"CultistMask":114,"hubris:TenFootPole":123,"vexMod:ImprovementManual":0,"infinitespire:PuzzleCube":95,"Unceasing Top":133,"conspire:Flyswatter":93,"Regal Pillow":127,"Lantern":131,"Singing Bowl":61,"Blue Doll":49,"Bag of Preparation":125,"Replay:Multitool":0,"Smiling Mask":79,"Ancient Tea Set":79,"Cursed Key":138,"Replay:Rubber Ducky":68,"conspire:InfiniteJournal":147,"Shovel":0,"infinitespire:Bottled Soul":48,"vexMod:RedPlottingStone":37,"hubris:ScarierMask":172,"hubris:CuriousFeather":85,"hubris:FunFungus":100,"Chemical X":28,"hubris:GlazedTorus":161,"Potion Belt":44,"vexMod:GildedClover":176,"Lee\u0027s Waffle":0,"Golden Idol":62,"Circlet":0,"conspire:RunicOctahedron":102,"vexMod:BerryBomb":114,"Thread and Needle":116,"The Courier":9,"infinitespire:Joker Card":167,"PreservedInsect":180,"Omamori":72,"Seething Fire":0,"infinitespire:CheckeredPen":65,"infinitespire:Lucky Rock":80,"hubris:Towel":38,"MawBank":91,"Replay:Arrowhead":0,"sneckomod:BabySnecko":75,"Busted Crown":121,"Ornamental Fan":178,"hubris:Spice":0,"Garlic":106,"Art of War":26,"ReplayTheSpireMod:Onyx Gauntlets":85,"conspire:DeflatedDodgeball":196,"ReplayTheSpireMod:Lightbulb":143,"Toy Ornithopter":62,"infinitespire:Midas Blood":26,"Ice Cream":127,"hubris:CrystalStatue":125,"conspire:RoyalGoblet":17,"Gremlin Horn":145,"Vajra":204,"Hammer of Thor":0,"EVO:Axolotl":0,"hubris:TerracottaHorce":206,"alterego_mod:FleetingLove":20,"Centennial Puzzle":144,"HornCleat":112,"DollysMirror":106,"Philosopher\u0027s Stone":51,"Prayer Wheel":117,"Iron Hammer":89,"alterego_mod:SistersRibbon":0,"conspire:Dentures":68,"hubris:Teleporter":181,"Happy Flower":136,"ReplayTheSpireMod:CursedCoin":19,"Replay:Grab Bag":138,"Oddly Smooth Stone":97,"vexMod:TimeEaterHat":0,"infinitespire:Beetle Shell":24,"conspire:SlowCooker":189,"vexMod:PaidLearning":127,"conspire:Boomerang":129,"Replay:Kaleidoscope":47,"War Paint":8,"hubris:Zylophone":0,"Replay:Baseball":128,"vexMod:Cooldron":0,"ReplayTheSpireMod:Shallot":113,"Anvil of the Gods":0,"Shuriken":209,"Bronze Scales":19,"Simple Rune":75,"ReplayTheSpireMod:TigerMarble":29,"Black Star":34,"infinitespire:EmpoweringShard":44,"hubris:ToyBattleship":91,"Mirror":42,"Meat on the Bone":150,"ReplayFunnel":57,"Darkstone Periapt":102,"Replay:PocketPolymizer":136,"SacredBark":176,"conspire:SpecialSausage":155,"Juzu Bracelet":19,"hubris:SlimyHat":40,"PrismaticShard":123,"conspire:TopHat":106,"Replay:Bandana":75,"Nunchaku":79,"Dream Catcher":94,"hubris:Icosahedron":55,"TheAbacus":89,"Mummified Hand":15,"Gambling Chip":0,"Tiny Chest":108,"Red Mask":76,"Runic Pyramid":138,"Gremlin Food":135,"BargainBundle":57,"ReplayTheSpireMod:Ninjato":179,"Replay:Towering Pillar of Hats":89,"infinitespire:CursedDice":0,"Quantum Egg":130,"Guide Book":0,"hubris:MedicalManual":0,"Replay:WaspNest":113,"vexMod:FocusSash":117,"Odd Mushroom":14,"Orichalcum":64,"vexMod:Dragonfruit":40,"Calling Bell":68,"Peace Pipe":143,"Cauldron":2,"Anchor":51,"CaptainsWheel":96,"Pondfish Scales":0,"vexMod:BarristanHead":14,"infinitespire:Satchel":48,"hubris:BundleOfHerbs":68,"Bag of Marbles":114,"Snack Pack":146,"vexMod:CursedCompass":153,"Membership Card":0,"hubris:OldNail":60,"TungstenRod":12,"hubris:Potato":162,"FossilizedHelix":198},{"vexMod:MemoryStick":129,"infinitespire:Cubic Diamond":56,"Whetstone":15,"Ginger":93,"Bottled Tornado":25,"hubris:MysteriousPyramids":84,"Boot":56,"Sling":135,"Replay:Wanted Poster":60,"Blood Vial":75,"vexMod:InvisibilityCloak":161,"conspire:GlowingRock":26,"infinitespire:ShieldingShard":194,"Sundial":46,"hubris:DeckOfHolding":143,"infinitespire:Golems Mask":220,"vexMod:DeviousBotling":29,"Necronomicon":36,"Kunai":31,"Replay:Wax Seal":39,"Replay:Bottled Steam":50,"MerchantsRug":7,"hubris:MobiusCoin":40,"alterego_mod:MasochisticConstitution":0,"conspire:TreasureMap":160,"Pear":34,"Blue Candle":93,"hubris:SphereOfDissonance":68,"Eternal Feather":111,"Pen Nib":77,"Replay:Ancient Bell":93,"infinitespire:Magic Flask":120,"vexMod:GhostlyGear":25,"infinitespire:EvilPickle":43,"SlaversCollar":133,"hubris:BottledHeart":61,"Bird Faced Urn":218,"CultistMask":138,"hubris:TenFootPole":61,"vexMod:ImprovementManual":0,"infinitespire:PuzzleCube":48,"Unceasing Top":68,"conspire:Flyswatter":128,"Regal Pillow":63,"Lantern":66,"Singing Bowl":110,"Blue Doll":103,"Bag of Preparation":63,"Replay:Multitool":78,"Smiling Mask":39,"Ancient Tea Set":39,"Cursed Key":152,"Replay:Rubber Ducky":35,"conspire:InfiniteJournal":74,"Shovel":78,"infinitespire:Bottled Soul":102,"vexMod:RedPlottingStone":22,"hubris:ScarierMask":172,"hubris:CuriousFeather":123,"hubris:FunFungus":131,"Chemical X":18,"hubris:GlazedTorus":166,"Potion Belt":25,"vexMod:GildedClover":173,"Lee\u0027s Waffle":188,"Golden Idol":32,"Circlet":0,"conspire:RunicOctahedron":51,"vexMod:BerryBomb":57,"Thread and Needle":139,"The Courier":8,"infinitespire:Joker Card":170,"PreservedInsect":174,"Omamori":36,"Seething Fire":0,"infinitespire:CheckeredPen":34,"infinitespire:Lucky Rock":40,"hubris:Towel":22,"MawBank":48,"Replay:Arrowhead":218,"sneckomod:BabySnecko":117,"Busted Crown":142,"Ornamental Fan":173,"hubris:Spice":188,"Garlic":53,"Art of War":90,"ReplayTheSpireMod:Onyx Gauntlets":43,"conspire:DeflatedDodgeball":181,"ReplayTheSpireMod:Lightbulb":72,"Toy Ornithopter":110,"infinitespire:Midas Blood":203,"Ice Cream":146,"hubris:CrystalStatue":63,"conspire:RoyalGoblet":11,"Gremlin Horn":73,"Vajra":185,"Hammer of Thor":0,"EVO:Axolotl":0,"hubris:TerracottaHorce":186,"alterego_mod:FleetingLove":12,"Centennial Puzzle":157,"HornCleat":138,"DollysMirror":53,"Philosopher\u0027s Stone":27,"Prayer Wheel":140,"Iron Hammer":46,"alterego_mod:SistersRibbon":78,"conspire:Dentures":35,"hubris:Teleporter":174,"Happy Flower":69,"ReplayTheSpireMod:CursedCoin":12,"Replay:Grab Bag":152,"Oddly Smooth Stone":48,"vexMod:TimeEaterHat":78,"infinitespire:Beetle Shell":90,"conspire:SlowCooker":177,"vexMod:PaidLearning":63,"conspire:Boomerang":148,"Replay:Kaleidoscope":102,"War Paint":82,"hubris:Zylophone":188,"Replay:Baseball":63,"vexMod:Cooldron":78,"ReplayTheSpireMod:Shallot":56,"Anvil of the Gods":0,"Shuriken":187,"Bronze Scales":12,"Simple Rune":38,"ReplayTheSpireMod:TigerMarble":19,"Black Star":20,"infinitespire:EmpoweringShard":25,"hubris:ToyBattleship":48,"Mirror":97,"Meat on the Bone":160,"ReplayFunnel":31,"Darkstone Periapt":132,"Replay:PocketPolymizer":69,"SacredBark":173,"conspire:SpecialSausage":162,"Juzu Bracelet":12,"hubris:SlimyHat":24,"PrismaticShard":143,"conspire:TopHat":53,"Replay:Bandana":38,"Nunchaku":39,"Dream Catcher":48,"hubris:Icosahedron":29,"TheAbacus":46,"Mummified Hand":197,"Gambling Chip":78,"Tiny Chest":54,"Red Mask":39,"Runic Pyramid":152,"Gremlin Food":151,"BargainBundle":107,"ReplayTheSpireMod:Ninjato":174,"Replay:Towering Pillar of Hats":46,"infinitespire:CursedDice":78,"Quantum Egg":148,"Guide Book":188,"hubris:MedicalManual":78,"Replay:WaspNest":138,"vexMod:FocusSash":140,"Odd Mushroom":85,"Orichalcum":110,"vexMod:Dragonfruit":24,"Calling Bell":35,"Peace Pipe":72,"Cauldron":79,"Anchor":104,"CaptainsWheel":129,"Pondfish Scales":188,"vexMod:BarristanHead":10,"infinitespire:Satchel":26,"hubris:BundleOfHerbs":35,"Bag of Marbles":57,"Snack Pack":74,"vexMod:CursedCompass":76,"Membership Card":218,"hubris:OldNail":32,"TungstenRod":84,"hubris:Potato":167,"FossilizedHelix":182},{"vexMod:MemoryStick":460,"infinitespire:Cubic Diamond":224,"Whetstone":77,"Ginger":328,"Bottled Tornado":135,"hubris:MysteriousPyramids":294,"Boot":224,"Sling":475,"Replay:Wanted Poster":231,"Blood Vial":260,"vexMod:InvisibilityCloak":537,"conspire:GlowingRock":140,"infinitespire:ShieldingShard":617,"Sundial":204,"hubris:DeckOfHolding":491,"infinitespire:Golems Mask":669,"vexMod:DeviousBotling":150,"Necronomicon":170,"Kunai":154,"Replay:Wax Seal":182,"Replay:Bottled Steam":213,"MerchantsRug":30,"hubris:MobiusCoin":184,"alterego_mod:MasochisticConstitution":0,"conspire:TreasureMap":534,"Pear":162,"Blue Candle":328,"hubris:SphereOfDissonance":243,"Eternal Feather":402,"Pen Nib":269,"Replay:Ancient Bell":328,"infinitespire:Magic Flask":428,"vexMod:GhostlyGear":135,"infinitespire:EvilPickle":193,"SlaversCollar":472,"hubris:BottledHeart":232,"Bird Faced Urn":663,"CultistMask":480,"hubris:TenFootPole":232,"vexMod:ImprovementManual":0,"infinitespire:PuzzleCube":209,"Unceasing Top":243,"conspire:Flyswatter":456,"Regal Pillow":237,"Lantern":241,"Singing Bowl":398,"Blue Doll":373,"Bag of Preparation":237,"Replay:Multitool":274,"Smiling Mask":182,"Ancient Tea Set":182,"Cursed Key":515,"Replay:Rubber Ducky":167,"conspire:InfiniteJournal":259,"Shovel":274,"infinitespire:Bottled Soul":368,"vexMod:RedPlottingStone":119,"hubris:ScarierMask":561,"hubris:CuriousFeather":436,"hubris:FunFungus":465,"Chemical X":94,"hubris:GlazedTorus":548,"Potion Belt":135,"vexMod:GildedClover":562,"Lee\u0027s Waffle":611,"Golden Idol":156,"Circlet":0,"conspire:RunicOctahedron":216,"vexMod:BerryBomb":227,"Thread and Needle":482,"The Courier":36,"infinitespire:Joker Card":553,"PreservedInsect":564,"Omamori":170,"Seething Fire":0,"infinitespire:CheckeredPen":162,"infinitespire:Lucky Rock":184,"hubris:Towel":119,"MawBank":209,"Replay:Arrowhead":663,"sneckomod:BabySnecko":420,"Busted Crown":489,"Ornamental Fan":562,"hubris:Spice":611,"Garlic":219,"Art of War":314,"ReplayTheSpireMod:Onyx Gauntlets":193,"conspire:DeflatedDodgeball":586,"ReplayTheSpireMod:Lightbulb":256,"Toy Ornithopter":398,"infinitespire:Midas Blood":635,"Ice Cream":499,"hubris:CrystalStatue":237,"conspire:RoyalGoblet":54,"Gremlin Horn":258,"Vajra":597,"Hammer of Thor":0,"EVO:Axolotl":0,"hubris:TerracottaHorce":603,"alterego_mod:FleetingLove":61,"Centennial Puzzle":526,"HornCleat":480,"DollysMirror":219,"Philosopher\u0027s Stone":146,"Prayer Wheel":484,"Iron Hammer":204,"alterego_mod:SistersRibbon":274,"conspire:Dentures":167,"hubris:Teleporter":564,"Happy Flower":250,"ReplayTheSpireMod:CursedCoin":61,"Replay:Grab Bag":515,"Oddly Smooth Stone":209,"vexMod:TimeEaterHat":274,"infinitespire:Beetle Shell":314,"conspire:SlowCooker":575,"vexMod:PaidLearning":237,"conspire:Boomerang":504,"Replay:Kaleidoscope":368,"War Paint":288,"hubris:Zylophone":611,"Replay:Baseball":237,"vexMod:Cooldron":274,"ReplayTheSpireMod:Shallot":224,"Anvil of the Gods":0,"Shuriken":604,"Bronze Scales":61,"Simple Rune":180,"ReplayTheSpireMod:TigerMarble":101,"Black Star":109,"infinitespire:EmpoweringShard":135,"hubris:ToyBattleship":209,"Mirror":341,"Meat on the Bone":534,"ReplayFunnel":154,"Darkstone Periapt":468,"Replay:PocketPolymizer":250,"SacredBark":562,"conspire:SpecialSausage":544,"Juzu Bracelet":61,"hubris:SlimyHat":131,"PrismaticShard":491,"conspire:TopHat":219,"Replay:Bandana":180,"Nunchaku":182,"Dream Catcher":209,"hubris:Icosahedron":150,"TheAbacus":204,"Mummified Hand":622,"Gambling Chip":274,"Tiny Chest":220,"Red Mask":182,"Runic Pyramid":515,"Gremlin Food":510,"BargainBundle":390,"ReplayTheSpireMod:Ninjato":564,"Replay:Towering Pillar of Hats":204,"infinitespire:CursedDice":274,"Quantum Egg":504,"Guide Book":611,"hubris:MedicalManual":274,"Replay:WaspNest":480,"vexMod:FocusSash":484,"Odd Mushroom":297,"Orichalcum":398,"vexMod:Dragonfruit":131,"Calling Bell":167,"Peace Pipe":256,"Cauldron":277,"Anchor":378,"CaptainsWheel":460,"Pondfish Scales":611,"vexMod:BarristanHead":46,"infinitespire:Satchel":140,"hubris:BundleOfHerbs":167,"Bag of Marbles":227,"Snack Pack":259,"vexMod:CursedCompass":267,"Membership Card":663,"hubris:OldNail":156,"TungstenRod":294,"hubris:Potato":550,"FossilizedHelix":588}]},"card_choices":[{"not_picked":["alterego_mod:Crossover","alterego_mod:BustOut","alterego_mod:Valentines"],"picked":"SKIP","floor":1},{"not_picked":["alterego_mod:Stockings","alterego_mod:HighServant"],"picked":"alterego_mod:Rip","floor":3},{"not_picked":["alterego_mod:MagicResistance","alterego_mod:Pet"],"picked":"alterego_mod:IndependentAction","floor":5}],"player_experience":529809,"relics_obtained":[],"event_choices":[],"is_beta":false,"boss_relics":[],"items_purged_floors":[0,0,2],"is_endless":false,"potions_floor_spawned":[1],"killed_by":"3 Sentries","ascension_level":2}}