{"host":"flash","time":1611752439,"event":{"mods":["ATMod(°¢èªMod)","Act Like it!","BaseMod","Jorbs\u0027s Wanderer Trilogy","Luminous","Minty Spire (QoL Compilation)","Shop Mod","StSLib","Td1madao Mod"],"gold_per_floor":[119,119,119,44,58,58,94,94,163,203,219,234,273,297,297,386,386,407,407,432,453,343,343,357,357,380,380,380],"floor_reached":27,"language":"ZHS","playtime":944,"items_purged":["Regret"],"score":454,"play_id":"3d068762-8eda-4e4c-9db5-ec4fbc840061","local_time":"20210127210039","is_ascension_mode":true,"campfire_choices":[{"data":"WheelKick","floor":6.0,"key":"SMITH"},{"floor":8.0,"key":"REST"},{"data":"Eruption","floor":15.0,"key":"SMITH"},{"floor":23,"key":"REST"},{"data":"Worship","floor":25,"key":"SMITH"}],"circlet_count":0,"master_deck":["AscendersBane","Strike_P","Strike_P","Strike_P","Defend_P","Defend_P","Defend_P+1","Defend_P","Eruption+1","Vigilance","AT_EssenceShift","WheelKick+1","DeceiveReality","Establishment","Shame","FlyingSleeves","EmptyMind","Worship+1","DeusExMachina","Conclude+1","ClearTheMind","Clumsy"],"relics":["AT_ATBox","Cursed Key","MealTicket","Golden Idol","AT_SilvercatRing","Eternal Feather","Sundial","Strawberry","Black Star","Kunai","Bronze Scales"],"acts_visited":["Exordium","TheCity"],"potions_floor_usage":[16],"damage_taken":[{"damage":0.0,"enemies":"Small Slimes","floor":1.0,"turns":3.0},{"damage":0.0,"enemies":"2 Louse","floor":5.0,"turns":2.0},{"damage":30.0,"enemies":"3 Sentries","floor":7.0,"turns":11.0},{"damage":3.0,"enemies":"Lagavulin","floor":10.0,"turns":6.0},{"damage":2.0,"enemies":"Jaw Worm","floor":11.0,"turns":3.0},{"damage":1.0,"enemies":"Red Slaver","floor":12.0,"turns":3.0},{"damage":7.0,"enemies":"3 Sentries","floor":13.0,"turns":7.0},{"damage":5.0,"enemies":"Blue Slaver","floor":14.0,"turns":5.0},{"damage":26,"enemies":"Slime Boss","floor":16,"turns":4},{"damage":8,"enemies":"Shell Parasite","floor":18,"turns":6},{"damage":12,"enemies":"Chosen","floor":20,"turns":7},{"damage":31,"enemies":"3 Cultists","floor":21,"turns":7},{"damage":13,"enemies":"Snecko","floor":24,"turns":5},{"damage":49,"enemies":"Slavers","floor":27,"turns":2}],"seed_played":"-1722062372834638690","potions_obtained":[{"floor":1.0,"key":"DistilledChaos"},{"floor":5.0,"key":"FearPotion"},{"floor":7.0,"key":"Dexterity Potion"},{"floor":13.0,"key":"Energy Potion"}],"is_trial":false,"path_per_floor":["M","?","?","$","M","R","E","R","T","E","M","M","E","M","R","B",null,"M","?","M","M","?","R","M","R","T","E"],"character_chosen":"WATCHER","items_purchased":[],"campfire_rested":2,"item_purchase_floors":[],"current_hp_per_floor":[61,61,38,53,53,53,23,43,43,40,38,37,37,32,41,15,60,52,52,40,9,9,43,30,42,42,0,0],"gold":380,"neow_bonus":"BOSS_RELIC","is_daily":false,"chose_seed":false,"campfire_upgraded":3,"win_rate":0.0,"timestamp":1611752439,"path_taken":["M","?","?","?","M","R","E","R","T","E","M","?","E","M","R","BOSS","M","?","M","?","?","R","?","R","T","E"],"items_purchased_type":[],"build_version":"2020-12-18","purchased_purges":1,"victory":false,"max_hp_per_floor":[68,68,68,68,68,68,68,68,68,68,68,68,75,75,75,75,75,75,75,75,75,75,75,75,75,75,75,75],"card_choices":[{"not_picked":["FlyingSleeves","Meditate"],"picked":"WheelKick","floor":1.0},{"not_picked":["SandsOfTime","Prostrate"],"picked":"DeceiveReality","floor":5.0},{"not_picked":["ClearTheMind","Protect"],"picked":"Establishment","floor":7.0},{"not_picked":["Crescendo","Weave","SandsOfTime"],"picked":"SKIP","floor":10.0},{"not_picked":["FollowUp","EmptyFist"],"picked":"FlyingSleeves","floor":11.0},{"not_picked":["Wireheading","Evaluate"],"picked":"EmptyMind","floor":12.0},{"not_picked":["Evaluate","SashWhip","FollowUp"],"picked":"SKIP","floor":13.0},{"not_picked":["EmptyFist","FollowUp"],"picked":"Worship","floor":14.0},{"not_picked":["Vault","Judgement"],"picked":"DeusExMachina","floor":16},{"not_picked":["Worship","SashWhip","Prostrate"],"picked":"SKIP","floor":18},{"not_picked":["BowlingBash","TalkToTheHand+1","ThirdEye"],"picked":"SKIP","floor":20},{"not_picked":["Crescendo","FlyingSleeves"],"picked":"Conclude","floor":21},{"not_picked":["CrushJoints+1","FlurryOfBlows"],"picked":"ClearTheMind","floor":24}],"player_experience":669922,"relics_obtained":[{"floor":7.0,"key":"AT_SilvercatRing"},{"floor":9.0,"key":"Eternal Feather"},{"floor":10.0,"key":"Sundial"},{"floor":13.0,"key":"Strawberry"},{"floor":26,"key":"Bronze Scales"}],"event_choices":[{"damage_healed":0.0,"max_hp_gain":0.0,"max_hp_loss":0.0,"gold_gain":0.0,"event_name":"Big Fish","player_choice":"Box","floor":2.0,"gold_loss":0.0,"damage_taken":0.0,"relics_obtained":["MealTicket"],"cards_obtained":["Regret"]},{"damage_healed":0.0,"max_hp_gain":0.0,"max_hp_loss":0.0,"gold_gain":0.0,"event_name":"Golden Idol","player_choice":"Take Damage","floor":3.0,"gold_loss":0.0,"damage_taken":23.0,"relics_obtained":["Golden Idol"]},{"damage_healed":0,"gold_gain":0,"player_choice":"Gave Potion","damage_taken":0,"relics_obtained":["Kunai"],"max_hp_gain":0,"max_hp_loss":0,"event_name":"WeMeetAgain","floor":19,"gold_loss":0},{"cards_removed":["Strike_P"],"damage_healed":0,"gold_gain":0,"player_choice":"Upgrade and Remove","damage_taken":0,"max_hp_gain":0,"max_hp_loss":0,"event_name":"Designer","floor":22,"gold_loss":110,"cards_upgraded":["Defend_P"]}],"is_beta":true,"boss_relics":[{"not_picked":["Runic Pyramid","Philosopher\u0027s Stone"],"picked":"Black Star"}],"items_purged_floors":[4],"is_endless":false,"potions_floor_spawned":[1,5,7,13],"killed_by":"Slavers","ascension_level":19}}