{"host":"mi0eibewekhugwl1","time":1611736082,"event":{"mods":["AchievementEnabler","BaseMod","Colored Map","Colored Powertips","DeckTracker","Keyboard Shortcuts","Minty Spire (QoL Compilation)","Quick Restart","Rare Cards Sparkle","Relic Stats","StSLib","SuperFastMode","everything is the same but u backflip on backflip"],"gold_per_floor":[117,117,3,128,142,169,189,204,204,220,17,120,152,167,167,245,245,257,307,357,407,121,121,150,177,189,271,21,37,98,115,115,115,115],"floor_reached":33,"language":"KOR","playtime":911,"items_purged":["Strike_P","Strike_P"],"score":683,"play_id":"2da26e99-4d27-41e7-8062-b506e1bd7f61","local_time":"20210127172802","is_ascension_mode":true,"campfire_choices":[{"data":"Eruption","floor":15,"key":"SMITH"},{"data":"Scrawl","floor":23,"key":"SMITH"},{"floor":32,"key":"REST"}],"circlet_count":0,"master_deck":["AscendersBane","Defend_P","Defend_P","Defend_P","Eruption+1","Vigilance","Indignation","SignatureMove","EmptyFist","Tantrum","MentalFortress+1","Master of Strategy","EmptyBody","EmptyMind","Scrawl+1","MentalFortress+1","WindmillStrike","InnerPeace","WaveOfTheHand+1"],"relics":["PureWater","NeowsBlessing","SsserpentHead","Tiny Chest","Centennial Puzzle","Akabeko","Frozen Egg 2","Empty Cage","Gremlin Horn","PreservedInsect","MawBank","Ice Cream","Membership Card"],"acts_visited":["Exordium","TheCity"],"potions_floor_usage":[13,24,33],"damage_taken":[{"damage":0,"enemies":"Small Slimes","floor":1,"turns":1},{"damage":0,"enemies":"Cultist","floor":5,"turns":1},{"damage":0,"enemies":"Lagavulin","floor":6,"turns":1},{"damage":3,"enemies":"2 Louse","floor":7,"turns":2},{"damage":8,"enemies":"Blue Slaver","floor":8,"turns":3},{"damage":3,"enemies":"Looter","floor":10,"turns":2},{"damage":1,"enemies":"3 Sentries","floor":13,"turns":6},{"damage":0,"enemies":"2 Fungi Beasts","floor":14,"turns":3},{"damage":32,"enemies":"Slime Boss","floor":16,"turns":11},{"damage":7,"enemies":"2 Thieves","floor":18,"turns":4},{"damage":4,"enemies":"Book of Stabbing","floor":24,"turns":5},{"damage":10,"enemies":"3 Byrds","floor":25,"turns":7},{"damage":6,"enemies":"Cultist and Chosen","floor":27,"turns":4},{"damage":0,"enemies":"Snake Plant","floor":29,"turns":3},{"damage":0,"enemies":"Chosen and Byrds","floor":30,"turns":7},{"damage":0,"enemies":"3 Cultists","floor":31,"turns":4},{"damage":47,"enemies":"Champ","floor":33,"turns":12}],"seed_played":"9007934559862830934","potions_obtained":[{"floor":1,"key":"SteroidPotion"},{"floor":8,"key":"StancePotion"},{"floor":13,"key":"Ambrosia"},{"floor":25,"key":"Dexterity Potion"},{"floor":29,"key":"PowerPotion"}],"is_trial":false,"path_per_floor":["M","?","$","?","M","E","M","M","T","M","$","T","E","M","R","B",null,"M","?","T","?","$","R","E","M","T","M","$","M","M","M","R","B"],"character_chosen":"WATCHER","items_purchased":["SignatureMove","MentalFortress","Master of Strategy","PreservedInsect","MentalFortress+1","WindmillStrike","Membership Card","InnerPeace"],"campfire_rested":1,"item_purchase_floors":[3,11,11,22,22,22,28,28],"current_hp_per_floor":[61,61,61,50,50,50,47,39,39,36,36,36,35,35,35,3,52,45,45,45,45,45,45,41,31,31,25,25,25,25,25,45,0,0],"gold":115,"neow_bonus":"THREE_ENEMY_KILL","is_daily":false,"chose_seed":false,"campfire_upgraded":2,"win_rate":0.0,"timestamp":1611736082,"path_taken":["M","?","?","?","M","E","M","M","T","M","?","?","E","M","R","BOSS","M","?","?","?","$","R","E","M","T","?","$","M","?","M","R","BOSS"],"items_purchased_type":["Card","Card","Card","Relic","Card","Card","Relic","Card"],"build_version":"2020-12-22","purchased_purges":2,"victory":false,"max_hp_per_floor":[68,68,68,68,68,68,68,68,68,68,68,68,68,68,68,68,68,68,68,68,68,68,68,68,68,68,68,68,68,68,68,68,68,68],"relic_stats":{"SsserpentHead":450,"Centennial Puzzle":[24],"Gremlin Horn":[6,6],"counters":[17,76],"Tiny Chest":1,"PreservedInsect":43,"MawBank":48,"obtain_stats":[{"Ice Cream":26,"NeowsBlessing":0,"Gremlin Horn":20,"PreservedInsect":22,"Frozen Egg 2":13,"Empty Cage":17,"MawBank":24,"Akabeko":12,"SsserpentHead":2,"Centennial Puzzle":9,"Tiny Chest":6,"Membership Card":28,"PureWater":0},{"Ice Cream":12,"NeowsBlessing":0,"Gremlin Horn":10,"PreservedInsect":10,"Frozen Egg 2":7,"Empty Cage":9,"MawBank":11,"Akabeko":6,"SsserpentHead":1,"Centennial Puzzle":5,"Tiny Chest":3,"Membership Card":13,"PureWater":0},{"Ice Cream":46,"NeowsBlessing":0,"Gremlin Horn":34,"PreservedInsect":34,"Frozen Egg 2":16,"Empty Cage":30,"MawBank":39,"Akabeko":10,"SsserpentHead":1,"Centennial Puzzle":8,"Tiny Chest":3,"Membership Card":50,"PureWater":0}]},"card_choices":[{"not_picked":["TalkToTheHand","EmptyFist"],"picked":"Indignation","floor":1},{"not_picked":["Protect","ClearTheMind"],"picked":"EmptyFist","floor":5},{"not_picked":["ForeignInfluence","EmptyFist","Halt"],"picked":"SKIP","floor":6},{"not_picked":["Indignation","EmptyFist","ClearTheMind"],"picked":"SKIP","floor":7},{"not_picked":["PathToVictory","DeceiveReality"],"picked":"Tantrum","floor":8},{"not_picked":["Protect","DeceiveReality","Collect"],"picked":"SKIP","floor":10},{"not_picked":["EmptyBody","Weave","Wireheading+1"],"picked":"SKIP","floor":13},{"not_picked":["Weave","Wireheading+1"],"picked":"EmptyBody","floor":13},{"not_picked":["Sanctity","SandsOfTime"],"picked":"EmptyMind","floor":14},{"not_picked":["ConjureBlade","LessonLearned"],"picked":"Scrawl","floor":16},{"not_picked":["FlurryOfBlows","CutThroughFate","CrushJoints"],"picked":"SKIP","floor":18},{"not_picked":["ReachHeaven","CutThroughFate","BowlingBash"],"picked":"SKIP","floor":24},{"not_picked":["CrushJoints","Crescendo","Perseverance"],"picked":"SKIP","floor":25},{"not_picked":["EmptyFist","WaveOfTheHand","CutThroughFate"],"picked":"SKIP","floor":27},{"not_picked":["Halt","Consecrate","Wireheading+1"],"picked":"SKIP","floor":29},{"not_picked":["SashWhip","Collect","Prostrate"],"picked":"SKIP","floor":30},{"not_picked":["Prostrate","ReachHeaven+1"],"picked":"WaveOfTheHand+1","floor":31}],"player_experience":1770530,"relics_obtained":[{"floor":6,"key":"Tiny Chest"},{"floor":9,"key":"Centennial Puzzle"},{"floor":12,"key":"Akabeko"},{"floor":13,"key":"Frozen Egg 2"},{"floor":20,"key":"Gremlin Horn"},{"floor":24,"key":"MawBank"},{"floor":26,"key":"Ice Cream"}],"event_choices":[{"damage_healed":0,"gold_gain":0,"player_choice":"Trade","damage_taken":0,"relics_obtained":["SsserpentHead"],"max_hp_gain":0,"max_hp_loss":0,"event_name":"FaceTrader","floor":2,"gold_loss":0},{"damage_healed":0,"gold_gain":75,"player_choice":"Gather Gold","damage_taken":11,"max_hp_gain":0,"max_hp_loss":0,"event_name":"World of Goop","floor":4,"gold_loss":0},{"cards_removed":["Strike_P"],"damage_healed":0,"gold_gain":0,"player_choice":"Elegance","damage_taken":0,"max_hp_gain":0,"max_hp_loss":0,"event_name":"Back to Basics","floor":19,"gold_loss":0},{"damage_healed":0,"gold_gain":0,"player_choice":"Upgraded","damage_taken":0,"max_hp_gain":0,"max_hp_loss":0,"event_name":"Upgrade Shrine","floor":21,"gold_loss":0,"cards_upgraded":["MentalFortress"]}],"is_beta":false,"boss_relics":[{"not_picked":["Fusion Hammer","Tiny House"],"picked":"Empty Cage"}],"items_purged_floors":[3,28],"is_endless":false,"potions_floor_spawned":[1,8,13,16,18,25,29],"killed_by":"Champ","ascension_level":20}}