{"host":"qxeepl7ydvsgmfdb","time":1611726013,"event":{"mods":["AchievementEnabler","BaseMod","Colored Powertips","Minty Spire (QoL Compilation)","Quick Restart","slay the spire mod where everything is the same but ironclad has a cowboy hat"],"gold_per_floor":[109,109,184,28,39,65,65,92,92,147,174,205,3,32,32,130,130,141,18,18,18,31,31,31,31,31,42,42,42,77,38,38,134,134,147,147,147,197,249,249,249,249],"floor_reached":41,"language":"ENG","playtime":1297,"items_purged":["Strike_G"],"score":729,"play_id":"d1f62755-5f7d-4be3-9e29-0e6de3a36f0d","local_time":"20210127004013","is_ascension_mode":true,"campfire_choices":[{"floor":7.0,"key":"REST"},{"floor":15.0,"key":"REST"},{"data":"Noxious Fumes","floor":23.0,"key":"SMITH"},{"floor":25.0,"key":"REST"},{"floor":28.0,"key":"REST"},{"floor":32.0,"key":"REST"},{"floor":40.0,"key":"REST"}],"circlet_count":0,"master_deck":["AscendersBane","Defend_G","Defend_G","Defend_G","Defend_G","Defend_G","Survivor","Neutralize","Poisoned Stab","Backstab","Noxious Fumes+1","Deadly Poison","Deflect","Die Die Die","Poisoned Stab","Catalyst+1","Bite","Bite","Bite","Bite","Bite","Noxious Fumes+1","The Bomb"],"relics":["Ring of the Snake","NeowsBlessing","Gambling Chip","Snake Skull","Toy Ornithopter","Anchor","Kunai","Odd Mushroom","Lantern","Nunchaku","The Courier","Nilry\u0027s Codex","Oddly Smooth Stone","HoveringKite","Pocketwatch","Tingsha"],"acts_visited":["Exordium","TheCity","TheBeyond"],"potions_floor_usage":[],"damage_taken":[{"damage":0.0,"enemies":"2 Louse","floor":1.0,"turns":1.0},{"damage":0.0,"enemies":"Jaw Worm","floor":5.0,"turns":1.0},{"damage":0.0,"enemies":"Lagavulin","floor":6.0,"turns":1.0},{"damage":27.0,"enemies":"3 Sentries","floor":8.0,"turns":8.0},{"damage":20.0,"enemies":"The Mushroom Lair","floor":11.0,"turns":7.0},{"damage":14.0,"enemies":"Lagavulin","floor":12.0,"turns":5.0},{"damage":15.0,"enemies":"Gremlin Nob","floor":14.0,"turns":4.0},{"damage":6.0,"enemies":"The Guardian","floor":16.0,"turns":8.0},{"damage":1.0,"enemies":"2 Thieves","floor":18.0,"turns":4.0},{"damage":3.0,"enemies":"Shell Parasite","floor":22.0,"turns":4.0},{"damage":44.0,"enemies":"Shelled Parasite and Fungi","floor":27.0,"turns":5.0},{"damage":24.0,"enemies":"Slavers","floor":30.0,"turns":6.0},{"damage":94.0,"enemies":"Collector","floor":33.0,"turns":8.0},{"damage":9.0,"enemies":"3 Shapes","floor":35.0,"turns":4.0},{"damage":0.0,"enemies":"3 Darklings","floor":36.0,"turns":2.0},{"damage":18.0,"enemies":"Mind Bloom Boss Battle","floor":38.0,"turns":6.0},{"damage":75.0,"enemies":"2 Orb Walkers","floor":39.0,"turns":7.0},{"damage":46,"enemies":"Transient","floor":41,"turns":3}],"seed_played":"-4572837665703144678","potions_obtained":[{"floor":5.0,"key":"Explosive Potion"},{"floor":8.0,"key":"ColorlessPotion"},{"floor":11.0,"key":"Swift Potion"},{"floor":14.0,"key":"SpeedPotion"},{"floor":27.0,"key":"Regen Potion"},{"floor":33.0,"key":"SmokeBomb"},{"floor":35.0,"key":"CultistPotion"}],"is_trial":false,"path_per_floor":["M","?","?","$","M","E","R","E","T","?","?","E","$","E","R","B",null,"M","$","?","?","M","R","?","R","T","M","R","?","E","$","R","B",null,"M","M","?","?","?","R","M"],"character_chosen":"THE_SILENT","items_purchased":["Snake Skull","Lantern","Deflect","Strength Potion","SkillPotion"],"campfire_rested":6,"item_purchase_floors":[4,13,13,19,31],"current_hp_per_floor":[63,51,40,40,40,40,61,39,39,39,24,15,15,2,23,19,57,58,58,45,45,44,44,44,66,66,38,60,44,37,37,59,6,58,55,66,66,67,8,30,0,0],"gold":249,"neow_bonus":"THREE_ENEMY_KILL","is_daily":false,"chose_seed":false,"campfire_upgraded":1,"win_rate":0.0,"timestamp":1611726013,"path_taken":["M","?","?","$","M","E","R","E","T","?","?","E","?","E","R","BOSS","M","$","?","?","?","R","?","R","T","M","R","?","E","?","R","BOSS","M","M","?","?","?","R","M"],"items_purchased_type":["Relic","Relic","Card","Potion","Potion"],"build_version":"2020-12-22","purchased_purges":1,"victory":false,"max_hp_per_floor":[70,70,70,70,70,70,70,70,70,70,70,70,70,70,70,70,70,70,70,75,75,75,75,75,75,75,75,75,75,75,75,75,75,75,75,75,75,75,75,75,75,75],"card_choices":[{"not_picked":["PiercingWail","Crippling Poison"],"picked":"Poisoned Stab","floor":1.0},{"not_picked":["Flying Knee","Slice"],"picked":"Backstab","floor":5.0},{"not_picked":["Dodge and Roll","Well Laid Plans","Blur"],"picked":"SKIP","floor":6.0},{"not_picked":["Eviscerate","Bouncing Flask","Heel Hook"],"picked":"SKIP","floor":8.0},{"not_picked":["Prepared","Endless Agony"],"picked":"Noxious Fumes","floor":11.0},{"not_picked":["Expertise","Noxious Fumes"],"picked":"Deadly Poison","floor":12.0},{"not_picked":["Dodge and Roll","Prepared","Dash"],"picked":"SKIP","floor":14.0},{"not_picked":["Bullet Time","Doppelganger"],"picked":"Die Die Die","floor":16.0},{"not_picked":["Deflect","Sucker Punch"],"picked":"Poisoned Stab","floor":18.0},{"not_picked":["Outmaneuver","Concentrate"],"picked":"Catalyst+1","floor":22.0},{"not_picked":["Slice+1","Dagger Spray"],"picked":"Noxious Fumes+1","floor":27.0},{"not_picked":["Grand Finale","Masterful Stab","Riddle With Holes"],"picked":"SKIP","floor":30.0},{"not_picked":["Infinite Blades","Dagger Throw+1","Acrobatics+1"],"picked":"SKIP","floor":35.0},{"not_picked":["Enlightenment","Bandage Up"],"picked":"The Bomb","floor":37.0}],"player_experience":227543,"relics_obtained":[{"floor":6.0,"key":"Toy Ornithopter"},{"floor":8.0,"key":"Anchor"},{"floor":9.0,"key":"Kunai"},{"floor":11.0,"key":"Odd Mushroom"},{"floor":12.0,"key":"Blood Vial"},{"floor":14.0,"key":"Nunchaku"},{"floor":26.0,"key":"The Courier"},{"floor":29.0,"key":"Nilry\u0027s Codex"},{"floor":30.0,"key":"Oddly Smooth Stone"},{"floor":38.0,"key":"Pocketwatch"},{"floor":39.0,"key":"Tingsha"}],"event_choices":[{"damage_healed":0.0,"max_hp_gain":0.0,"max_hp_loss":0.0,"gold_gain":0.0,"event_name":"Scrap Ooze","player_choice":"Success","floor":2.0,"gold_loss":0.0,"damage_taken":12.0,"relics_obtained":["Gambling Chip"]},{"damage_healed":0.0,"max_hp_gain":0.0,"max_hp_loss":0.0,"gold_gain":75.0,"event_name":"World of Goop","player_choice":"Gather Gold","floor":3.0,"gold_loss":0.0,"damage_taken":11.0},{"damage_healed":0.0,"max_hp_gain":0.0,"max_hp_loss":0.0,"gold_gain":55.0,"event_name":"Golden Wing","player_choice":"Gained Gold","floor":10.0,"gold_loss":0.0,"damage_taken":0.0},{"damage_healed":0.0,"max_hp_gain":0.0,"max_hp_loss":0.0,"gold_gain":0.0,"event_name":"Mushrooms","player_choice":"Fought Mushrooms","floor":11.0,"gold_loss":0.0,"damage_taken":0.0},{"damage_healed":0.0,"max_hp_gain":5.0,"max_hp_loss":0.0,"gold_gain":0.0,"event_name":"Forgotten Altar","player_choice":"Shed Blood","floor":20.0,"gold_loss":0.0,"damage_taken":18.0},{"cards_removed":["Strike_G"],"damage_healed":0.0,"max_hp_gain":0.0,"max_hp_loss":0.0,"gold_gain":0.0,"event_name":"Bonfire Elementals","player_choice":"Offered Basic","floor":21.0,"gold_loss":0.0,"damage_taken":0.0},{"damage_healed":0.0,"max_hp_gain":0.0,"max_hp_loss":0.0,"gold_gain":0.0,"event_name":"Vampires","player_choice":"Became a vampire (Vial)","floor":24.0,"relics_lost":["Blood Vial"],"gold_loss":0.0,"damage_taken":0.0,"cards_obtained":["Bite","Bite","Bite","Bite","Bite"]},{"damage_healed":0.0,"max_hp_gain":0.0,"max_hp_loss":0.0,"gold_gain":0.0,"event_name":"Cursed Tome","player_choice":"Obtained Book","floor":29.0,"gold_loss":0.0,"damage_taken":16.0},{"damage_healed":0.0,"max_hp_gain":0.0,"max_hp_loss":0.0,"gold_gain":0.0,"event_name":"SensoryStone","player_choice":"Memory 1","floor":37.0,"gold_loss":0.0,"damage_taken":0.0},{"damage_healed":0.0,"max_hp_gain":0.0,"max_hp_loss":0.0,"gold_gain":0.0,"event_name":"MindBloom","player_choice":"Fight","floor":38.0,"gold_loss":0.0,"damage_taken":0.0},{"damage_healed":0.0,"max_hp_gain":0.0,"max_hp_loss":0.0,"gold_gain":0.0,"event_name":"Mysterious Sphere","player_choice":"Fight","floor":39.0,"gold_loss":0.0,"damage_taken":0.0}],"is_beta":false,"boss_relics":[{"not_picked":["Runic Dome","Sozu","Fusion Hammer"]},{"not_picked":["Runic Pyramid","Busted Crown"],"picked":"HoveringKite"}],"items_purged_floors":[19],"is_endless":false,"potions_floor_spawned":[5,8,11,14,27,33,35,36],"killed_by":"Transient","ascension_level":11}}