{"host":"5jyeqch4fosnsiz2","time":1611719967,"event":{"mods":["BaseMod","Bestiary","Colored Map","Colored Powertips","Filter the Spire","Minty Spire (QoL Compilation)","Relic Stats","StSLib","Waifu the Spire","ojb\u0027s Better Paths Mod","ojb\u0027s Info Mod"],"gold_per_floor":[58,92,167,219,219,263,263,263,263,327,410,410,410,443,443,468,468],"floor_reached":16,"language":"ENG","playtime":572,"items_purged":[],"score":118,"play_id":"a8736c00-ab54-4e8e-8a94-06d15c3d0584","local_time":"20210126225927","is_ascension_mode":false,"campfire_choices":[{"data":"HandOfGreed","floor":8,"key":"SMITH"},{"data":"Deadly Poison","floor":13,"key":"SMITH"},{"floor":15,"key":"REST"}],"circlet_count":0,"master_deck":["Strike_G","Strike_G","Strike_G","Strike_G","Strike_G","Defend_G","Defend_G","Defend_G","Defend_G","Defend_G","Survivor","Neutralize","HandOfGreed+1","Quick Slash","Cloak And Dagger","Flying Knee","Poisoned Stab","Crippling Poison","Deadly Poison+1","Footwork"],"relics":["Ring of the Snake","Golden Idol","Sundial","HornCleat","Snake Skull","Blood Vial"],"acts_visited":["Exordium"],"potions_floor_usage":[6,11,14,14,16],"damage_taken":[{"damage":0,"enemies":"2 Louse","floor":1,"turns":5},{"damage":0,"enemies":"Jaw Worm","floor":2,"turns":2},{"damage":0,"enemies":"Small Slimes","floor":4,"turns":5},{"damage":28,"enemies":"Gremlin Nob","floor":6,"turns":6},{"damage":2,"enemies":"2 Fungi Beasts","floor":10,"turns":8},{"damage":1,"enemies":"3 Sentries","floor":11,"turns":10},{"damage":20,"enemies":"Lagavulin","floor":14,"turns":6},{"damage":35,"enemies":"Slime Boss","floor":16,"turns":8}],"seed_played":"39459856348325629","potions_obtained":[{"floor":2,"key":"Block Potion"},{"floor":6,"key":"Strength Potion"},{"floor":12,"key":"LiquidBronze"},{"floor":12,"key":"BlessingOfTheForge"},{"floor":12,"key":"AttackPotion"}],"is_trial":false,"path_per_floor":["M","M","?","M","?","E","?","R","T","M","E","?","R","E","R","B"],"character_chosen":"THE_SILENT","items_purchased":[],"campfire_rested":1,"item_purchase_floors":[],"current_hp_per_floor":[70,70,59,59,59,31,52,52,52,50,49,49,49,29,48,15,15],"gold":468,"neow_bonus":"RANDOM_COLORLESS_2","is_daily":false,"chose_seed":false,"campfire_upgraded":2,"win_rate":0.0,"timestamp":1611719967,"path_taken":["M","M","?","M","?","E","?","R","T","M","E","?","R","E","R","BOSS"],"items_purchased_type":[],"build_version":"2020-12-22","purchased_purges":0,"victory":false,"max_hp_per_floor":[70,70,70,70,65,65,65,65,65,65,65,65,65,65,65,65,65],"relic_stats":{"Blood Vial":2,"counters":[8,50],"Golden Idol":26,"Sundial":[4],"Snake Skull":[6],"obtain_stats":[{"Blood Vial":14,"HornCleat":9,"Golden Idol":5,"Sundial":6,"Snake Skull":11,"Ring of the Snake":0},{"Blood Vial":7,"HornCleat":4,"Golden Idol":3,"Sundial":4,"Snake Skull":6,"Ring of the Snake":0},{"Blood Vial":42,"HornCleat":18,"Golden Idol":12,"Sundial":18,"Snake Skull":36,"Ring of the Snake":0}],"Ring of the Snake":[16]},"card_choices":[{"not_picked":["Thinking Ahead","Master of Strategy"],"picked":"HandOfGreed","floor":0},{"not_picked":["Tactician","Cloak And Dagger"],"picked":"Quick Slash","floor":1},{"not_picked":["Quick Slash","Underhanded Strike"],"picked":"Cloak And Dagger","floor":2},{"not_picked":["Distraction","Outmaneuver"],"picked":"Flying Knee","floor":4},{"not_picked":["Infinite Blades","Flying Knee"],"picked":"Poisoned Stab","floor":6},{"not_picked":["Deadly Poison","Dodge and Roll"],"picked":"Crippling Poison","floor":10},{"not_picked":["Doppelganger","Dagger Throw"],"picked":"Deadly Poison","floor":11},{"not_picked":["Caltrops","Concentrate"],"picked":"Footwork","floor":14}],"player_experience":332824,"relics_obtained":[{"floor":6,"key":"Sundial"},{"floor":9,"key":"HornCleat"},{"floor":11,"key":"Snake Skull"},{"floor":14,"key":"Blood Vial"}],"event_choices":[{"damage_healed":0,"gold_gain":75,"player_choice":"Gather Gold","damage_taken":11,"max_hp_gain":0,"max_hp_loss":0,"event_name":"World of Goop","floor":3,"gold_loss":0},{"damage_healed":0,"gold_gain":0,"player_choice":"Lose Max HP","damage_taken":0,"relics_obtained":["Golden Idol"],"max_hp_gain":0,"max_hp_loss":5,"event_name":"Golden Idol","floor":5,"gold_loss":0},{"damage_healed":21,"gold_gain":0,"player_choice":"Banana","damage_taken":0,"max_hp_gain":0,"max_hp_loss":0,"event_name":"Big Fish","floor":7,"gold_loss":0},{"damage_healed":0,"gold_gain":0,"player_choice":"Got Potions","damage_taken":0,"max_hp_gain":0,"max_hp_loss":0,"event_name":"Lab","floor":12,"gold_loss":0}],"is_beta":false,"boss_relics":[],"items_purged_floors":[],"is_endless":false,"potions_floor_spawned":[2,6],"killed_by":"Slime Boss","ascension_level":0}}