{"host":"nxnzcl474ro3ewbj","time":1611789295,"event":{"mods":["2.2 Compatiblity","Act Like it!","BaseMod","Better Third Choice","Better-Laid Plans","Colored Map","Custom Start","Highlight Path","Keyboard Shortcuts","Minty Spire (QoL Compilation)","Quick Restart","Rare Cards Sparkle","Relic Stats","Shop Mod","Slay the Relics Exporter","StSLib","SuperFastMode"],"gold_per_floor":[116,1,14,27,95,125,137,167,167,178,178,189,220,239,239,317,317,328,328,35,55,75,102,102,132,132,132,132,144,144,185,185,185,185],"floor_reached":33,"language":"KOR","playtime":500,"items_purged":["Shame"],"score":540,"play_id":"524b5ca4-1243-40a1-8080-d1dbbe06de90","local_time":"20210128081455","is_ascension_mode":true,"campfire_choices":[{"data":"Immolate","floor":11,"key":"SMITH"},{"data":"Havoc","floor":15,"key":"SMITH"},{"data":"Seeing Red","floor":24,"key":"SMITH"},{"data":"Bludgeon","floor":27,"key":"SMITH"},{"floor":30,"key":"DIG"},{"floor":32,"key":"DIG"}],"circlet_count":0,"master_deck":["AscendersBane","Strike_R","Strike_R","Strike_R","Strike_R","Defend_R","Defend_R","Defend_R","Defend_R","Bash","Headbutt","Whirlwind","Havoc+1","Immolate+1","Bludgeon+1","Seeing Red+1","Battle Trance","Immolate+1","Inflame"],"relics":["Burning Blood","Thread and Needle","Mercury Hourglass","Ancient Tea Set","Bag of Marbles","Bottled Lightning","Sozu","Shovel","Singing Bowl","Nunchaku","Happy Flower","Toy Ornithopter","CeramicFish","Art of War"],"acts_visited":["Exordium","TheCity"],"potions_floor_usage":[8,16,33,33],"damage_taken":[{"damage":0,"enemies":"Small Slimes","floor":1,"turns":3},{"damage":0,"enemies":"Cultist","floor":3,"turns":3},{"damage":3,"enemies":"Jaw Worm","floor":4,"turns":3},{"damage":23,"enemies":"3 Sentries","floor":6,"turns":4},{"damage":10,"enemies":"Red Slaver","floor":7,"turns":2},{"damage":12,"enemies":"Gremlin Nob","floor":8,"turns":3},{"damage":0,"enemies":"Large Slime","floor":10,"turns":3},{"damage":0,"enemies":"3 Louse","floor":12,"turns":1},{"damage":6,"enemies":"3 Sentries","floor":13,"turns":2},{"damage":4,"enemies":"Exordium Thugs","floor":14,"turns":3},{"damage":53,"enemies":"Hexaghost","floor":16,"turns":6},{"damage":0,"enemies":"3 Byrds","floor":18,"turns":3},{"damage":0,"enemies":"Spheric Guardian","floor":21,"turns":2},{"damage":17,"enemies":"Snake Plant","floor":22,"turns":3},{"damage":16,"enemies":"Gremlin Leader","floor":23,"turns":4},{"damage":27,"enemies":"Book of Stabbing","floor":25,"turns":3},{"damage":0,"enemies":"Snecko","floor":29,"turns":2},{"damage":3,"enemies":"Slavers","floor":31,"turns":2},{"damage":80,"enemies":"Automaton","floor":33,"turns":6}],"seed_played":"-6733896840892261256","potions_obtained":[{"floor":1,"key":"PowerPotion"},{"floor":6,"key":"SkillPotion"},{"floor":7,"key":"AttackPotion"},{"floor":13,"key":"BloodPotion"},{"floor":16,"key":"DistilledChaos"}],"is_trial":false,"path_per_floor":["M","$","M","M","?","E","M","E","T","M","R","M","E","M","R","B",null,"M","?","$","M","M","E","R","E","T","R","?","M","R","E","R","B"],"character_chosen":"IRONCLAD","items_purchased":["Whirlwind","Shovel"],"campfire_rested":0,"item_purchase_floors":[2,20],"current_hp_per_floor":[78,78,80,80,80,63,59,53,53,59,59,65,65,67,67,20,65,71,71,71,77,66,56,56,37,37,37,37,45,45,48,48,0,0],"gold":185,"neow_bonus":"ONE_RARE_RELIC","is_daily":false,"chose_seed":false,"campfire_upgraded":4,"win_rate":0.0,"timestamp":1611789295,"path_taken":["M","$","M","M","?","E","M","E","T","M","R","M","E","M","R","BOSS","M","?","$","?","M","E","R","E","T","R","?","?","R","E","R","BOSS"],"items_purchased_type":["Card","Relic"],"build_version":"2020-12-22","purchased_purges":1,"victory":false,"max_hp_per_floor":[80,80,80,80,80,80,80,80,80,80,80,80,80,80,80,80,80,80,80,80,80,80,80,80,82,82,82,82,84,84,84,84,84,84],"relic_stats":{"Sozu":3,"Nunchaku":[2],"Shovel":2,"Singing Bowl":4,"Happy Flower":[3],"counters":[19,56],"CeramicFish":9,"Art of War":[0],"obtain_stats":[{"Singing Bowl":23,"Happy Flower":26,"CeramicFish":31,"Thread and Needle":0,"Ancient Tea Set":8,"Burning Blood":0,"Mercury Hourglass":6,"Sozu":17,"Nunchaku":25,"Shovel":20,"Bag of Marbles":9,"Art of War":32,"Bottled Lightning":13,"Toy Ornithopter":30},{"Singing Bowl":15,"Happy Flower":16,"CeramicFish":18,"Thread and Needle":0,"Ancient Tea Set":6,"Burning Blood":0,"Mercury Hourglass":4,"Sozu":11,"Nunchaku":16,"Shovel":12,"Bag of Marbles":6,"Art of War":18,"Bottled Lightning":9,"Toy Ornithopter":17},{"Singing Bowl":43,"Happy Flower":46,"CeramicFish":50,"Thread and Needle":0,"Ancient Tea Set":18,"Burning Blood":0,"Mercury Hourglass":13,"Sozu":31,"Nunchaku":46,"Shovel":34,"Bag of Marbles":18,"Art of War":50,"Bottled Lightning":23,"Toy Ornithopter":48}],"Burning Blood":101,"Toy Ornithopter":10,"Mercury Hourglass":[175]},"card_choices":[{"not_picked":["Havoc","Rage"],"picked":"Headbutt","floor":1},{"not_picked":["Warcry","Heavy Blade"],"picked":"Havoc","floor":3},{"not_picked":["Anger","Clash"],"picked":"Immolate","floor":4},{"not_picked":["Burning Pact","Hemokinesis","Intimidate"],"picked":"SKIP","floor":6},{"not_picked":["Dropkick","Sever Soul","Wild Strike"],"picked":"SKIP","floor":7},{"not_picked":["Twin Strike","Iron Wave","Sword Boomerang"],"picked":"SKIP","floor":8},{"not_picked":["Twin Strike","Iron Wave","Sword Boomerang"],"picked":"SKIP","floor":8},{"not_picked":["True Grit","Wild Strike","Pommel Strike"],"picked":"SKIP","floor":10},{"not_picked":["Anger","Heavy Blade","Clothesline"],"picked":"SKIP","floor":12},{"not_picked":["Cleave","Anger","Combust"],"picked":"SKIP","floor":13},{"not_picked":["Cleave","Pommel Strike","Twin Strike"],"picked":"SKIP","floor":14},{"not_picked":["Fiend Fire","Berserk"],"picked":"Bludgeon","floor":16},{"not_picked":["Anger+1","Iron Wave","Clothesline"],"picked":"SKIP","floor":18},{"not_picked":["Sword Boomerang","Havoc"],"picked":"Seeing Red","floor":21},{"not_picked":["Iron Wave","Armaments","Warcry"],"picked":"SKIP","floor":22},{"not_picked":["Flex","Bloodletting"],"picked":"Battle Trance","floor":23},{"not_picked":["Dual Wield","Juggernaut","Cleave"],"picked":"Singing Bowl","floor":25},{"not_picked":["Wild Strike","Warcry","Dark Embrace"],"picked":"Singing Bowl","floor":29},{"not_picked":["Rage","Shockwave"],"picked":"Inflame","floor":31}],"player_experience":75488,"relics_obtained":[{"floor":6,"key":"Mercury Hourglass"},{"floor":8,"key":"Ancient Tea Set"},{"floor":9,"key":"Bag of Marbles"},{"floor":13,"key":"Bottled Lightning"},{"floor":23,"key":"Singing Bowl"},{"floor":25,"key":"Nunchaku"},{"floor":26,"key":"Happy Flower"},{"floor":30,"key":"Toy Ornithopter"},{"floor":31,"key":"CeramicFish"},{"floor":32,"key":"Art of War"}],"event_choices":[{"damage_healed":0,"gold_gain":68,"player_choice":"Gained Gold","damage_taken":0,"max_hp_gain":0,"max_hp_loss":0,"event_name":"Golden Wing","floor":5,"gold_loss":0},{"cards_removed":["Strike_R"],"damage_healed":0,"gold_gain":0,"player_choice":"Purged","damage_taken":0,"max_hp_gain":0,"max_hp_loss":0,"event_name":"Purifier","floor":19,"gold_loss":0},{"damage_healed":0,"gold_gain":0,"player_choice":"Copied","damage_taken":0,"max_hp_gain":0,"max_hp_loss":0,"event_name":"Duplicator","floor":28,"gold_loss":0,"cards_obtained":["Immolate"]}],"is_beta":false,"boss_relics":[{"not_picked":["Fusion Hammer","Calling Bell"],"picked":"Sozu"}],"items_purged_floors":[2],"is_endless":false,"potions_floor_spawned":[1,6,7,13,16,18,21,31],"killed_by":"Automaton","ascension_level":13}}