{"host":"fevvm7bbzuh4s1jc","time":1611725219,"event":{"mods":["BaseMod","Highlight Path","Minty Spire (QoL Compilation)","Relic Stats"],"gold_per_floor":[114,114,39,39,55,55,88,88,88,13,56,106,127,153,153,239,284,311,340,214,226,226,226,259,288,288,329,329,356,376,417,417,500,500,527,546,272,301,301,326,326,359,383,410,439,43,77,106,106,106,106,106,106,37,62,62],"floor_reached":57,"language":"ENG","playtime":4589,"items_purged":["Defend_R","Searing Blow","Anger+1"],"score":3111,"play_id":"0f53f3a8-207e-4023-a4de-ae52bc3d5f98","local_time":"20210127002659","is_ascension_mode":true,"campfire_choices":[{"data":"Combust","floor":6.0,"key":"SMITH"},{"floor":8.0,"key":"DIG"},{"data":"Disarm","floor":15.0,"key":"SMITH"},{"data":"Spot Weakness","floor":23.0,"key":"SMITH"},{"data":"Rupture","floor":28.0,"key":"SMITH"},{"data":"Burning Pact","floor":32.0,"key":"SMITH"},{"data":"Shockwave","floor":41.0,"key":"SMITH"},{"floor":49.0,"key":"RECALL"},{"floor":53.0,"key":"DIG"}],"circlet_count":0,"master_deck":["AscendersBane","Bash","Cleave","Double Tap","Combust+1","Shrug It Off","Disarm+1","Inflame","Feed","Pummel","Sentinel","Sentinel","Offering+1","Disarm","Bloodletting","Spot Weakness+1","Reaper","Burning Pact+1","Flame Barrier","Rupture+1","Dark Embrace","Disarm","Exhume","Fiend Fire","Battle Trance","Dark Embrace","Shockwave+1","Shockwave+1","True Grit+1","Impervious","Shrug It Off+1"],"relics":["Burning Blood","NeowsBlessing","Shovel","Mummified Hand","CeramicFish","Pocketwatch","Calipers","Pandora\u0027s Box","Orrery","Bronze Scales","Ginger","The Courier","SacredBark","TheAbacus","Bottled Lightning","Self Forming Clay","Art of War","Membership Card","Turnip","Lizard Tail","Charon\u0027s Ashes","Pear","Cauldron","Bag of Marbles"],"acts_visited":["Exordium","TheCity","TheBeyond","TheEnding"],"potions_floor_usage":[56,56],"damage_taken":[{"damage":0.0,"enemies":"Jaw Worm","floor":1.0,"turns":1.0},{"damage":0.0,"enemies":"2 Louse","floor":5.0,"turns":1.0},{"damage":0.0,"enemies":"Gremlin Nob","floor":7.0,"turns":1.0},{"damage":32.0,"enemies":"Lagavulin","floor":11.0,"turns":6.0},{"damage":1.0,"enemies":"Cultist","floor":13.0,"turns":4.0},{"damage":16.0,"enemies":"3 Sentries","floor":14.0,"turns":5.0},{"damage":9.0,"enemies":"The Guardian","floor":16.0,"turns":11.0},{"damage":11.0,"enemies":"3 Byrds","floor":18.0,"turns":4.0},{"damage":23.0,"enemies":"Spheric Guardian","floor":19.0,"turns":6.0},{"damage":19.0,"enemies":"Snecko","floor":21.0,"turns":4.0},{"damage":46.0,"enemies":"Book of Stabbing","floor":24.0,"turns":4.0},{"damage":35.0,"enemies":"3 Cultists","floor":25.0,"turns":4.0},{"damage":37.0,"enemies":"Slavers","floor":27.0,"turns":4.0},{"damage":28.0,"enemies":"Chosen and Byrds","floor":29.0,"turns":5.0},{"damage":29.0,"enemies":"Snake Plant","floor":30.0,"turns":4.0},{"damage":42.0,"enemies":"Book of Stabbing","floor":31.0,"turns":6.0},{"damage":62.0,"enemies":"Collector","floor":33.0,"turns":6.0},{"damage":54.0,"enemies":"Orb Walker","floor":35.0,"turns":5.0},{"damage":68.0,"enemies":"3 Darklings","floor":36.0,"turns":5.0},{"damage":35.0,"enemies":"Sphere and 2 Shapes","floor":38.0,"turns":5.0},{"damage":69.0,"enemies":"Giant Head","floor":40.0,"turns":6.0},{"damage":60.0,"enemies":"Reptomancer","floor":42.0,"turns":5.0},{"damage":21.0,"enemies":"Writhing Mass","floor":44.0,"turns":6.0},{"damage":33.0,"enemies":"4 Shapes","floor":45.0,"turns":5.0},{"damage":13.0,"enemies":"Mind Bloom Boss Battle","floor":47.0,"turns":7.0},{"damage":17.0,"enemies":"Giant Head","floor":48.0,"turns":6.0},{"damage":55.0,"enemies":"Donu and Deca","floor":50.0,"turns":7.0},{"damage":88.0,"enemies":"Awakened One","floor":51.0,"turns":26.0},{"damage":44.0,"enemies":"Shield and Spear","floor":55.0,"turns":5.0},{"damage":96,"enemies":"The Heart","floor":56,"turns":9}],"seed_played":"-5288158335146006313","potions_obtained":[{"floor":7.0,"key":"ColorlessPotion"},{"floor":14.0,"key":"BlessingOfTheForge"},{"floor":16.0,"key":"LiquidMemories"},{"floor":27.0,"key":"PowerPotion"},{"floor":29.0,"key":"GamblersBrew"},{"floor":38.0,"key":"HeartOfIron"},{"floor":42.0,"key":"Block Potion"},{"floor":44.0,"key":"ColorlessPotion"},{"floor":45.0,"key":"Weak Potion"},{"floor":54.0,"key":"LiquidMemories"},{"floor":54.0,"key":"CultistPotion"}],"is_trial":false,"path_per_floor":["M","?","?","?","M","R","E","R","T","$","E","?","M","E","R","B",null,"M","M","$","M","?","R","E","M","T","E","R","M","M","E","R","B",null,"M","M","$","M","?","E","R","E","T","M","M","$","?","E","R","B","B",null,"R","$","E","B",null],"character_chosen":"IRONCLAD","items_purchased":["Orrery","Dark Embrace","TheAbacus","Membership Card","Impervious","Turnip","Cauldron"],"campfire_rested":0,"item_purchase_floors":[20,37,37,46,46,46,54],"current_hp_per_floor":[74,74,74,67,73,73,75,75,75,75,49,42,47,37,37,34,65,63,49,49,48,48,48,26,64,64,71,71,78,76,69,69,99,99,77,74,74,48,48,62,62,29,29,86,107,107,114,103,103,117,95,116,126,126,91,85],"gold":62,"neow_bonus":"THREE_ENEMY_KILL","is_daily":false,"chose_seed":false,"campfire_upgraded":6,"win_rate":0.0,"timestamp":1611725219,"path_taken":["M","?","?","?","M","R","E","R","T","?","E","?","?","E","R","BOSS","M","M","?","M","?","R","E","M","T","E","R","M","M","E","R","BOSS","M","?","$","M","?","E","R","E","T","M","M","$","?","E","R","BOSS","BOSS","R","$","E","BOSS"],"items_purchased_type":["Relic","Card","Relic","Relic","Card","Relic","Relic"],"build_version":"2020-12-22","purchased_purges":3,"victory":true,"max_hp_per_floor":[75,75,75,75,75,75,75,75,75,75,75,75,75,75,75,75,75,78,81,81,84,84,84,87,87,87,90,90,90,93,96,96,99,99,99,102,102,105,100,100,100,100,100,103,111,111,114,114,114,117,123,123,133,133,136,136],"relic_stats":{"counters":[30,173],"Self Forming Clay":[303],"CeramicFish":243,"Charon\u0027s Ashes":[274],"Ginger":[18],"Burning Blood":165,"Lizard Tail":0,"Shovel":2,"TheAbacus":[450],"Mummified Hand":[116],"Bronze Scales":[595],"Pandora\u0027s Box":["Pummel","Searing Blow","Sentinel","Sentinel","Offering"],"Turnip":[2],"Art of War":[42],"obtain_stats":[{"Calipers":14,"Pear":53,"NeowsBlessing":0,"Self Forming Clay":42,"CeramicFish":9,"SacredBark":34,"The Courier":31,"Charon\u0027s Ashes":48,"Ginger":27,"Burning Blood":0,"Cauldron":54,"Lizard Tail":47,"Shovel":7,"TheAbacus":37,"Mummified Hand":8,"Bronze Scales":24,"Orrery":20,"Pandora\u0027s Box":17,"Turnip":46,"Art of War":43,"Bag of Marbles":55,"Bottled Lightning":40,"Membership Card":46,"Pocketwatch":11},{"Calipers":6,"Pear":28,"NeowsBlessing":0,"Self Forming Clay":22,"CeramicFish":3,"SacredBark":17,"The Courier":16,"Charon\u0027s Ashes":26,"Ginger":13,"Burning Blood":0,"Cauldron":28,"Lizard Tail":25,"Shovel":3,"TheAbacus":19,"Mummified Hand":3,"Bronze Scales":11,"Orrery":9,"Pandora\u0027s Box":7,"Turnip":24,"Art of War":22,"Bag of Marbles":29,"Bottled Lightning":21,"Membership Card":24,"Pocketwatch":4},{"Calipers":18,"Pear":159,"NeowsBlessing":0,"Self Forming Clay":102,"CeramicFish":3,"SacredBark":76,"The Courier":70,"Charon\u0027s Ashes":126,"Ginger":55,"Burning Blood":0,"Cauldron":159,"Lizard Tail":120,"Shovel":3,"TheAbacus":86,"Mummified Hand":3,"Bronze Scales":47,"Orrery":39,"Pandora\u0027s Box":29,"Turnip":113,"Art of War":102,"Bag of Marbles":164,"Bottled Lightning":97,"Membership Card":113,"Pocketwatch":9}],"Pocketwatch":[249]},"card_choices":[{"not_picked":["Body Slam","Twin Strike"],"picked":"Cleave","floor":1.0},{"not_picked":["True Grit","Perfected Strike"],"picked":"Combust","floor":5.0},{"not_picked":["Reckless Charge","Flex"],"picked":"Shrug It Off","floor":7.0},{"not_picked":["Clothesline","Sentinel"],"picked":"Disarm","floor":11.0},{"not_picked":["True Grit","Body Slam"],"picked":"Inflame","floor":13.0},{"not_picked":["Iron Wave","Heavy Blade","Warcry"],"picked":"SKIP","floor":14.0},{"not_picked":["Iron Wave","Heavy Blade","Warcry"],"picked":"SKIP","floor":14.0},{"not_picked":["Offering","Corruption"],"picked":"Feed","floor":16.0},{"not_picked":["Whirlwind","Entrench"],"picked":"Disarm","floor":18.0},{"not_picked":["Twin Strike","Pommel Strike"],"picked":"Anger+1","floor":19.0},{"not_picked":["Bludgeon","Iron Wave"],"picked":"Bloodletting","floor":20.0},{"not_picked":["Cleave","Metallicize"],"picked":"Spot Weakness","floor":20.0},{"not_picked":["Thunderclap","Clothesline"],"picked":"Reaper","floor":20.0},{"not_picked":["Heavy Blade","Power Through"],"picked":"Burning Pact","floor":20.0},{"not_picked":["Pommel Strike","Sever Soul","Clash"],"picked":"SKIP","floor":21.0},{"not_picked":["Berserk","Havoc","Anger"],"picked":"SKIP","floor":24.0},{"not_picked":["Heavy Blade","Flex"],"picked":"Flame Barrier","floor":25.0},{"not_picked":["Thunderclap","Battle Trance"],"picked":"Rupture","floor":27.0},{"not_picked":["True Grit","Rage"],"picked":"Dark Embrace","floor":29.0},{"not_picked":["Sword Boomerang","Perfected Strike"],"picked":"Disarm","floor":30.0},{"not_picked":["Offering","Infernal Blade"],"picked":"Exhume","floor":31.0},{"not_picked":["Barricade","Berserk"],"picked":"Fiend Fire","floor":33.0},{"not_picked":["Perfected Strike","Anger+1"],"picked":"Battle Trance","floor":35.0},{"not_picked":["Iron Wave","Havoc","True Grit"],"picked":"SKIP","floor":36.0},{"not_picked":["Carnage","Metallicize"],"picked":"Shockwave","floor":38.0},{"not_picked":["Infernal Blade+1","Fire Breathing+1","Rampage+1"],"picked":"SKIP","floor":40.0},{"not_picked":["Heavy Blade","Dropkick","Evolve"],"picked":"SKIP","floor":42.0},{"not_picked":["Clash","Second Wind"],"picked":"Shockwave+1","floor":44.0},{"not_picked":["Iron Wave","Ghostly Armor"],"picked":"True Grit+1","floor":45.0},{"not_picked":["True Grit","Headbutt+1"],"picked":"Shrug It Off+1","floor":47.0},{"not_picked":["Rupture","Twin Strike+1","Anger"],"picked":"SKIP","floor":48.0},{"not_picked":["Iron Wave","Combust+1","Double Tap"],"picked":"SKIP","floor":55.0}],"player_experience":2752993,"relics_obtained":[{"floor":7.0,"key":"Shovel"},{"floor":8.0,"key":"Mummified Hand"},{"floor":9.0,"key":"CeramicFish"},{"floor":11.0,"key":"Pocketwatch"},{"floor":14.0,"key":"Calipers"},{"floor":24.0,"key":"Bronze Scales"},{"floor":27.0,"key":"Ginger"},{"floor":31.0,"key":"The Courier"},{"floor":40.0,"key":"Bottled Lightning"},{"floor":42.0,"key":"Self Forming Clay"},{"floor":43.0,"key":"Art of War"},{"floor":47.0,"key":"Lizard Tail"},{"floor":48.0,"key":"Charon\u0027s Ashes"},{"floor":53.0,"key":"Pear"},{"floor":55.0,"key":"Bag of Marbles"}],"event_choices":[{"damage_healed":0.0,"max_hp_gain":0.0,"max_hp_loss":0.0,"gold_gain":0.0,"cards_transformed":["Strike_R"],"event_name":"Living Wall","player_choice":"Change","floor":2.0,"gold_loss":0.0,"damage_taken":0.0,"cards_obtained":["Double Tap"]},{"cards_removed":["Strike_R"],"damage_healed":0.0,"max_hp_gain":0.0,"max_hp_loss":0.0,"gold_gain":0.0,"event_name":"The Cleric","player_choice":"Card Removal","floor":3.0,"gold_loss":75.0,"damage_taken":0.0},{"cards_removed":["Strike_R"],"damage_healed":0.0,"max_hp_gain":0.0,"max_hp_loss":0.0,"gold_gain":0.0,"event_name":"Golden Wing","player_choice":"Card Removal","floor":4.0,"gold_loss":0.0,"damage_taken":7.0},{"damage_healed":0.0,"max_hp_gain":0.0,"max_hp_loss":0.0,"gold_gain":50.0,"event_name":"FaceTrader","player_choice":"Touch","floor":12.0,"gold_loss":0.0,"damage_taken":7.0},{"damage_healed":0.0,"max_hp_gain":0.0,"max_hp_loss":0.0,"gold_gain":0.0,"event_name":"Accursed Blacksmith","player_choice":"Forge","floor":22.0,"gold_loss":0.0,"damage_taken":0.0,"cards_upgraded":["Offering"]},{"damage_healed":0.0,"max_hp_gain":0.0,"max_hp_loss":5.0,"gold_gain":0.0,"event_name":"Winding Halls","player_choice":"Max HP","floor":39.0,"gold_loss":0.0,"damage_taken":0.0},{"damage_healed":0.0,"max_hp_gain":0.0,"max_hp_loss":0.0,"gold_gain":0.0,"event_name":"MindBloom","player_choice":"Fight","floor":47.0,"gold_loss":0.0,"damage_taken":0.0}],"is_beta":false,"boss_relics":[{"not_picked":["Philosopher\u0027s Stone","Calling Bell"],"picked":"Pandora\u0027s Box"},{"not_picked":["Tiny House","Busted Crown"],"picked":"SacredBark"}],"items_purged_floors":[10,37,46],"is_endless":false,"potions_floor_spawned":[7,14,16,27,29,30,31,38,42,44,45],"ascension_level":20}}