{"host":"a5lz0e76zb3fcwkm","time":1611758954,"event":{"mods":["AchievementEnabler","BaseMod","Colored Map","Colored Powertips","Minty Spire (QoL Compilation)","StSLib","SuperFastMode"],"gold_per_floor":[110,128,128,141,155,155,155,170,225,241,60,60,83,98,98,189,189,207,207,23,36,36,79,131,175,175,175,200,224,64,87,87,183,183,201,201,201,217,231,271,295,295,295,113,113,113,157,182,182,182,182,182],"floor_reached":51,"language":"KOR","playtime":1943,"items_purged":["Strike_R","Defend_R","Defend_R"],"score":1682,"play_id":"6fe096c2-0ff9-462e-8880-4ff8cd8b0934","local_time":"20210127234914","is_ascension_mode":true,"campfire_choices":[{"data":"True Grit","floor":6.0,"key":"SMITH"},{"data":"Bash","floor":12.0,"key":"SMITH"},{"data":"Shrug It Off","floor":15.0,"key":"SMITH"},{"data":"Double Tap","floor":27.0,"key":"SMITH"},{"data":"Shockwave","floor":32.0,"key":"SMITH"},{"floor":42.0,"key":"DIG"},{"floor":45,"key":"RECALL"},{"floor":49,"key":"DIG"}],"circlet_count":0,"master_deck":["AscendersBane","Defend_R","Bash+1","Dropkick","Shrug It Off+1","True Grit+1","Flash of Steel","Double Tap+1","Shockwave+1","Offering","Purity"],"relics":["Burning Blood","Golden Idol","Lantern","Empty Cage","Kunai","PreservedInsect","Self Forming Clay","Bag of Preparation","Busted Crown","Shovel","Ancient Tea Set","Pocketwatch","Eternal Feather","Oddly Smooth Stone","Mango"],"acts_visited":["Exordium","TheCity","TheBeyond"],"potions_floor_usage":[],"damage_taken":[{"damage":9.0,"enemies":"2 Louse","floor":1.0,"turns":4.0},{"damage":1.0,"enemies":"Cultist","floor":2.0,"turns":3.0},{"damage":12.0,"enemies":"Small Slimes","floor":4.0,"turns":4.0},{"damage":8.0,"enemies":"Blue Slaver","floor":5.0,"turns":4.0},{"damage":0.0,"enemies":"2 Fungi Beasts","floor":8.0,"turns":6.0},{"damage":6.0,"enemies":"Looter","floor":10.0,"turns":4.0},{"damage":2.0,"enemies":"Exordium Thugs","floor":13.0,"turns":5.0},{"damage":12.0,"enemies":"Exordium Wildlife","floor":14.0,"turns":5.0},{"damage":15.0,"enemies":"The Guardian","floor":16.0,"turns":6.0},{"damage":3.0,"enemies":"2 Thieves","floor":18.0,"turns":4.0},{"damage":0.0,"enemies":"3 Byrds","floor":21.0,"turns":3.0},{"damage":0.0,"enemies":"Book of Stabbing","floor":23.0,"turns":3.0},{"damage":2.0,"enemies":"Slavers","floor":25.0,"turns":2.0},{"damage":40.0,"enemies":"Snecko","floor":28.0,"turns":7.0},{"damage":18.0,"enemies":"Snake Plant","floor":29.0,"turns":3.0},{"damage":6.0,"enemies":"3 Cultists","floor":31.0,"turns":1.0},{"damage":6.0,"enemies":"Champ","floor":33.0,"turns":1.0},{"damage":6.0,"enemies":"3 Shapes","floor":35.0,"turns":2.0},{"damage":0.0,"enemies":"3 Darklings","floor":38.0,"turns":2.0},{"damage":0.0,"enemies":"Maw","floor":39.0,"turns":4.0},{"damage":0.0,"enemies":"Giant Head","floor":40.0,"turns":2.0},{"damage":8.0,"enemies":"Transient","floor":41.0,"turns":6.0},{"damage":6,"enemies":"Reptomancer","floor":47,"turns":1},{"damage":0,"enemies":"Spire Growth","floor":48,"turns":2},{"damage":18,"enemies":"Donu and Deca","floor":50,"turns":3},{"damage":70,"enemies":"Time Eater","floor":51,"turns":13}],"seed_played":"-6698685931854773296","potions_obtained":[{"floor":2.0,"key":"FearPotion"},{"floor":4.0,"key":"HeartOfIron"},{"floor":21.0,"key":"AttackPotion"},{"floor":25.0,"key":"ColorlessPotion"}],"is_trial":false,"path_per_floor":["M","M","?","M","M","R","?","M","T","M","$","R","M","M","R","B",null,"M","?","$","M","?","E","T","E","T","R","M","M","$","M","R","B",null,"M","?","?","M","M","E","M","R","T","$","R","?","E","M","R","B","B"],"character_chosen":"IRONCLAD","items_purchased":["Flash of Steel","Shockwave","Bag of Preparation","Swift Potion"],"campfire_rested":0,"item_purchase_floors":[11,20,30,44],"current_hp_per_floor":[65,68,45,39,37,37,37,43,43,43,43,43,47,41,41,32,59,62,62,62,68,68,68,68,68,68,68,34,22,22,22,22,22,57,57,47,47,53,59,65,63,63,63,63,63,63,63,65,79,67,0,0],"gold":182,"neow_bonus":"REMOVE_TWO","is_daily":false,"chose_seed":false,"campfire_upgraded":5,"win_rate":0.0,"timestamp":1611758954,"path_taken":["M","M","?","M","M","R","?","?","T","M","?","R","M","M","R","BOSS","M","?","$","M","?","E","?","E","T","R","M","M","$","M","R","BOSS","M","?","?","M","M","E","M","R","T","$","R","?","E","?","R","BOSS","BOSS"],"items_purchased_type":["Card","Card","Relic","Potion"],"build_version":"2020-12-22","purchased_purges":3,"victory":false,"max_hp_per_floor":[68,68,68,68,68,68,68,68,68,68,68,68,68,68,68,68,68,68,68,68,68,68,68,68,68,68,68,68,68,68,68,68,68,68,68,68,65,65,65,65,65,65,65,65,65,65,65,65,79,79,79,79],"card_choices":[{"not_picked":["Iron Wave","Reckless Charge"],"picked":"Dropkick","floor":1.0},{"not_picked":["Sword Boomerang","Perfected Strike","Twin Strike"],"picked":"SKIP","floor":2.0},{"not_picked":["Havoc","Body Slam"],"picked":"Shrug It Off","floor":4.0},{"not_picked":["Clash","Havoc"],"picked":"True Grit","floor":5.0},{"not_picked":["Sword Boomerang","Clash","Demon Form"],"picked":"SKIP","floor":8.0},{"not_picked":["Heavy Blade","Sentinel","Carnage"],"picked":"SKIP","floor":10.0},{"not_picked":["Clothesline","True Grit","Cleave"],"picked":"SKIP","floor":13.0},{"not_picked":["True Grit","Sever Soul","Cleave"],"picked":"SKIP","floor":14.0},{"not_picked":["Clothesline","Pommel Strike","Shrug It Off+1"],"picked":"SKIP","floor":18.0},{"not_picked":["Metallicize","Inflame","Entrench"],"picked":"SKIP","floor":21.0},{"not_picked":["Twin Strike","Clash","Warcry"],"picked":"SKIP","floor":23.0},{"not_picked":["Shockwave","Flex"],"picked":"Thunderclap","floor":25.0},{"not_picked":["Reckless Charge","Evolve","Wild Strike"],"picked":"SKIP","floor":28.0},{"not_picked":["True Grit","Wild Strike+1"],"picked":"Offering","floor":29.0},{"not_picked":["Pommel Strike","Warcry","Carnage"],"picked":"SKIP","floor":31.0},{"not_picked":["Cleave"],"picked":"SKIP","floor":35.0},{"not_picked":[],"picked":"Purity","floor":36.0},{"not_picked":["Shrug It Off"],"picked":"SKIP","floor":38.0},{"not_picked":["Disarm"],"picked":"SKIP","floor":39.0},{"not_picked":["Disarm"],"picked":"SKIP","floor":39.0},{"not_picked":["True Grit"],"picked":"SKIP","floor":40.0},{"not_picked":["Body Slam"],"picked":"SKIP","floor":41.0},{"not_picked":["Anger"],"picked":"SKIP","floor":47},{"not_picked":["Sever Soul"],"picked":"SKIP","floor":48}],"player_experience":1817702,"relics_obtained":[{"floor":9.0,"key":"Lantern"},{"floor":23.0,"key":"Kunai"},{"floor":25.0,"key":"PreservedInsect"},{"floor":26.0,"key":"Self Forming Clay"},{"floor":40.0,"key":"Shovel"},{"floor":42.0,"key":"Ancient Tea Set"},{"floor":43.0,"key":"Pocketwatch"},{"floor":47,"key":"Oddly Smooth Stone"},{"floor":49,"key":"Mango"}],"event_choices":[{"damage_healed":0.0,"max_hp_gain":0.0,"max_hp_loss":0.0,"gold_gain":0.0,"event_name":"Golden Idol","player_choice":"Take Damage","floor":3.0,"gold_loss":0.0,"damage_taken":23.0,"relics_obtained":["Golden Idol"]},{"cards_removed":["Strike_R"],"damage_healed":0.0,"max_hp_gain":0.0,"max_hp_loss":0.0,"gold_gain":0.0,"event_name":"Bonfire Elementals","player_choice":"Offered Basic","floor":7.0,"gold_loss":0.0,"damage_taken":0.0},{"damage_healed":0.0,"max_hp_gain":0.0,"max_hp_loss":0.0,"gold_gain":0.0,"event_name":"The Library","player_choice":"Read","floor":19.0,"gold_loss":0.0,"damage_taken":0.0,"cards_obtained":["Double Tap"]},{"damage_healed":0.0,"max_hp_gain":0.0,"max_hp_loss":0.0,"gold_gain":0.0,"event_name":"Ghosts","player_choice":"Ignored","floor":22.0,"gold_loss":0.0,"damage_taken":0.0},{"damage_healed":0.0,"max_hp_gain":0.0,"max_hp_loss":0.0,"gold_gain":0.0,"event_name":"SensoryStone","player_choice":"Memory 3","floor":36.0,"gold_loss":0.0,"damage_taken":10.0},{"damage_healed":0.0,"max_hp_gain":0.0,"max_hp_loss":3.0,"gold_gain":0.0,"event_name":"Winding Halls","player_choice":"Max HP","floor":37.0,"gold_loss":0.0,"damage_taken":0.0},{"cards_removed":["Thunderclap"],"damage_healed":0,"gold_gain":0,"player_choice":"Gave Card","damage_taken":0,"relics_obtained":["Eternal Feather"],"max_hp_gain":0,"max_hp_loss":0,"event_name":"WeMeetAgain","floor":46,"gold_loss":0}],"is_beta":false,"boss_relics":[{"not_picked":["Astrolabe","Pandora\u0027s Box"],"picked":"Empty Cage"},{"not_picked":["Tiny House","Runic Dome"],"picked":"Busted Crown"}],"items_purged_floors":[11,20,44],"is_endless":false,"potions_floor_spawned":[2,4,10,16,21,25,41,47],"killed_by":"Time Eater","ascension_level":20}}