{"host":"7r6bd5ce6zscnmwq","time":1611770936,"event":{"mods":["BaseMod","Block Reminder","Downfall","Minty Spire (QoL Compilation)","Quick Restart","StSLib"],"gold_per_floor":[99,118,129,149,163,163,163,63,73,101,101,1,12,12,28,130,130,130,130,230,230,242,252,252,252,252,252,9,94,94,109,128,128,128,128],"floor_reached":33,"language":"ENG","playtime":3377,"items_purged":["downfall:Malfunctioning"],"score":297,"play_id":"ebd711fc-487f-4fb8-a420-011b7ef21b71","local_time":"20210128030856","is_ascension_mode":false,"campfire_choices":[{"data":"Slimebound:Split","floor":1,"key":"SMITH"},{"data":"Slimebound:Equalize","floor":6,"key":"SMITH"},{"data":"Slimebound:Prepare","floor":8,"key":"SMITH"},{"data":"Slimebound:OozeBath","floor":12,"key":"SMITH"},{"floor":18,"key":"RECALL"},{"data":"Slimebound:GoopSpray","floor":25,"key":"SMITH"},{"data":"Slimebound:SpikyOuterGoop","floor":27,"key":"SMITH"}],"circlet_count":0,"master_deck":["Slimebound:Strike_Slimebound","Slimebound:Strike_Slimebound+1","Slimebound:Strike_Slimebound+1","Slimebound:Tackle","Slimebound:Defend_Slimebound","Slimebound:Defend_Slimebound","Slimebound:Defend_Slimebound+1","Slimebound:Defend_Slimebound","Slimebound:Split+1","Slimebound:CorrosiveSpit","Slimebound:SlimeSpikes","Slimebound:Equalize+1","Slimebound:Prepare+1","Slimebound:GoopSpray+1","Slimebound:OozeBath+1","Slimebound:SpikyOuterGoop+1","Slimebound:Schlurp","Slimebound:Overexert","Slimebound:ProtectTheBoss+1","Slimebound:Split+1","Slimebound:Repurpose","Writhe","Slimebound:WasteNot"],"relics":["Slimebound:AbsorbEndCombatUpgraded","downfall:HeartBlessingBlue","Anchor","downfall:HeartBlessingGreen","Mango","Molten Egg 2","Boot","Matryoshka","HandDrill","Ancient Tea Set","TungstenRod"],"acts_visited":["Exordium","TheCity"],"potions_floor_usage":[10,15,20,33,33],"damage_taken":[{"damage":11,"enemies":"Jaw Worm","floor":2,"turns":3},{"damage":0,"enemies":"Small Slimes","floor":3,"turns":3},{"damage":1,"enemies":"Cultist","floor":4,"turns":3},{"damage":0,"enemies":"2 Fungi Beasts","floor":5,"turns":3},{"damage":0,"enemies":"Blue Slaver","floor":9,"turns":3},{"damage":14,"enemies":"3 Sentries","floor":10,"turns":8},{"damage":0,"enemies":"3 Louse","floor":13,"turns":4},{"damage":0,"enemies":"2 Fungi Beasts","floor":15,"turns":4},{"damage":47,"enemies":"SI_SHIV_ARCHETYPE","floor":16,"turns":13},{"damage":0,"enemies":"Chosen","floor":19,"turns":1},{"damage":43,"enemies":"Colosseum Nobs","floor":20,"turns":6},{"damage":0,"enemies":"Shell Parasite","floor":22,"turns":5},{"damage":14,"enemies":"Cultist and Chosen","floor":23,"turns":8},{"damage":0,"enemies":"downfall:FleeingMerchant","floor":28,"turns":4},{"damage":2,"enemies":"Centurion and Healer","floor":31,"turns":7},{"damage":22,"enemies":"Snecko","floor":32,"turns":7},{"damage":114,"enemies":"DF_ARCHETYPE_CLAW","floor":33,"turns":14}],"seed_played":"-6155555416088888857","potions_obtained":[{"floor":5,"key":"Block Potion"},{"floor":10,"key":"Fire Potion"},{"floor":15,"key":"Guardian:BlockOnCardUsePotion"},{"floor":20,"key":"Guardian:BlockOnCardUsePotion"},{"floor":23,"key":"Weak Potion"}],"is_trial":false,"path_per_floor":["R","M","M","M","M","R","T","R","M","E","?","R","M","?","M","B",null,"R","M","?","?","M","M","T","R","?","R","$","?","T","M","M","B"],"character_chosen":"SLIMEBOUND","items_purchased":["HandDrill"],"campfire_rested":0,"item_purchase_floors":[28],"current_hp_per_floor":[59,56,60,73,77,77,77,87,87,77,77,77,87,87,87,46,87,87,87,67,67,73,74,74,74,74,74,83,71,71,93,95,0,0,0],"gold":128,"neow_bonus":"TWENTY_PERCENT_HP_BONUS","is_daily":false,"chose_seed":false,"campfire_upgraded":6,"win_rate":0.0,"timestamp":1611770936,"path_taken":["R","M","M","M","M","R","T","R","M","E","?","R","M","?","M","BOSS","R","M","?","?","?","M","T","R","?","R","$","?","?","M","M","BOSS"],"items_purchased_type":["Relic"],"build_version":"2020-12-22","purchased_purges":1,"victory":false,"max_hp_per_floor":[77,77,77,77,77,77,77,87,87,87,87,87,87,87,87,87,87,87,87,101,101,101,101,101,101,101,101,101,101,101,101,101,101,101,101],"card_choices":[{"not_picked":["Slimebound:FinishingTackle","Slimebound:SplitBruiser"],"picked":"Slimebound:SlimeSpikes","floor":2},{"not_picked":["Slimebound:ItLooksTasty","Slimebound:LivingWall"],"picked":"Slimebound:Equalize","floor":3},{"not_picked":["Slimebound:FinishingTackle","Slimebound:RollThrough"],"picked":"Slimebound:Prepare","floor":4},{"not_picked":["Slimebound:LeechEnergy","Slimebound:SlimeSpikes","Slimebound:PressTheAttack"],"picked":"SKIP","floor":5},{"not_picked":["Slimebound:Schlurp","Slimebound:LeechingTouch"],"picked":"Slimebound:GoopSpray","floor":9},{"not_picked":["Slimebound:SlimeBarrage","Slimebound:GoopTackle"],"picked":"Slimebound:OozeBath","floor":10},{"not_picked":["Slimebound:LeechingTouch","Slimebound:SplitBruiser"],"picked":"Slimebound:SpikyOuterGoop","floor":13},{"not_picked":["Slimebound:SlimeSpikes","Slimebound:SlimeBrawl"],"picked":"Slimebound:Schlurp","floor":15},{"not_picked":["Slimebound:DuplicatedForm","Slimebound:MinionMaster"],"picked":"Slimebound:Overexert","floor":16},{"not_picked":["Slimebound:SpikyOuterGoop","Slimebound:Dissolve"],"picked":"Slimebound:ProtectTheBoss+1","floor":19},{"not_picked":["Slimebound:SplitBruiser","Slimebound:Replication+1","Slimebound:SplitMire+1"],"picked":"SKIP","floor":22},{"not_picked":["Slimebound:LeechEnergy+1","Slimebound:SplitMire"],"picked":"Slimebound:Repurpose","floor":23},{"not_picked":["Slimebound:Schlurp","Slimebound:GoopSpray"],"picked":"Slimebound:WasteNot","floor":28},{"not_picked":["Slimebound:SplitAcid","Slimebound:Nibble+1","Slimebound:PressTheAttack+1"],"picked":"SKIP","floor":31},{"not_picked":["Slimebound:FlameTackle+1","Slimebound:LeechingTouch+1","Slimebound:ComboTackle+1"],"picked":"SKIP","floor":32}],"player_experience":629628,"relics_obtained":[{"floor":10,"key":"Anchor"},{"floor":20,"key":"Mango"},{"floor":20,"key":"Molten Egg 2"},{"floor":24,"key":"Boot"},{"floor":30,"key":"Ancient Tea Set"},{"floor":30,"key":"TungstenRod"}],"event_choices":[],"is_beta":false,"boss_relics":[{"not_picked":["Sozu","bronze:MakeshiftBattery"],"picked":"Slimebound:AbsorbEndCombatUpgraded"}],"items_purged_floors":[28],"is_endless":false,"potions_floor_spawned":[5,10,15,20,23],"killed_by":"DF_ARCHETYPE_CLAW","ascension_level":0}}