{"host":"x1d9cj1vze2ie4yu","time":1611740796,"event":{"mods":["Act Like it!","BaseMod","Better Vampires","Conspire","Minty Spire (QoL Compilation)","Pale of the Ancients","Permanent Neow","Prisma Mod","Replay The Spire","Spicy Shops","StSLib","[IsaacMod]以撒尖塔","【功能Mod】聪明的最终Boss"],"gold_per_floor":[359,359,372,447,16,44,44,44,44,44,74,92,20,20,20,120,120,137,331,531,541,541,576,576,611,685,610,83,83,118,132,132,231,231,250,7,23,23,23,54,69,69,92,124,49,99,99,124,124,124,124],"floor_reached":36,"language":"ZHS","playtime":1750,"items_purged":["Defend_R","Defend_R","Writhe","Defend_R"],"score":1055,"play_id":"5dc78d23-e257-4d90-bdca-c591df671ab9","local_time":"20210127174636","is_ascension_mode":true,"campfire_choices":[{"data":"Clash","floor":7.0,"key":"SMITH"},{"data":"conspire:Charge","floor":10.0,"key":"SMITH"},{"data":"Pommel Strike","floor":15.0,"key":"SMITH"},{"data":"Clash","floor":24.0,"key":"SMITH"},{"data":"Double Tap","floor":29.0,"key":"SMITH"},{"data":"Feed","floor":32.0,"key":"SMITH"},{"data":"Bash","floor":42.0,"key":"SMITH"},{"data":"Strike_R","floor":47.0,"key":"SMITH"},{"floor":49.0,"key":"RECALL"}],"circlet_count":0,"master_deck":["Strike_R+1","Strike_R","Strike_R","Strike_R","Strike_R","Bash+1","conspire:Charge+1","Pommel Strike+1","Dual Wield","Feed+1","Double Tap+1","Infernal Blade+1","Clash+1","Replay:Hysterical Blindness","conspire:HitWhereItHurts"],"relics":["Burning Blood","HushsDoor","BelialBook","Pear","Gremlin Horn","SatanicBible","Sling","HornCleat","Cursed Key","GuppysPaw","Nloth\u0027s Gift","MealTicket","Sundial","Paper Frog","HandDrill","Red Skull","BargainBundle","Nunchaku","Replay:Baseball","PreservedInsect","ReplayFunnel","EdensBlessing","Bag of Marbles"],"acts_visited":["Exordium","TheCity","TheBeyond"],"potions_floor_usage":[36,36],"damage_taken":[{"damage":1.0,"enemies":"conspire:RoseBush","floor":1.0,"turns":5.0},{"damage":13.0,"enemies":"Jaw Worm","floor":3.0,"turns":5.0},{"damage":19.0,"enemies":"Replay:BlueRogue","floor":6.0,"turns":3.0},{"damage":0.0,"enemies":"3 Sentries","floor":11.0,"turns":2.0},{"damage":0.0,"enemies":"Cultist","floor":12.0,"turns":2.0},{"damage":0.0,"enemies":"Fading Forest","floor":16.0,"turns":10.0},{"damage":0.0,"enemies":"2 Thieves","floor":18.0,"turns":1.0},{"damage":0.0,"enemies":"Spheric Guardian","floor":21.0,"turns":2.0},{"damage":0.0,"enemies":"Gremlin Leader","floor":23.0,"turns":3.0},{"damage":16.0,"enemies":"Slavers","floor":25.0,"turns":2.0},{"damage":18.0,"enemies":"Gremlin Leader","floor":30.0,"turns":3.0},{"damage":12.0,"enemies":"Chosen and Byrds","floor":31.0,"turns":3.0},{"damage":0.0,"enemies":"conspire:MysteriousRune","floor":33.0,"turns":3.0},{"damage":11.0,"enemies":"Orb Walker","floor":35.0,"turns":2.0},{"damage":0.0,"enemies":"3 Darklings","floor":37.0,"turns":2.0},{"damage":0.0,"enemies":"Reptomancer","floor":40.0,"turns":2.0},{"damage":57.0,"enemies":"Maw","floor":41.0,"turns":6.0},{"damage":21.0,"enemies":"Nemesis","floor":44.0,"turns":3.0},{"damage":0.0,"enemies":"Mind Bloom Boss Battle","floor":46.0,"turns":4.0},{"damage":0.0,"enemies":"R_Hoarder","floor":48.0,"turns":6.0},{"damage":70,"enemies":"Donu and Deca","floor":36,"turns":9}],"seed_played":"3269054449685572451","potions_obtained":[{"floor":2.0,"key":"conspire:TimeTravelPotion"},{"floor":2.0,"key":"ElixirPotion"},{"floor":2.0,"key":"Dexterity Potion"},{"floor":11.0,"key":"Strength Potion"},{"floor":18.0,"key":"Energy Potion"},{"floor":25.0,"key":"GamblersBrew"},{"floor":46.0,"key":"ColorlessPotion"},{"floor":48.0,"key":"Doom Potion"}],"is_trial":false,"path_per_floor":["M","?","M","?","$","E","R","?","T","R","E","M","$","T","R","B",null,"M","?","?","M","?","E","R","E","T","?","$","R","E","M","R","B",null,"M","$","M","?","?","E","M","R","T","E","$","?","R","E","R","B"],"character_chosen":"IRONCLAD","items_purchased":["Pear","Sling","GuppysPaw","Double Tap","Paper Frog","HandDrill","BargainBundle","ReplayFunnel"],"campfire_rested":0,"item_purchase_floors":[5,13,17,17,28,28,36,45],"current_hp_per_floor":[72,72,65,54,64,51,51,51,51,51,57,63,63,63,63,77,69,69,69,69,72,72,72,72,65,65,65,75,75,66,60,60,66,75,70,78,78,78,74,74,23,23,23,29,44,50,50,56,58,0,0],"gold":124,"neow_bonus":"TWO_FIFTY_GOLD","is_daily":false,"chose_seed":false,"campfire_upgraded":8,"win_rate":0.0,"timestamp":1611740796,"path_taken":["M","?","?","?","?","E","R","?","T","R","E","M","$","?","R","BOSS","M","?","?","?","?","E","R","E","T","?","$","R","E","M","R","BOSS","M","$","?","?","?","E","?","R","T","E","$","?","R","E","R","BOSS"],"items_purchased_type":["Relic","Relic","Relic","Card","Relic","Relic","Relic","Relic"],"build_version":"2020-12-22","purchased_purges":4,"victory":false,"max_hp_per_floor":[72,72,72,72,82,82,82,82,82,82,82,82,82,82,82,82,69,69,69,69,72,72,72,72,75,75,75,75,75,78,78,78,78,78,78,78,78,78,74,74,74,74,74,59,59,59,59,59,59,1,1],"card_choices":[{"not_picked":["Abandon","Iron Wave"],"picked":"conspire:Charge","floor":1.0},{"not_picked":["Rupture","Flex"],"picked":"Clash","floor":3.0},{"not_picked":["ReplayTheSpireMod:Corrosion Curse","Shockwave"],"picked":"Pommel Strike","floor":6.0},{"not_picked":["Sword Boomerang","Run Through","Body Slam"],"picked":"SKIP","floor":11.0},{"not_picked":["Thunderclap","ReplayTheSpireMod:LeadingStrike","Twin Strike"],"picked":"SKIP","floor":12.0},{"not_picked":["Brutality","conspire:Purge"],"picked":"Feed","floor":16.0},{"not_picked":["Second Wind","ReplayTheSpireMod:LeadingStrike","Armaments"],"picked":"SKIP","floor":18.0},{"not_picked":["Defy Death","Thunderclap+1"],"picked":"Infernal Blade+1","floor":19.0},{"not_picked":["Sentinel","Reckless Charge","Fire Breathing"],"picked":"SKIP","floor":21.0},{"not_picked":["Defy Death","Infernal Blade"],"picked":"Clash","floor":23.0},{"not_picked":["Dark Embrace","Clothesline","ReplayTheSpireMod:Strike From Hell"],"picked":"SKIP","floor":25.0},{"not_picked":["Iron Wave","Flex","Shrug It Off+1"],"picked":"SKIP","floor":30.0},{"not_picked":["Body Slam","Searing Blow","Shrug It Off+1"],"picked":"SKIP","floor":31.0},{"not_picked":["Headbutt","Iron Wave","Fire Breathing+1"],"picked":"SKIP","floor":35.0},{"not_picked":["Pommel Strike+1","Pummel","Power Through+1"],"picked":"SKIP","floor":37.0},{"not_picked":["Clothesline","conspire:Charge+1","Massacre"],"picked":"SKIP","floor":40.0},{"not_picked":["Wild Strike","Hemokinesis","Infernal Blade"],"picked":"SKIP","floor":41.0},{"not_picked":["Sword Boomerang+1","Exhume","Seeing Red+1"],"picked":"SKIP","floor":44.0},{"not_picked":["Havoc","Heavy Blade+1"],"picked":"conspire:HitWhereItHurts","floor":48.0}],"player_experience":73561,"relics_obtained":[{"floor":6.0,"key":"Gremlin Horn"},{"floor":9.0,"key":"Charon\u0027s Ashes"},{"floor":11.0,"key":"SatanicBible"},{"floor":14.0,"key":"HornCleat"},{"floor":23.0,"key":"MealTicket"},{"floor":25.0,"key":"ForgetMeNow"},{"floor":26.0,"key":"Sundial"},{"floor":30.0,"key":"Red Skull"},{"floor":40.0,"key":"Nunchaku"},{"floor":43.0,"key":"Replay:Baseball"},{"floor":44.0,"key":"PreservedInsect"},{"floor":46.0,"key":"EdensBlessing"},{"floor":48.0,"key":"Bag of Marbles"}],"event_choices":[{"damage_healed":0.0,"max_hp_gain":0.0,"max_hp_loss":0.0,"gold_gain":0.0,"event_name":"Lab","player_choice":"Got Potions","floor":2.0,"gold_loss":0.0,"damage_taken":0.0},{"damage_healed":0.0,"max_hp_gain":0.0,"max_hp_loss":0.0,"gold_gain":75.0,"event_name":"World of Goop","player_choice":"Gather Gold","floor":4.0,"gold_loss":0.0,"damage_taken":11.0},{"damage_healed":0.0,"max_hp_gain":0.0,"max_hp_loss":0.0,"gold_gain":0.0,"cards_transformed":["Defend_R"],"event_name":"Transmorgrifier","player_choice":"Transformed","floor":8.0,"gold_loss":0.0,"damage_taken":0.0,"cards_obtained":["Dual Wield"]},{"damage_healed":0.0,"max_hp_gain":0.0,"max_hp_loss":0.0,"gold_gain":200.0,"event_name":"Wheel of Change","player_choice":"Gold","floor":20.0,"gold_loss":0.0,"damage_taken":0.0},{"damage_healed":0.0,"max_hp_gain":0.0,"max_hp_loss":0.0,"gold_gain":0.0,"event_name":"N\u0027loth","player_choice":"Traded Relic","floor":22.0,"relics_lost":["Charon\u0027s Ashes"],"gold_loss":0.0,"damage_taken":0.0,"relics_obtained":["Nloth\u0027s Gift"]},{"cards_removed":["conspire:NecroticWound"],"damage_healed":0.0,"max_hp_gain":0.0,"max_hp_loss":0.0,"gold_gain":0.0,"event_name":"Beggar","player_choice":"Gave Gold","floor":27.0,"gold_loss":75.0,"damage_taken":0.0},{"cards_removed":["Clash"],"damage_healed":0.0,"max_hp_gain":0.0,"max_hp_loss":0.0,"gold_gain":0.0,"event_name":"Falling","player_choice":"Removed Attack","floor":38.0,"gold_loss":0.0,"damage_taken":0.0},{"damage_healed":0.0,"max_hp_gain":0.0,"max_hp_loss":4.0,"gold_gain":0.0,"event_name":"Winding Halls","player_choice":"Max HP","floor":39.0,"gold_loss":0.0,"damage_taken":0.0},{"damage_healed":0.0,"max_hp_gain":0.0,"max_hp_loss":0.0,"gold_gain":0.0,"event_name":"MindBloom","player_choice":"Fight","floor":46.0,"gold_loss":0.0,"damage_taken":0.0}],"is_beta":false,"boss_relics":[{"not_picked":["Ring of Chaos","conspire:RunicOctahedron"],"picked":"Cursed Key"},{"not_picked":[]},{"not_picked":["Abe\u0027s Treasure","ChewingGum","Replay:Drink Me"]}],"items_purged_floors":[5,5,28,36],"is_endless":false,"potions_floor_spawned":[11,18,25,41,46,48],"killed_by":"Donu and Deca","ascension_level":8}}