{"host":"8x42s7jbptnlw65q","time":1611767484,"event":{"mods":["AchievementEnabler","BaseMod","Downfall","Highlight Path","Minty Spire (QoL Compilation)","StSLib"],"gold_per_floor":[114,129,144,159,109,139,139,169,181,223,250,292,319,346,358,470,482,509,521,548,575,587,629,641,683,695,737,749,791,818,830,842,954,966,993,1020,1047,1059,1071,1113,1140,527,527,557,572,602,617,647,647,647],"floor_reached":51,"language":"ENG","playtime":2941,"items_purged":["Pain"],"score":1154,"play_id":"cf4c4ab3-ce2f-4351-ac18-41903eb1a1e1","local_time":"20210127121124","daily_mods":["Heirloom","Blue Cards","Elite Swarm"],"is_ascension_mode":false,"campfire_choices":[{"data":"1","floor":7,"key":"LIFT"},{"data":"2","floor":15,"key":"LIFT"},{"data":"3","floor":28,"key":"LIFT"},{"data":"Buffer","floor":32,"key":"SMITH"},{"data":"Dual Wield","floor":49,"key":"SMITH"}],"circlet_count":0,"master_deck":["Strike_R","Strike_R","Strike_R","Strike_R","Strike_R","Defend_R","Defend_R","Defend_R","Bash","Reinforced Body","Heavy Blade","Hyperbeam","Offering","Double Tap","Whirlwind","Feed","Cleave","Genetic Algorithm","Feed","Dual Wield+1","Sword Boomerang+1","Writhe","Buffer+1","Demon Form","All For One","Reaper","Uppercut","Reaper","Double Energy","Demon Form","Creative AI","Heavy Blade+1","Demon Form","Juggernaut","Heavy Blade+1","Juggernaut"],"relics":["Burning Blood","Girya","Unceasing Top","MawBank","Centennial Puzzle","Bottled Flame","Dream Catcher","Snecko Eye","WarpedTongs","Mummified Hand","Letter Opener","MutagenicStrength","Pantograph","Nunchaku","Art of War","Thread and Needle","Philosopher\u0027s Stone","StrikeDummy","Torii","ClockworkSouvenir","Eternal Feather","Strawberry","Toy Ornithopter","Red Skull","Vajra","Magic Flower"],"acts_visited":["TheCity","TheBeyond"],"potions_floor_usage":[8,31,40,48,50,50],"damage_taken":[{"damage":5.0,"enemies":"2 Louse","floor":1.0,"turns":3.0},{"damage":0.0,"enemies":"Cultist","floor":2.0,"turns":3.0},{"damage":0.0,"enemies":"Small Slimes","floor":3.0,"turns":3.0},{"damage":14.0,"enemies":"Red Slaver","floor":4.0,"turns":6.0},{"damage":37,"enemies":"3 Sentries","floor":6,"turns":10},{"damage":4,"enemies":"Gremlin Nob","floor":8,"turns":3},{"damage":19,"enemies":"Lagavulin","floor":10,"turns":5},{"damage":0,"enemies":"Large Slime","floor":11,"turns":3},{"damage":6,"enemies":"Gremlin Nob","floor":12,"turns":3},{"damage":0,"enemies":"Lots of Slimes","floor":13,"turns":1},{"damage":2,"enemies":"Blue Slaver","floor":14,"turns":2},{"damage":38,"enemies":"Hexaghost","floor":16,"turns":7},{"damage":7,"enemies":"Shell Parasite","floor":18,"turns":3},{"damage":11,"enemies":"3 Byrds","floor":20,"turns":4},{"damage":4,"enemies":"Sentry and Sphere","floor":21,"turns":3},{"damage":0,"enemies":"Slavers","floor":23,"turns":1},{"damage":4,"enemies":"Gremlin Leader","floor":25,"turns":4},{"damage":55,"enemies":"Book of Stabbing","floor":27,"turns":4},{"damage":23,"enemies":"Gremlin Leader","floor":29,"turns":3},{"damage":9,"enemies":"Centurion and Healer","floor":30,"turns":3},{"damage":42,"enemies":"Champ","floor":33,"turns":4},{"damage":18,"enemies":"3 Shapes","floor":35,"turns":3},{"damage":0,"enemies":"Orb Walker","floor":36,"turns":1},{"damage":0,"enemies":"Sphere and 2 Shapes","floor":37,"turns":3},{"damage":6,"enemies":"Giant Head","floor":40,"turns":6},{"damage":0,"enemies":"3 Darklings","floor":41,"turns":2},{"damage":0,"enemies":"Nemesis","floor":44,"turns":3},{"damage":0,"enemies":"Jaw Worm Horde","floor":45,"turns":1},{"damage":1,"enemies":"Giant Head","floor":46,"turns":4},{"damage":0,"enemies":"Transient","floor":47,"turns":5},{"damage":0,"enemies":"Reptomancer","floor":48,"turns":3},{"damage":44,"enemies":"Donu and Deca","floor":50,"turns":5}],"seed_played":"-8653540479942029245","potions_obtained":[{"floor":1.0,"key":"SkillPotion"},{"floor":3.0,"key":"SmokeBomb"},{"floor":6,"key":"Ancient Potion"},{"floor":10,"key":"ElixirPotion"},{"floor":13,"key":"SkillPotion"},{"floor":21,"key":"Fruit Juice"},{"floor":27,"key":"AttackPotion"},{"floor":35,"key":"DistilledChaos"},{"floor":40,"key":"Dexterity Potion"},{"floor":48,"key":"AttackPotion"}],"is_trial":false,"path_per_floor":["M","M","M","M","?","E","R","E","T","E","M","E","M","M","R","B",null,"M","?","M","M","?","E","?","E","T","E","R","E","M","?","R","B",null,"M","M","M","T","?","E","M","$","T","E","M","E","M","E","R","B",null],"character_chosen":"IRONCLAD","items_purchased":["ClockworkSouvenir","Eternal Feather","Strawberry"],"campfire_rested":0,"item_purchase_floors":[42,42,42],"current_hp_per_floor":[80,80,80,72,72,41,41,43,43,30,36,36,42,49,49,17,83,85,85,83,88,88,96,96,100,100,51,51,34,57,50,50,43,115,121,121,124,124,124,124,127,134,134,134,134,137,137,140,140,144],"gold":647,"neow_bonus":"","is_daily":true,"chose_seed":false,"campfire_upgraded":2,"win_rate":0.0,"timestamp":1611767484,"path_taken":["M","M","M","M","?","E","R","E","T","E","M","E","M","M","R","BOSS","M","?","M","?","?","E","?","E","T","E","R","E","M","?","R","BOSS","M","M","M","?","?","E","?","$","T","E","M","E","M","E","R","BOSS"],"items_purchased_type":["Relic","Relic","Relic"],"build_version":"2020-12-22","purchased_purges":1,"victory":true,"max_hp_per_floor":[80,80,80,80,80,80,80,80,80,80,80,80,80,83,83,83,83,86,86,89,92,92,96,96,100,100,100,100,100,106,111,111,115,115,121,121,124,124,124,124,127,134,134,134,134,137,137,140,140,144],"card_choices":[{"not_picked":["Searing Blow","Steam Power"],"picked":"Reinforced Body","floor":1.0},{"not_picked":["Cleave","Conserve Battery"],"picked":"Heavy Blade","floor":2.0},{"not_picked":["BootSequence","Warcry","Consume"],"picked":"SKIP","floor":3.0},{"not_picked":["Havoc","True Grit","Storm"],"picked":"SKIP","floor":4.0},{"not_picked":["Bludgeon","Echo Form"],"picked":"Hyperbeam","floor":6},{"not_picked":["Seek","Corruption"],"picked":"Offering","floor":8},{"not_picked":["Electrodynamics","Demon Form"],"picked":"Double Tap","floor":10},{"not_picked":["Tempest","Havoc"],"picked":"Whirlwind","floor":11},{"not_picked":["Core Surge","Meteor Strike"],"picked":"Feed","floor":12},{"not_picked":["Coolheaded","Rebound"],"picked":"Cleave","floor":13},{"not_picked":["Dark Embrace","Anger"],"picked":"Genetic Algorithm","floor":14},{"not_picked":["Creative AI","Amplify"],"picked":"Feed","floor":16},{"not_picked":["Force Field","Coolheaded+1","Go for the Eyes"],"picked":"SKIP","floor":18},{"not_picked":["True Grit+1","Spot Weakness"],"picked":"Dual Wield","floor":20},{"not_picked":["Clash","Beam Cell+1"],"picked":"Sword Boomerang+1","floor":21},{"not_picked":["Juggernaut","Limit Break"],"picked":"Buffer","floor":23},{"not_picked":["Rainbow","All For One"],"picked":"Demon Form","floor":25},{"not_picked":["Exhume","Reboot"],"picked":"All For One","floor":27},{"not_picked":["Feed","Fission"],"picked":"Reaper","floor":29},{"not_picked":["Reprogram","Spot Weakness"],"picked":"Uppercut","floor":30},{"not_picked":["Amplify","Creative AI"],"picked":"Reaper","floor":33},{"not_picked":["Rebound+1","Reinforced Body"],"picked":"Double Energy","floor":35},{"not_picked":["Dropkick+1","Wild Strike","Clash"],"picked":"SKIP","floor":36},{"not_picked":["Battle Trance+1","Thunderclap+1","Armaments+1"],"picked":"SKIP","floor":37},{"not_picked":["Core Surge","Reaper"],"picked":"Creative AI","floor":40},{"not_picked":["Streamline+1","Fusion"],"picked":"Heavy Blade+1","floor":41},{"not_picked":["Thunder Strike","Machine Learning"],"picked":"Demon Form","floor":44},{"not_picked":["Redo+1","Searing Blow","Clothesline"],"picked":"SKIP","floor":45},{"not_picked":["Fiend Fire","Feed"],"picked":"Juggernaut","floor":46},{"not_picked":["Barrage","Havoc"],"picked":"Heavy Blade+1","floor":47},{"not_picked":["Bludgeon","Biased Cognition"],"picked":"Juggernaut","floor":48}],"player_experience":0,"relics_obtained":[{"floor":6,"key":"Unceasing Top"},{"floor":8,"key":"MawBank"},{"floor":9,"key":"Centennial Puzzle"},{"floor":10,"key":"Bottled Flame"},{"floor":12,"key":"Dream Catcher"},{"floor":23,"key":"Letter Opener"},{"floor":25,"key":"Pantograph"},{"floor":26,"key":"Nunchaku"},{"floor":27,"key":"Art of War"},{"floor":29,"key":"Thread and Needle"},{"floor":38,"key":"StrikeDummy"},{"floor":40,"key":"Torii"},{"floor":43,"key":"Toy Ornithopter"},{"floor":44,"key":"Red Skull"},{"floor":46,"key":"Vajra"},{"floor":48,"key":"Magic Flower"}],"event_choices":[{"cards_removed":["Defend_R"],"damage_healed":0.0,"max_hp_gain":0.0,"max_hp_loss":0.0,"gold_gain":0.0,"event_name":"The Cleric","player_choice":"Card Removal","floor":5.0,"gold_loss":50.0,"damage_taken":0.0},{"damage_healed":0,"gold_gain":0,"player_choice":"Rummage","damage_taken":0,"relics_obtained":["WarpedTongs"],"max_hp_gain":0,"max_hp_loss":0,"event_name":"Accursed Blacksmith","floor":19,"gold_loss":0,"cards_obtained":["Pain"]},{"damage_healed":0,"gold_gain":0,"player_choice":"Opened","damage_taken":0,"relics_obtained":["Mummified Hand"],"max_hp_gain":0,"max_hp_loss":0,"event_name":"The Mausoleum","floor":22,"gold_loss":0,"cards_obtained":["Writhe"]},{"damage_healed":0,"gold_gain":0,"player_choice":"Inject Mutagens","damage_taken":0,"relics_obtained":["MutagenicStrength"],"max_hp_gain":0,"max_hp_loss":0,"event_name":"Drug Dealer","floor":24,"gold_loss":0},{"damage_healed":0,"gold_gain":0,"player_choice":"POTION ","damage_taken":12,"max_hp_gain":0,"max_hp_loss":0,"event_name":"Knowing Skull","floor":31,"potions_obtained":["bronze:BurnAndBuffPotion"],"gold_loss":0,"cards_obtained":[]},{"damage_healed":0,"gold_gain":0,"player_choice":"Copied","damage_taken":0,"max_hp_gain":0,"max_hp_loss":0,"event_name":"Duplicator","floor":39,"gold_loss":0,"cards_obtained":["Demon Form"]}],"is_beta":false,"boss_relics":[{"not_picked":["Velvet Choker","Tiny House"],"picked":"Snecko Eye"},{"not_picked":["Cursed Key","Calling Bell"],"picked":"Philosopher\u0027s Stone"}],"items_purged_floors":[42],"is_endless":false,"potions_floor_spawned":[1,3,6,10,13,21,27,29,35,37,40,41,48],"ascension_level":0}}