{"host":"qxeepl7ydvsgmfdb","time":1611751409,"event":{"mods":["AchievementEnabler","BaseMod","Colored Powertips","Minty Spire (QoL Compilation)","Quick Restart","slay the spire mod where everything is the same but ironclad has a cowboy hat"],"gold_per_floor":[110,285,285,235,255,255,282,282,282,282,295,295,328,341,341,437,437,454,126,139,139,139,139,191,216,216,216,216],"floor_reached":27,"language":"ENG","playtime":618,"items_purged":["Regret"],"score":406,"play_id":"6ee45b4f-572b-4704-ad76-e4ddfb9e6e7e","local_time":"20210127074329","is_ascension_mode":true,"campfire_choices":[{"data":"Die Die Die","floor":6.0,"key":"SMITH"},{"data":"Deadly Poison","floor":8.0,"key":"SMITH"},{"data":"Neutralize","floor":10.0,"key":"SMITH"},{"floor":15.0,"key":"REST"},{"floor":23.0,"key":"REST"}],"circlet_count":0,"master_deck":["AscendersBane","Strike_G","Strike_G","Strike_G","Strike_G","Strike_G","Defend_G","Defend_G","Defend_G","Defend_G","Defend_G","Survivor","Neutralize+1","Deadly Poison+1","Die Die Die+1","Noxious Fumes","Deadly Poison","Adrenaline"],"relics":["Ring of the Snake","NeowsBlessing","Letter Opener","MealTicket","InkBottle","Matryoshka","Bronze Scales","WristBlade","Meat on the Bone","Toy Ornithopter","Smiling Mask","Bottled Lightning","Tiny Chest","Pear"],"acts_visited":["Exordium","TheCity"],"potions_floor_usage":[27],"damage_taken":[{"damage":0.0,"enemies":"Small Slimes","floor":1.0,"turns":1.0},{"damage":0.0,"enemies":"2 Louse","floor":5.0,"turns":1.0},{"damage":0.0,"enemies":"Lagavulin","floor":7.0,"turns":1.0},{"damage":5.0,"enemies":"Jaw Worm","floor":11.0,"turns":3.0},{"damage":12.0,"enemies":"Gremlin Nob","floor":13.0,"turns":4.0},{"damage":0.0,"enemies":"Large Slime","floor":14.0,"turns":5.0},{"damage":33.0,"enemies":"Slime Boss","floor":16.0,"turns":11.0},{"damage":23.0,"enemies":"Chosen","floor":18.0,"turns":5.0},{"damage":28.0,"enemies":"2 Thieves","floor":20.0,"turns":4.0},{"damage":31,"enemies":"Slavers","floor":25,"turns":5},{"damage":14,"enemies":"Colosseum Slavers","floor":27,"turns":3},{"damage":47,"enemies":"Colosseum Nobs","floor":27,"turns":3}],"seed_played":"5546306444413566819","potions_obtained":[{"floor":5.0,"key":"Fire Potion"},{"floor":7.0,"key":"Ancient Potion"},{"floor":13.0,"key":"Regen Potion"},{"floor":25,"key":"Fire Potion"}],"is_trial":false,"path_per_floor":["M","?","?","?","M","R","E","R","T","R","M","?","E","M","R","B",null,"M","$","M","?","?","R","T","E","T","?"],"character_chosen":"THE_SILENT","items_purchased":["Meat on the Bone"],"campfire_rested":2,"item_purchase_floors":[19],"current_hp_per_floor":[63,63,51,51,51,51,51,51,51,51,46,46,34,34,55,37,62,39,54,38,38,22,43,43,24,34,0,0],"gold":216,"neow_bonus":"THREE_ENEMY_KILL","is_daily":false,"chose_seed":false,"campfire_upgraded":3,"win_rate":0.0,"timestamp":1611751409,"path_taken":["M","?","?","?","M","R","E","R","T","R","M","?","E","M","R","BOSS","M","$","M","?","?","R","?","E","T","?"],"items_purchased_type":["Relic"],"build_version":"2020-12-22","purchased_purges":1,"victory":false,"max_hp_per_floor":[70,70,70,70,70,70,70,70,70,70,70,70,70,70,70,70,70,70,70,70,70,70,70,70,70,80,80,80],"card_choices":[{"not_picked":["Deflect","Underhanded Strike"],"picked":"Deadly Poison","floor":1.0},{"not_picked":["Reflex","Backflip"],"picked":"Die Die Die","floor":5.0},{"not_picked":["Infinite Blades","Backflip","Flying Knee"],"picked":"SKIP","floor":7.0},{"not_picked":["Blur","Expertise","Outmaneuver"],"picked":"SKIP","floor":11.0},{"not_picked":["Escape Plan","Dodge and Roll"],"picked":"Noxious Fumes","floor":13.0},{"not_picked":["Accuracy","Dagger Spray"],"picked":"Deadly Poison","floor":14.0},{"not_picked":["Grand Finale","Malaise"],"picked":"Adrenaline","floor":16.0},{"not_picked":["Well Laid Plans","Backflip","Caltrops"],"picked":"SKIP","floor":18.0},{"not_picked":["Flechettes","Dash+1","Endless Agony"],"picked":"SKIP","floor":20.0},{"not_picked":["Dagger Throw","Masterful Stab","Outmaneuver+1"],"picked":"SKIP","floor":25}],"player_experience":238252,"relics_obtained":[{"floor":7.0,"key":"MealTicket"},{"floor":9.0,"key":"InkBottle"},{"floor":13.0,"key":"Bronze Scales"},{"floor":24.0,"key":"Toy Ornithopter"},{"floor":24.0,"key":"Smiling Mask"},{"floor":25,"key":"Bottled Lightning"},{"floor":26,"key":"Tiny Chest"},{"floor":26,"key":"Pear"}],"event_choices":[{"damage_healed":0.0,"max_hp_gain":0.0,"max_hp_loss":0.0,"gold_gain":175.0,"event_name":"Liars Game","player_choice":"AGREE","floor":2.0,"gold_loss":0.0,"damage_taken":0.0,"cards_obtained":["Doubt"]},{"damage_healed":0.0,"max_hp_gain":0.0,"max_hp_loss":0.0,"gold_gain":0.0,"event_name":"Scrap Ooze","player_choice":"Success","floor":3.0,"gold_loss":0.0,"damage_taken":12.0,"relics_obtained":["Letter Opener"]},{"cards_removed":["Doubt"],"damage_healed":0.0,"max_hp_gain":0.0,"max_hp_loss":0.0,"gold_gain":0.0,"event_name":"The Cleric","player_choice":"Card Removal","floor":4.0,"gold_loss":50.0,"damage_taken":0.0},{"damage_healed":0.0,"max_hp_gain":0.0,"max_hp_loss":0.0,"gold_gain":0.0,"event_name":"Big Fish","player_choice":"Box","floor":12.0,"gold_loss":0.0,"damage_taken":0.0,"relics_obtained":["Matryoshka"],"cards_obtained":["Regret"]},{"damage_healed":0.0,"max_hp_gain":0.0,"max_hp_loss":0.0,"gold_gain":0.0,"event_name":"Ghosts","player_choice":"Ignored","floor":21.0,"gold_loss":0.0,"damage_taken":0.0},{"damage_healed":0.0,"max_hp_gain":0.0,"max_hp_loss":0.0,"gold_gain":0.0,"event_name":"Cursed Tome","player_choice":"Obtained Book","floor":22.0,"gold_loss":0.0,"damage_taken":16.0},{"damage_healed":0,"gold_gain":0,"player_choice":"Fight","damage_taken":0,"max_hp_gain":0,"max_hp_loss":0,"event_name":"Colosseum","floor":27,"gold_loss":0},{"damage_healed":0,"gold_gain":0,"player_choice":"Fought Nobs","damage_taken":0,"max_hp_gain":0,"max_hp_loss":0,"event_name":"Colosseum","floor":27,"gold_loss":0}],"is_beta":false,"boss_relics":[{"not_picked":["HoveringKite","Runic Pyramid"],"picked":"WristBlade"}],"items_purged_floors":[19],"is_endless":false,"potions_floor_spawned":[5,7,13,25,27],"killed_by":"Colosseum Nobs","ascension_level":11}}