{"host":"g01l53quoe6lrer0","time":1611715810,"event":{"mods":["2.2 Compatiblity","AchievementEnabler","BaseMod","Colored Map","Highlight Path","Keyboard Shortcuts","Minty Spire (QoL Compilation)","Permanent Neow","StSLib","SuperFastMode","everything is the same but u backflip on backflip"],"gold_per_floor":[117,137,156,231,241,241,241,275,275,291,3,3,15,31,31,109,109,129,149,165,55,72,72,72,72],"floor_reached":24,"language":"KOR","playtime":574,"items_purged":["Strike_G"],"score":384,"play_id":"b3fb539b-f3ae-49ad-8665-9a00ad71926e","local_time":"20210127115010","is_ascension_mode":true,"campfire_choices":[{"data":"Cloak And Dagger","floor":7,"key":"SMITH"},{"floor":12,"key":"REST"},{"floor":15,"key":"REST"},{"floor":23,"key":"REST"}],"circlet_count":0,"master_deck":["AscendersBane","Strike_G","Strike_G","Strike_G","Defend_G","Defend_G","Defend_G","Defend_G+1","Defend_G","Survivor","Neutralize","PiercingWail","Caltrops","Cloak And Dagger+1","Dagger Spray","Grand Finale","Prepared","Well Laid Plans","Tactician","Eviscerate","Crippling Poison","Dagger Throw","Adrenaline","Acrobatics","Leg Sweep","Backflip"],"relics":["Ring of the Snake","NeowsBlessing","Bag of Marbles","Tiny Chest","Sozu"],"acts_visited":["Exordium","TheCity"],"potions_floor_usage":[8,13],"damage_taken":[{"damage":0.0,"enemies":"Small Slimes","floor":1.0,"turns":1.0},{"damage":0.0,"enemies":"Cultist","floor":2.0,"turns":1.0},{"damage":0.0,"enemies":"2 Louse","floor":3.0,"turns":1.0},{"damage":5.0,"enemies":"Blue Slaver","floor":5.0,"turns":5.0},{"damage":35,"enemies":"3 Sentries","floor":8,"turns":8},{"damage":6,"enemies":"Looter","floor":10,"turns":3},{"damage":0,"enemies":"Gremlin Gang","floor":13,"turns":1},{"damage":1,"enemies":"Blue Slaver","floor":14,"turns":2},{"damage":34,"enemies":"Slime Boss","floor":16,"turns":7},{"damage":10,"enemies":"Shell Parasite","floor":18,"turns":5},{"damage":0,"enemies":"3 Byrds","floor":19,"turns":3},{"damage":15,"enemies":"Snake Plant","floor":20,"turns":4},{"damage":10,"enemies":"Centurion and Healer","floor":22,"turns":5},{"damage":24,"enemies":"Shelled Parasite and Fungi","floor":24,"turns":3}],"seed_played":"-3493591258943775152","potions_obtained":[{"floor":1.0,"key":"Ancient Potion"},{"floor":2.0,"key":"SpeedPotion"},{"floor":3.0,"key":"Explosive Potion"},{"floor":8,"key":"Explosive Potion"}],"is_trial":false,"path_per_floor":["M","M","M","?","M","?","R","E","T","M","$","R","M","M","R","B",null,"M","M","M","?","M","R","M"],"character_chosen":"THE_SILENT","items_purchased":["Well Laid Plans","Tactician","Eviscerate"],"campfire_rested":3,"item_purchase_floors":[11,11,11],"current_hp_per_floor":[59,59,59,48,43,43,43,8,8,2,2,21,21,20,39,5,51,41,41,26,26,16,35,11,11],"gold":72,"neow_bonus":"THREE_ENEMY_KILL","is_daily":false,"chose_seed":false,"campfire_upgraded":1,"win_rate":0.0,"timestamp":1611715810,"path_taken":["M","M","M","?","M","?","R","E","T","?","$","R","M","M","R","BOSS","M","M","M","?","M","R","?"],"items_purchased_type":["Card","Card","Card"],"build_version":"2020-12-22","purchased_purges":1,"victory":false,"max_hp_per_floor":[66,66,66,66,66,66,66,66,66,66,66,66,66,66,66,66,66,66,66,66,66,66,66,66,66],"card_choices":[{"not_picked":["Predator","Deflect"],"picked":"PiercingWail","floor":1.0},{"not_picked":["Dagger Spray","Dodge and Roll"],"picked":"Caltrops","floor":2.0},{"not_picked":["Dagger Throw","Poisoned Stab"],"picked":"Cloak And Dagger","floor":3.0},{"not_picked":["Dagger Throw","Prepared"],"picked":"Dagger Spray","floor":5.0},{"not_picked":["All Out Attack","Deflect"],"picked":"Prepared","floor":8},{"not_picked":["Masterful Stab","Deflect","Catalyst"],"picked":"SKIP","floor":10},{"not_picked":["Malaise","Cloak And Dagger"],"picked":"Crippling Poison","floor":13},{"not_picked":["Deadly Poison","Backflip"],"picked":"Dagger Throw","floor":14},{"not_picked":["Venomology","Phantasmal Killer"],"picked":"Adrenaline","floor":16},{"not_picked":["Poisoned Stab","Quick Slash"],"picked":"Acrobatics","floor":18},{"not_picked":["Cloak And Dagger","Flying Knee"],"picked":"Leg Sweep","floor":19},{"not_picked":["Blade Dance","Dodge and Roll","Sucker Punch"],"picked":"SKIP","floor":20},{"not_picked":["Sucker Punch","Deflect"],"picked":"Backflip","floor":22}],"player_experience":308235,"relics_obtained":[{"floor":8,"key":"Bag of Marbles"},{"floor":9,"key":"Tiny Chest"}],"event_choices":[{"damage_healed":0.0,"max_hp_gain":0.0,"max_hp_loss":0.0,"gold_gain":75.0,"event_name":"World of Goop","player_choice":"Gather Gold","floor":4.0,"gold_loss":0.0,"damage_taken":11.0},{"damage_healed":0,"gold_gain":0,"player_choice":"1 cards matched","damage_taken":0,"max_hp_gain":0,"max_hp_loss":0,"event_name":"Match and Keep!","floor":6,"gold_loss":0,"cards_obtained":["Grand Finale"]},{"cards_removed":["Strike_G"],"damage_healed":0,"gold_gain":0,"player_choice":"Upgrade and Remove","damage_taken":0,"max_hp_gain":0,"max_hp_loss":0,"event_name":"Designer","floor":21,"gold_loss":110,"cards_upgraded":["Defend_G"]}],"is_beta":false,"boss_relics":[{"not_picked":["Empty Cage","SlaversCollar"],"picked":"Sozu"}],"items_purged_floors":[11],"is_endless":false,"potions_floor_spawned":[1,2,3,8,20,22],"killed_by":"Shelled Parasite and Fungi","ascension_level":18}}