{"host":"uvmuduost5bzvojs","time":1611777127,"event":{"mods":["Aspiration","Bard","BaseMod","Better Match","Block Reminder","Conspire","Hermit","Highlight Path","Hubris","Infinite Spire","Jorbs\u0027s Wanderer Trilogy","Mad Scientist","Marisa????????","Mimic Mod","Minty Spire (QoL Compilation)","Potionbrewer","Replay The Spire","Robot Space Explorer","StSLib","The Blackbeard","The Construct","The Cursed","The Disciple","The Hayseed","The Hierophant","The Juggle","The Jungle","The Poker Player","The Runesmith","The Servant 0.9.4","The Spell Scribe","The Valiant","TheBandit"],"gold_per_floor":[91,84,84,9,27,37,31,41,41,55,130,148,167,185,185,277,277,289,278,9,23,41,70,70,60,60],"floor_reached":25,"language":"ENG","playtime":1517,"items_purged":["Pain","hierophant:Strike_Hierophant"],"score":347,"play_id":"7df53374-5690-4f84-b2bd-95874197c8c7","local_time":"20210127145207","is_ascension_mode":false,"campfire_choices":[{"floor":15,"key":"REST"},{"data":"hierophant:Repentance","floor":24,"key":"SMITH"}],"circlet_count":0,"master_deck":["hierophant:Strike_Hierophant","hierophant:Strike_Hierophant","hierophant:Strike_Hierophant+1","hierophant:Punish","hierophant:Defend_Hierophant","hierophant:Defend_Hierophant","hierophant:Defend_Hierophant","hierophant:Defend_Hierophant","hierophant:ChurchCoffers","hierophant:HolyVerse","hierophant:HolyVerse","hierophant:DivineIntervention+1","hierophant:HammerAndAnvil","hierophant:HolyVerse","hierophant:HolyVerse","hierophant:Repentance+1","hierophant:Anathema","hierophant:Zeal","hierophant:DivineIntervention","hierophant:HammerAndAnvil+1","hierophant:Smite"],"relics":["hierophant:PropheticMaskRelic","Mercury Hourglass","Potion Belt","ReplayTheSpireMod:CursedCoin","White Beast Statue","Replay:Wax Seal","Replay:Grab Bag","Velvet Choker","hubris:CrackedHourglass","Black Star","Membership Card","potionbrewer:Torch","Gremlin Food","Darkstone Periapt"],"acts_visited":["Exordium","TheCity"],"potions_floor_usage":[5,8,14,14,16,23,23,25],"damage_taken":[{"damage":0,"enemies":"conspire:RoseBush","floor":1,"turns":2},{"damage":0,"enemies":"Small Slimes","floor":2,"turns":1},{"damage":5,"enemies":"Cultist","floor":5,"turns":4},{"damage":0,"enemies":"Gremlin Gang","floor":6,"turns":1},{"damage":8,"enemies":"Red Slaver","floor":7,"turns":2},{"damage":51,"enemies":"Lagavulin","floor":8,"turns":10},{"damage":0,"enemies":"2 Fungi Beasts","floor":10,"turns":1},{"damage":0,"enemies":"Gremlin Nob","floor":12,"turns":2},{"damage":0,"enemies":"Gremlin Gang","floor":13,"turns":1},{"damage":0,"enemies":"Lagavulin","floor":14,"turns":4},{"damage":43,"enemies":"The Guardian","floor":16,"turns":6},{"damage":0,"enemies":"Spheric Guardian","floor":18,"turns":1},{"damage":20,"enemies":"2 Thieves","floor":19,"turns":2},{"damage":0,"enemies":"Centurion and Healer","floor":21,"turns":3},{"damage":3,"enemies":"3 Cultists","floor":22,"turns":3},{"damage":32,"enemies":"Slavers","floor":23,"turns":2},{"damage":32,"enemies":"Nightmare","floor":25,"turns":3}],"seed_played":"2908321067106134056","potions_obtained":[{"floor":2,"key":"potionbrewer:DiscountPotion"},{"floor":5,"key":"Dexterity Potion"},{"floor":10,"key":"potionbrewer:DiscountPotion"},{"floor":12,"key":"potionbrewer:CleansingPotion"},{"floor":13,"key":"SkillPotion"},{"floor":14,"key":"Fruit Juice"},{"floor":16,"key":"potionbrewer:BoundlessPotion"},{"floor":18,"key":"PowerPotion"},{"floor":19,"key":"PowerPotion"},{"floor":21,"key":"Reflective Coating"},{"floor":23,"key":"Fire Potion"}],"is_trial":false,"path_per_floor":["M","M","?","?","M","M","M","E","T","M","$","E","M","E","R","B",null,"M","M","$","M","M","E","R","NM"],"character_chosen":"HIEROPHANT","items_purchased":["ReplayTheSpireMod:CursedCoin","Membership Card","potionbrewer:Torch"],"campfire_rested":1,"item_purchase_floors":[11,20,20],"current_hp_per_floor":[82,82,82,82,77,77,69,18,18,18,18,18,18,18,42,4,87,87,67,67,67,64,32,32,0,0],"gold":60,"neow_bonus":"TEN_PERCENT_HP_BONUS","is_daily":false,"chose_seed":false,"campfire_upgraded":1,"win_rate":0.0,"timestamp":1611777127,"path_taken":["M","M","?","?","M","M","M","E","T","M","$","E","M","E","R","BOSS","M","?","$","M","M","E","R","NM"],"items_purchased_type":["Relic","Relic","Relic"],"build_version":"2020-12-22","purchased_purges":2,"victory":false,"max_hp_per_floor":[82,82,82,82,82,82,82,82,82,82,82,82,82,82,82,87,87,87,87,87,87,87,87,87,87,87],"card_choices":[{"not_picked":["hierophant:AuricBeam","hierophant:EyeForCoin"],"picked":"hierophant:HolyVerse","floor":1},{"not_picked":["hierophant:RepressedViolence","hierophant:Charity"],"picked":"hierophant:HolyVerse","floor":2},{"not_picked":["hierophant:WrathOfGod+1","hierophant:MintersHammer+1"],"picked":"hierophant:DivineIntervention+1","floor":4},{"not_picked":["hierophant:RustyCrate","hierophant:AuricBeam"],"picked":"hierophant:HammerAndAnvil","floor":5},{"not_picked":["hierophant:Refuge","hierophant:Encroach"],"picked":"hierophant:HolyVerse","floor":6},{"not_picked":["hierophant:FieryStrike","hierophant:AuricShield"],"picked":"hierophant:HolyVerse","floor":7},{"not_picked":["hierophant:RepressedViolence","hierophant:HolyVerse"],"picked":"hierophant:Repentance","floor":8},{"not_picked":["hierophant:CursedGold","hierophant:CoinFling","hierophant:ConvertCurrency"],"picked":"SKIP","floor":10},{"not_picked":["hierophant:HolyVerse","hierophant:DeathKnell"],"picked":"hierophant:Anathema","floor":12},{"not_picked":["hierophant:DisplayOfPower","hierophant:Glossolalia","hierophant:Bribe"],"picked":"SKIP","floor":13},{"not_picked":["hierophant:Generosity","hierophant:Chorus"],"picked":"hierophant:Zeal","floor":14},{"not_picked":["hierophant:Anathema","hierophant:BulkyChest"],"picked":"hierophant:DivineIntervention","floor":16},{"not_picked":["hierophant:ThreeLashes+1","hierophant:PassingBell+1"],"picked":"hierophant:HammerAndAnvil+1","floor":18},{"not_picked":["hierophant:CursedGold","hierophant:ConvertCurrency","hierophant:Remorse"],"picked":"SKIP","floor":19},{"not_picked":["hierophant:Kindle","hierophant:RustyCrate","hierophant:Bribe"],"picked":"SKIP","floor":21},{"not_picked":["hierophant:TollTheBells","hierophant:Cornucopia","hierophant:Encroach"],"picked":"SKIP","floor":22},{"not_picked":["hierophant:RecallFunds","hierophant:FieryStrike"],"picked":"hierophant:Smite","floor":23}],"player_experience":1847561,"relics_obtained":[{"floor":8,"key":"Mercury Hourglass"},{"floor":9,"key":"Potion Belt"},{"floor":12,"key":"White Beast Statue"},{"floor":14,"key":"Replay:Wax Seal"},{"floor":23,"key":"Gremlin Food"},{"floor":23,"key":"Darkstone Periapt"}],"event_choices":[{"damage_healed":0,"gold_gain":0,"player_choice":"2","damage_taken":0,"max_hp_gain":0,"max_hp_loss":0,"event_name":"betterMatch:BetterMatch","floor":4,"gold_loss":0,"cards_obtained":["betterMatch:RareCard"]}],"is_beta":false,"boss_relics":[{"not_picked":["Replay:Wanted Poster","aspiration:SilentSkillbook"],"picked":"Replay:Grab Bag"},{"not_picked":["ChewingGum","hubris:TerracottaHorce"],"picked":"Velvet Choker"},{"not_picked":["Abe\u0027s Treasure","Runic Dome"],"picked":"hubris:CrackedHourglass"},{"not_picked":["aspiration:MobileForge","Runic Pyramid"],"picked":"Black Star"}],"items_purged_floors":[11,20],"is_endless":false,"potions_floor_spawned":[2,5,10,12,13,14,16,18,19,21,22,23],"killed_by":"Nightmare","ascension_level":0}}