{"host":"fuszjwm6fqgjjp4d","time":1611754732,"event":{"mods":["BaseMod","Bestiary","Colored Map","DeckTracker","Minty Spire (QoL Compilation)","Permanent Neow","Relic Sorter","Relic Stats","StSLib"],"gold_per_floor":[14,14,32,32,32,57,57,57,57],"floor_reached":8,"language":"ENG","playtime":179,"items_purged":[],"score":108,"play_id":"3aebe5db-7dcb-4c31-822c-4ed49e41a086","local_time":"20210127073852","is_ascension_mode":true,"campfire_choices":[{"floor":7,"key":"REST"}],"circlet_count":0,"master_deck":["AscendersBane","Strike_P","Strike_P","Strike_P","Strike_P","Defend_P","Defend_P","Defend_P","Defend_P","Eruption+1","Vigilance","Halt","Evaluate","DeusExMachina","FearNoEvil"],"relics":["PureWater","Bird Faced Urn","Toy Ornithopter","Bronze Scales"],"acts_visited":["Exordium"],"potions_floor_usage":[],"damage_taken":[{"damage":2,"enemies":"Small Slimes","floor":1,"turns":5},{"damage":0,"enemies":"Cultist","floor":3,"turns":4},{"damage":45,"enemies":"Gremlin Nob","floor":6,"turns":4},{"damage":29,"enemies":"Lagavulin","floor":8,"turns":5}],"seed_played":"8673926891081426505","potions_obtained":[{"floor":3,"key":"BottledMiracle"}],"is_trial":false,"path_per_floor":["M","?","M","?","?","E","R","E"],"character_chosen":"WATCHER","items_purchased":[],"campfire_rested":1,"item_purchase_floors":[],"current_hp_per_floor":[59,59,59,59,54,9,29,0,0],"gold":57,"neow_bonus":"ONE_RARE_RELIC","is_daily":false,"chose_seed":false,"campfire_upgraded":0,"win_rate":0.0,"timestamp":1611754732,"path_taken":["M","?","?","?","?","E","R","E"],"items_purchased_type":[],"build_version":"2020-12-22","purchased_purges":0,"victory":false,"max_hp_per_floor":[68,68,68,68,68,68,68,68,68],"relic_stats":{"counters":[4,18],"Bird Faced Urn":[0],"Bronze Scales":[6],"obtain_stats":[{"Bird Faced Urn":0,"Bronze Scales":6,"PureWater":0,"Toy Ornithopter":5},{"Bird Faced Urn":0,"Bronze Scales":3,"PureWater":0,"Toy Ornithopter":2},{"Bird Faced Urn":0,"Bronze Scales":13,"PureWater":0,"Toy Ornithopter":9}],"Toy Ornithopter":0},"card_choices":[{"not_picked":["Protect","Pray"],"picked":"Halt","floor":1},{"not_picked":["SignatureMove","Vengeance","JustLucky"],"picked":"SKIP","floor":3},{"not_picked":["Adaptation","JustLucky"],"picked":"FearNoEvil","floor":6}],"player_experience":1387536,"relics_obtained":[{"floor":6,"key":"Bronze Scales"}],"event_choices":[{"damage_healed":0,"gold_gain":0,"player_choice":"2 cards matched","damage_taken":0,"max_hp_gain":0,"max_hp_loss":0,"event_name":"Match and Keep!","floor":2,"gold_loss":0,"cards_obtained":["Evaluate","DeusExMachina"]},{"damage_healed":0,"gold_gain":0,"player_choice":"Grow","damage_taken":0,"max_hp_gain":0,"max_hp_loss":0,"event_name":"Living Wall","floor":4,"gold_loss":0,"cards_upgraded":["Eruption"]},{"damage_healed":0,"gold_gain":0,"player_choice":"Success","damage_taken":5,"relics_obtained":["Toy Ornithopter"],"max_hp_gain":0,"max_hp_loss":0,"event_name":"Scrap Ooze","floor":5,"gold_loss":0}],"is_beta":false,"boss_relics":[],"items_purged_floors":[],"is_endless":false,"potions_floor_spawned":[3],"killed_by":"Lagavulin","ascension_level":20}}