{"host":"yecadp3kwkksam5a","time":1611750689,"event":{"mods":["BaseMod","Minty Spire (QoL Compilation)","StSLib"],"gold_per_floor":[109,109,132,132,142,142,153,153,179,29,29,56,56,66,66,171,171,186,86,100,8,84,84,84],"floor_reached":23,"language":"KOR","playtime":811,"items_purged":["Strike_R","Strike_R"],"score":459,"play_id":"4a6ae854-0639-4145-8186-f6941aefc660","local_time":"20210127213129","is_ascension_mode":true,"campfire_choices":[{"data":"Rupture","floor":6,"key":"SMITH"},{"data":"Brutality","floor":8,"key":"SMITH"},{"data":"Dark Embrace","floor":11,"key":"SMITH"},{"data":"Rupture","floor":15,"key":"SMITH"}],"circlet_count":0,"master_deck":["AscendersBane","Strike_R","Strike_R","Strike_R","Defend_R","Defend_R","Defend_R","Defend_R","Bash","Brutality+1","Rupture+1","Battle Trance","Reaper","Sword Boomerang","Dark Embrace+1","Offering","Rupture+1","Reaper","Heavy Blade","Reaper","Pummel","Combust"],"relics":["Burning Blood","Red Skull","Potion Belt","SsserpentHead","SacredBark","Red Mask"],"acts_visited":["Exordium","TheCity"],"potions_floor_usage":[22,23,23],"damage_taken":[{"damage":10.0,"enemies":"Small Slimes","floor":1.0,"turns":4.0},{"damage":11.0,"enemies":"Jaw Worm","floor":5.0,"turns":4.0},{"damage":9,"enemies":"2 Louse","floor":7,"turns":3},{"damage":30,"enemies":"Lagavulin","floor":12,"turns":6},{"damage":26,"enemies":"Exordium Thugs","floor":14,"turns":5},{"damage":51,"enemies":"Hexaghost","floor":16,"turns":6},{"damage":61,"enemies":"2 Thieves","floor":18,"turns":4},{"damage":21,"enemies":"Chosen","floor":20,"turns":4},{"damage":60,"enemies":"Masked Bandits","floor":22,"turns":6},{"damage":81,"enemies":"Slavers","floor":23,"turns":5}],"seed_played":"-3338799756716105536","potions_obtained":[{"floor":5,"key":"ColorlessPotion"},{"floor":7,"key":"SpeedPotion"},{"floor":12,"key":"Strength Potion"},{"floor":22,"key":"AttackPotion"}],"is_trial":false,"path_per_floor":["M","?","T","?","M","R","M","R","T","$","R","E","?","M","R","B",null,"M","$","M","$","?","E"],"character_chosen":"IRONCLAD","items_purchased":["Dark Embrace","Reaper","Pummel"],"campfire_rested":0,"item_purchase_floors":[10,21,21],"current_hp_per_floor":[68,73,73,73,68,68,65,65,65,65,65,41,41,47,47,21,69,62,62,70,70,48,0,0],"gold":84,"neow_bonus":"ONE_RANDOM_RARE_CARD","is_daily":false,"chose_seed":false,"campfire_upgraded":4,"win_rate":0.0,"timestamp":1611750689,"path_taken":["M","?","?","?","?","R","M","R","T","$","R","E","?","M","R","BOSS","M","$","M","?","?","E"],"items_purchased_type":["Card","Card","Card"],"build_version":"2020-12-22","purchased_purges":2,"victory":false,"max_hp_per_floor":[80,85,85,85,85,85,85,85,85,85,85,85,85,85,85,85,85,85,85,85,85,85,85,85],"card_choices":[{"not_picked":["Clash","Iron Wave"],"picked":"Rupture","floor":1.0},{"not_picked":["Twin Strike","Cleave","Rampage"],"picked":"SKIP","floor":5},{"not_picked":["Clothesline","Pommel Strike"],"picked":"Sword Boomerang","floor":7},{"not_picked":["Flex","Thunderclap"],"picked":"Offering","floor":12},{"not_picked":["Havoc","Fire Breathing"],"picked":"Rupture","floor":14},{"not_picked":["Demon Form","Barricade"],"picked":"Reaper","floor":16},{"not_picked":["Thunderclap","Twin Strike"],"picked":"Heavy Blade","floor":18},{"not_picked":["Anger","Carnage","Clothesline"],"picked":"SKIP","floor":20},{"not_picked":["Armaments","Anger"],"picked":"Combust","floor":22}],"player_experience":484106,"relics_obtained":[{"floor":3.0,"key":"Red Skull"},{"floor":12,"key":"Potion Belt"},{"floor":22,"key":"Red Mask"}],"event_choices":[{"damage_healed":0.0,"max_hp_gain":5.0,"max_hp_loss":0.0,"gold_gain":0.0,"event_name":"Big Fish","player_choice":"Donut","floor":2.0,"gold_loss":0.0,"damage_taken":0.0},{"damage_healed":0.0,"max_hp_gain":0.0,"max_hp_loss":0.0,"gold_gain":0.0,"event_name":"Match and Keep!","player_choice":"2 cards matched","floor":4.0,"gold_loss":0.0,"damage_taken":0.0,"cards_obtained":["Battle Trance","Reaper"]},{"damage_healed":0,"gold_gain":0,"player_choice":"Trade","damage_taken":0,"relics_obtained":["SsserpentHead"],"max_hp_gain":0,"max_hp_loss":0,"event_name":"FaceTrader","floor":13,"gold_loss":0},{"damage_healed":0,"gold_gain":0,"player_choice":"Fought Bandits","damage_taken":0,"max_hp_gain":0,"max_hp_loss":0,"event_name":"Masked Bandits","floor":22,"gold_loss":0}],"is_beta":false,"boss_relics":[{"not_picked":["Cursed Key","Sozu"],"picked":"SacredBark"}],"items_purged_floors":[10,19],"is_endless":false,"potions_floor_spawned":[5,7,12,22],"killed_by":"Slavers","ascension_level":12}}