{"host":"abdxwahegzejqccj","time":1611791334,"event":{"mods":["BaseMod","Better Note","BetterRewards","Colored Powertips","Downfall","Hermit","Minty Spire (QoL Compilation)","StSLib","The Cursed"],"gold_per_floor":[111,126,201,119,129,154,173,173,173,183,183,218,238,254,254,353,353,364,375,300,317,317,317,346,346,346],"floor_reached":25,"language":"ENG","playtime":1055,"items_purged":[],"score":402,"play_id":"94300b07-e3fa-4d20-b3b8-723b7544c7b0","local_time":"20210128104854","is_ascension_mode":true,"campfire_choices":[{"data":"Cloak And Dagger","floor":8,"key":"SMITH"},{"floor":11,"key":"REST"},{"floor":15,"key":"REST"},{"floor":23,"key":"REST"}],"circlet_count":0,"master_deck":["Strike_G","Strike_G","Strike_G","Strike_G","Strike_G","Defend_G","Defend_G","Defend_G","Defend_G","Survivor","Neutralize","Footwork","Cloak And Dagger+1","Infinite Blades","Dagger Spray","Well Laid Plans","Flying Knee","Backflip","Blade Dance","Leg Sweep","Well Laid Plans","Blade Dance","Cloak And Dagger","Deflect"],"relics":["Ring of the Snake","Mercury Hourglass","Shuriken","Paper Crane","Mummified Hand","SacredBark","Happy Flower"],"acts_visited":["Exordium","TheCity"],"potions_floor_usage":[6,12,21],"damage_taken":[{"damage":0,"enemies":"Jaw Worm","floor":1,"turns":3},{"damage":0,"enemies":"Cultist","floor":2,"turns":4},{"damage":8,"enemies":"Small Slimes","floor":5,"turns":3},{"damage":14,"enemies":"3 Sentries","floor":6,"turns":8},{"damage":8,"enemies":"Looter","floor":7,"turns":4},{"damage":2,"enemies":"Blue Slaver","floor":10,"turns":2},{"damage":11,"enemies":"Gremlin Nob","floor":12,"turns":4},{"damage":6,"enemies":"Exordium Thugs","floor":13,"turns":3},{"damage":0,"enemies":"3 Louse","floor":14,"turns":2},{"damage":16,"enemies":"The Guardian","floor":16,"turns":8},{"damage":13,"enemies":"Spheric Guardian","floor":18,"turns":4},{"damage":14,"enemies":"3 Byrds","floor":19,"turns":4},{"damage":13,"enemies":"3 Cultists","floor":21,"turns":5},{"damage":43,"enemies":"Slavers","floor":24,"turns":5},{"damage":10,"enemies":"Snake Plant","floor":25,"turns":3}],"seed_played":"-2230395269860206245","potions_obtained":[{"floor":5,"key":"EssenceOfSteel"},{"floor":7,"key":"PowerPotion"},{"floor":14,"key":"Guardian:BlockOnCardUsePotion"},{"floor":19,"key":"Ancient Potion"}],"is_trial":false,"path_per_floor":["M","M","?","$","M","E","M","R","T","M","R","E","M","M","R","B",null,"M","M","?","M","?","R","E","M"],"character_chosen":"THE_SILENT","items_purchased":["Footwork","Cloak And Dagger","Mercury Hourglass","Well Laid Plans"],"campfire_rested":3,"item_purchase_floors":[0,0,0,4],"current_hp_per_floor":[58,58,51,51,43,29,21,21,21,19,40,29,23,23,44,28,70,57,43,43,30,30,51,8,0,0],"gold":346,"neow_bonus":"","is_daily":false,"chose_seed":false,"campfire_upgraded":1,"win_rate":0.0,"timestamp":1611791334,"path_taken":["M","M","?","$","M","E","?","R","T","M","R","E","M","M","R","BOSS","M","M","?","M","?","R","E","M"],"items_purchased_type":["Card","Card","Relic","Card"],"build_version":"2020-12-22","purchased_purges":0,"victory":false,"max_hp_per_floor":[70,70,70,70,70,70,70,70,70,70,70,70,70,70,70,70,70,70,70,70,70,70,70,70,70,70],"card_choices":[{"not_picked":["Bouncing Flask","Dodge and Roll"],"picked":"Infinite Blades","floor":1},{"not_picked":["Cloak And Dagger","Masterful Stab"],"picked":"Dagger Spray","floor":2},{"not_picked":["Deadly Poison","Bane"],"picked":"Flying Knee","floor":5},{"not_picked":["Deadly Poison","Flying Knee"],"picked":"Backflip","floor":6},{"not_picked":["Flying Knee","Bane"],"picked":"Blade Dance","floor":7},{"not_picked":["Dodge and Roll","Crippling Poison"],"picked":"Leg Sweep","floor":10},{"not_picked":["Prepared","Calculated Gamble"],"picked":"Well Laid Plans","floor":12},{"not_picked":["Concentrate","Choke"],"picked":"Blade Dance","floor":13},{"not_picked":["Bouncing Flask","Flying Knee","Quick Slash"],"picked":"SKIP","floor":14},{"not_picked":["Predator","Caltrops"],"picked":"Cloak And Dagger","floor":18},{"not_picked":["Flechettes","Underhanded Strike+1"],"picked":"Deflect","floor":19},{"not_picked":["Quick Slash","Dodge and Roll","Outmaneuver"],"picked":"SKIP","floor":21},{"not_picked":["Finisher","Acrobatics","Dagger Throw"],"picked":"SKIP","floor":24}],"player_experience":394600,"relics_obtained":[{"floor":6,"key":"Shuriken"},{"floor":9,"key":"Paper Crane"},{"floor":12,"key":"Mummified Hand"},{"floor":24,"key":"Happy Flower"}],"event_choices":[{"damage_healed":0,"gold_gain":75,"player_choice":"Touch","damage_taken":7,"max_hp_gain":0,"max_hp_loss":0,"event_name":"FaceTrader","floor":3,"gold_loss":0},{"cards_removed":["Defend_G"],"damage_healed":0,"gold_gain":0,"player_choice":"Gave Gold","damage_taken":0,"max_hp_gain":0,"max_hp_loss":0,"event_name":"Beggar","floor":20,"gold_loss":75},{"damage_healed":0,"gold_gain":0,"player_choice":"Ignored","damage_taken":0,"max_hp_gain":0,"max_hp_loss":0,"event_name":"Cursed Tome","floor":22,"gold_loss":0}],"is_beta":false,"boss_relics":[{"not_picked":["Philosopher\u0027s Stone","Busted Crown"],"picked":"SacredBark"}],"items_purged_floors":[],"is_endless":false,"potions_floor_spawned":[5,7,14,19],"killed_by":"Snake Plant","ascension_level":4}}