{"host":"ifd7sfhtlbe34qll","time":1611788553,"event":{"mods":["2.2 Compatiblity","Act Like it!","BaseMod","Block Reminder","Colored Map","Curses Come First","Downfall","Highlight Path","Minty Spire (QoL Compilation)","Potion Indicator Mod","Quick Restart","Random Character Button","Relic Stats","StSLib","SuperFastMode"],"gold_per_floor":[99,114,124,137,148,183,183,183,209,238,238,338,151,162,175,249,249,249,269,288,138,43,43,43,43,43,43],"floor_reached":25,"language":"ENG","playtime":1901,"items_purged":["bronze:Strike","bronze:Strike"],"score":422,"play_id":"3355e4bb-9069-4a04-998d-85526181a23b","local_time":"20210127170233","is_ascension_mode":true,"campfire_choices":[{"data":"bronze:Replicate","floor":1.0,"key":"SMITH"},{"floor":18.0,"key":"RECALL"}],"circlet_count":0,"master_deck":["AscendersBane","bronze:Strike","bronze:Strike","bronze:Defend","bronze:Defend","bronze:Defend","bronze:Defend","bronze:Replicate+1","bronze:Goto","bronze:OilSpill","bronze:Constructor","bronze:FollowUp","bronze:Iterate","bronze:CleanCode","bronze:DazingPulse","bronze:Explode","bronze:BronzeOrb","bronze:ForLoop","bronze:BitShift","bronze:ShipIt","bronze:ItsAFeature","expansioncontent:YouAreMine","bronze:Philosophize","bronze:ItsAFeature","bronze:Verify","bronze:Separator+1","bronze:Flail+1","Ghostly","bronze:Repair"],"relics":["bronze:BronzeCore","InkBottle","Meat on the Bone","Odd Mushroom","The Courier","Philosopher\u0027s Stone","Ginger"],"acts_visited":["Exordium","TheCity"],"potions_floor_usage":[25,25],"damage_taken":[{"damage":3.0,"enemies":"2 Louse","floor":2.0,"turns":4.0},{"damage":11.0,"enemies":"Small Slimes","floor":3.0,"turns":3.0},{"damage":0.0,"enemies":"Cultist","floor":4.0,"turns":3.0},{"damage":17.0,"enemies":"Lots of Slimes","floor":5.0,"turns":4.0},{"damage":23.0,"enemies":"Gremlin Nob","floor":6.0,"turns":4.0},{"damage":2.0,"enemies":"Gremlin Nob","floor":8.0,"turns":3.0},{"damage":0.0,"enemies":"The Mushroom Lair","floor":9.0,"turns":2.0},{"damage":19.0,"enemies":"3 Sentries","floor":10.0,"turns":6.0},{"damage":37.0,"enemies":"downfall:LadyInBlue","floor":12.0,"turns":12.0},{"damage":0.0,"enemies":"downfall:FleeingMerchant","floor":13.0,"turns":4.0},{"damage":8.0,"enemies":"Exordium Wildlife","floor":14.0,"turns":3.0},{"damage":5.0,"enemies":"Red Slaver","floor":15.0,"turns":6.0},{"damage":50.0,"enemies":"SI_SHIV_ARCHETYPE","floor":16.0,"turns":10.0},{"damage":41.0,"enemies":"Shell Parasite","floor":19.0,"turns":6.0},{"damage":12.0,"enemies":"Spheric Guardian","floor":20.0,"turns":3.0},{"damage":0.0,"enemies":"downfall:FleeingMerchant","floor":22.0,"turns":4.0},{"damage":74,"enemies":"Slavers","floor":25,"turns":3}],"seed_played":"8079362505513233927","potions_obtained":[{"floor":3.0,"key":"GamblersBrew"},{"floor":6.0,"key":"Strength Potion"},{"floor":8.0,"key":"Fire Potion"},{"floor":10.0,"key":"Swift Potion"},{"floor":12.0,"key":"Regen Potion"},{"floor":12.0,"key":"bronze:FreeFunctionsPotion"},{"floor":14.0,"key":"CultistPotion"},{"floor":15.0,"key":"Ancient Potion"},{"floor":19.0,"key":"SpeedPotion"},{"floor":23,"key":"bronze:FreeFunctionsPotion"}],"is_trial":false,"path_per_floor":["R","M","M","M","M","E","T","?","?","E","?","?","$","M","M","B",null,"R","M","M","?","$","?","T","E"],"character_chosen":"THE_AUTOMATON","items_purchased":["bronze:ItsAFeature","expansioncontent:YouAreMine"],"campfire_rested":0,"item_purchase_floors":[13,13],"current_hp_per_floor":[63,60,49,49,32,9,9,19,31,24,79,42,42,46,56,18,64,64,35,35,35,47,47,47,0,0,0],"gold":43,"neow_bonus":"TEN_PERCENT_HP_BONUS","is_daily":false,"chose_seed":false,"campfire_upgraded":1,"win_rate":0.0,"timestamp":1611788553,"path_taken":["R","M","M","M","M","E","T","?","?","E","?","?","$","?","M","BOSS","R","M","?","?","$","?","T","E"],"items_purchased_type":["Card","Card"],"build_version":"2020-12-22","purchased_purges":2,"victory":false,"max_hp_per_floor":[69,69,69,69,69,69,69,69,69,69,79,79,79,79,79,79,79,79,79,79,79,79,79,79,79,79,79],"relic_stats":{"counters":[17,80],"Ginger":[2],"obtain_stats":[{"Potion Belt":12,"bronze:BronzeCore":0,"Philosopher\u0027s Stone":17,"The Courier":10,"Ginger":24,"Odd Mushroom":9,"InkBottle":6,"Meat on the Bone":7},{"Potion Belt":9,"bronze:BronzeCore":0,"Philosopher\u0027s Stone":13,"The Courier":8,"Ginger":16,"Odd Mushroom":7,"InkBottle":5,"Meat on the Bone":5},{"Potion Belt":41,"bronze:BronzeCore":0,"Philosopher\u0027s Stone":64,"The Courier":29,"Ginger":77,"Odd Mushroom":23,"InkBottle":18,"Meat on the Bone":18}],"InkBottle":[19],"Meat on the Bone":96},"card_choices":[{"not_picked":["bronze:BugBarrage","bronze:FineTuning"],"picked":"bronze:OilSpill","floor":2.0},{"not_picked":["bronze:Iterate","bronze:Frontload"],"picked":"bronze:Constructor","floor":3.0},{"not_picked":["bronze:Shield","bronze:BitShift"],"picked":"bronze:FollowUp","floor":4.0},{"not_picked":["bronze:ChildClass","bronze:FineTuning"],"picked":"bronze:Iterate","floor":5.0},{"not_picked":["bronze:Turbo","bronze:ItsAFeature"],"picked":"bronze:CleanCode","floor":6.0},{"not_picked":[],"picked":"bronze:DazingPulse","floor":8.0},{"not_picked":[],"picked":"bronze:Explode","floor":8.0},{"not_picked":["bronze:WildBeam","bronze:Shield"],"picked":"bronze:BronzeOrb","floor":8.0},{"not_picked":["bronze:CutThrough","bronze:BuggyMess"],"picked":"bronze:ForLoop","floor":9.0},{"not_picked":["bronze:MaxOutput","bronze:ChosenStrike"],"picked":"bronze:RecursiveStrike","floor":10.0},{"not_picked":["bronze:Frontload","bronze:Shield"],"picked":"bronze:BitShift","floor":12.0},{"not_picked":["bronze:CloningBeam","bronze:BronzeOrb"],"picked":"bronze:ShipIt","floor":13.0},{"not_picked":["bronze:NullPointer","bronze:BugBarrage"],"picked":"bronze:Philosophize","floor":14.0},{"not_picked":["bronze:BronzeOrb","bronze:Frontload"],"picked":"bronze:ItsAFeature","floor":15.0},{"not_picked":["bronze:HyperBeam","bronze:InfiniteLoop"],"picked":"bronze:Verify","floor":16.0},{"not_picked":["bronze:BugBarrage","bronze:FollowUp"],"picked":"bronze:Separator+1","floor":19.0},{"not_picked":["bronze:Turbo","bronze:NullPointer"],"picked":"bronze:Flail+1","floor":20.0},{"not_picked":["bronze:Iterate","bronze:CloningBeam"],"picked":"bronze:Repair","floor":22.0}],"player_experience":1719558,"relics_obtained":[{"floor":6.0,"key":"InkBottle"},{"floor":7.0,"key":"Meat on the Bone"},{"floor":9.0,"key":"Odd Mushroom"},{"floor":10.0,"key":"The Courier"},{"floor":12.0,"key":"Potion Belt"},{"floor":24,"key":"Ginger"}],"event_choices":[{"damage_healed":0.0,"max_hp_gain":0.0,"max_hp_loss":0.0,"gold_gain":0.0,"event_name":"Mushrooms","player_choice":"Fought Mushrooms","floor":9.0,"gold_loss":0.0,"damage_taken":0.0}],"is_beta":false,"boss_relics":[{"not_picked":["expansioncontent:StudyCardRelic","Runic Dome"],"picked":"Philosopher\u0027s Stone"}],"items_purged_floors":[13,22],"is_endless":false,"potions_floor_spawned":[3,6,8,10,14,15,19],"killed_by":"Slavers","ascension_level":20}}