{"host":"ELF","time":1611719361,"event":{"mods":["BaseMod","Bestiary","Minty Spire (QoL Compilation)","Relic Stats","Slay the Relics Exporter"],"gold_per_floor":[368,368,387,400,411,446,446,467,493,527,538,552,16,29,29,100,100,113,38,38,38,38,38],"floor_reached":22,"language":"ENG","playtime":976,"items_purged":["Defend_R"],"score":407,"play_id":"c39b959a-ddf9-4787-9c1a-b44ea9dcfa09","local_time":"20210126214921","is_ascension_mode":true,"campfire_choices":[{"floor":7.0,"key":"REST"},{"floor":15,"key":"REST"}],"circlet_count":0,"master_deck":["AscendersBane","Defend_R","Defend_R+1","Defend_R","Bash","Whirlwind","Dark Embrace","Battle Trance","Anger","True Grit","Feel No Pain","Feel No Pain","Apotheosis","Wild Strike","Barricade","Spot Weakness+1","Bite","Bite","Bite","Bite","Bite"],"relics":["Burning Blood","Boot","Odd Mushroom","Bronze Scales","Tiny Chest","Bottled Lightning","Runic Pyramid"],"acts_visited":["Exordium","TheCity"],"potions_floor_usage":[16,18,22],"damage_taken":[{"damage":8.0,"enemies":"Small Slimes","floor":1.0,"turns":5.0},{"damage":1.0,"enemies":"2 Louse","floor":3.0,"turns":2.0},{"damage":7.0,"enemies":"Jaw Worm","floor":4.0,"turns":5.0},{"damage":12.0,"enemies":"3 Louse","floor":5.0,"turns":2.0},{"damage":32.0,"enemies":"Gremlin Nob","floor":6.0,"turns":4.0},{"damage":16.0,"enemies":"The Mushroom Lair","floor":8.0,"turns":3.0},{"damage":20.0,"enemies":"Lagavulin","floor":10.0,"turns":6.0},{"damage":4.0,"enemies":"Looter","floor":11.0,"turns":4.0},{"damage":8.0,"enemies":"Blue Slaver","floor":12.0,"turns":4.0},{"damage":0,"enemies":"Large Slime","floor":14,"turns":5},{"damage":35,"enemies":"Slime Boss","floor":16,"turns":7},{"damage":38,"enemies":"2 Thieves","floor":18,"turns":5},{"damage":23,"enemies":"Masked Bandits","floor":22,"turns":2}],"seed_played":"-7809952838352839760","potions_obtained":[{"floor":3.0,"key":"BlessingOfTheForge"},{"floor":8.0,"key":"Block Potion"},{"floor":11.0,"key":"SpeedPotion"},{"floor":12.0,"key":"SneckoOil"},{"floor":16,"key":"SkillPotion"},{"floor":18,"key":"LiquidBronze"}],"is_trial":false,"path_per_floor":["M","?","M","M","M","E","R","?","T","E","M","M","$","M","R","B",null,"M","?","?","$","?"],"character_chosen":"IRONCLAD","items_purchased":["Apotheosis","Bottled Lightning"],"campfire_rested":2,"item_purchase_floors":[13,13],"current_hp_per_floor":[66,46,51,50,44,18,38,28,28,14,16,14,14,20,40,11,54,22,22,22,22,0,0],"gold":38,"neow_bonus":"TWO_FIFTY_GOLD","is_daily":false,"chose_seed":false,"campfire_upgraded":0,"win_rate":0.0,"timestamp":1611719361,"path_taken":["M","?","M","M","M","E","R","?","T","E","M","M","$","M","R","BOSS","M","?","?","$","?"],"items_purchased_type":["Card","Relic"],"build_version":"2020-12-18","purchased_purges":1,"victory":false,"max_hp_per_floor":[68,68,68,68,68,68,68,68,68,68,68,68,68,68,68,68,68,68,68,47,47,47,47],"relic_stats":{"counters":[13,54],"Bronze Scales":[69],"Tiny Chest":0,"Boot":[1],"obtain_stats":[{"Bronze Scales":9,"Tiny Chest":10,"Bottled Lightning":13,"Odd Mushroom":8,"Boot":6,"Burning Blood":0,"Runic Pyramid":17},{"Bronze Scales":6,"Tiny Chest":7,"Bottled Lightning":9,"Odd Mushroom":6,"Boot":5,"Burning Blood":0,"Runic Pyramid":11},{"Bronze Scales":21,"Tiny Chest":27,"Bottled Lightning":35,"Odd Mushroom":21,"Boot":18,"Burning Blood":0,"Runic Pyramid":47}],"Burning Blood":72},"card_choices":[{"not_picked":["Warcry","Headbutt"],"picked":"Whirlwind","floor":1.0},{"not_picked":["Flex","Anger"],"picked":"Dark Embrace","floor":3.0},{"not_picked":["Blood for Blood","Headbutt"],"picked":"Battle Trance","floor":4.0},{"not_picked":["Headbutt","Blood for Blood","Clash"],"picked":"SKIP","floor":5.0},{"not_picked":["Warcry","Entrench"],"picked":"Anger","floor":6.0},{"not_picked":["Havoc","Pummel"],"picked":"True Grit","floor":10.0},{"not_picked":["Flex","Headbutt"],"picked":"Feel No Pain","floor":11.0},{"not_picked":["Thunderclap","Havoc"],"picked":"Feel No Pain","floor":12.0},{"not_picked":["Anger","Metallicize"],"picked":"Wild Strike","floor":14},{"not_picked":["Juggernaut","Berserk"],"picked":"Barricade","floor":16},{"not_picked":["Evolve","Combust"],"picked":"Spot Weakness+1","floor":18}],"player_experience":3315536,"relics_obtained":[{"floor":6.0,"key":"Boot"},{"floor":8.0,"key":"Odd Mushroom"},{"floor":9.0,"key":"Bronze Scales"},{"floor":10.0,"key":"Tiny Chest"}],"event_choices":[{"damage_healed":0.0,"max_hp_gain":0.0,"max_hp_loss":0.0,"gold_gain":0.0,"event_name":"Shining Light","player_choice":"Entered Light","floor":2.0,"gold_loss":0.0,"damage_taken":20.0,"cards_upgraded":["Strike_R","Defend_R"]},{"damage_healed":0.0,"max_hp_gain":0.0,"max_hp_loss":0.0,"gold_gain":0.0,"event_name":"Mushrooms","player_choice":"Fought Mushrooms","floor":8.0,"gold_loss":0.0,"damage_taken":0.0},{"cards_removed":["Strike_R"],"damage_healed":0,"gold_gain":0,"player_choice":"Gave Gold","damage_taken":0,"max_hp_gain":0,"max_hp_loss":0,"event_name":"Beggar","floor":19,"gold_loss":75},{"damage_healed":0,"gold_gain":0,"player_choice":"Became a vampire","damage_taken":0,"max_hp_gain":0,"max_hp_loss":21,"event_name":"Vampires","floor":20,"gold_loss":0,"cards_obtained":["Bite","Bite","Bite","Bite","Bite"]},{"damage_healed":0,"gold_gain":0,"player_choice":"Fought Bandits","damage_taken":0,"max_hp_gain":0,"max_hp_loss":0,"event_name":"Masked Bandits","floor":22,"gold_loss":0}],"is_beta":true,"boss_relics":[{"not_picked":["Empty Cage","SacredBark"],"picked":"Runic Pyramid"}],"items_purged_floors":[13],"is_endless":false,"potions_floor_spawned":[3,8,11,12,16,18],"killed_by":"Masked Bandits","ascension_level":19}}