{"host":"gqcohn9v5baj3dmw","time":1611777079,"event":{"mods":["BaseMod","Better Note","Better Sensory Stone","Better Skull","Colored Map","Downfall","Marked Mod","Minty Spire (QoL Compilation)","Rare Cards Sparkle","Relic Stats","StSLib"],"gold_per_floor":[0,12,12,23,42,42,42,42,54,67,80,112,22,38,52,152,152,152,166,182,200,37,37,37,16,50,50,0,0,15,32,32,32,32],"floor_reached":32,"language":"ENG","playtime":1840,"items_purged":["sneckomod:Strike"],"score":258,"play_id":"e48d6729-b92b-4e08-b2a4-6578c46add30","local_time":"20210127205119","is_ascension_mode":false,"campfire_choices":[{"data":"sneckomod:SnekBite","floor":6.0,"key":"SMITH"},{"data":"sneckomod:UnknownRareAttack","floor":18,"key":"SMITH"},{"data":"sneckomod:WideSting","floor":29,"key":"SMITH"}],"circlet_count":0,"master_deck":["sneckomod:Strike+1","sneckomod:Strike","sneckomod:Defend+1","sneckomod:Defend","sneckomod:Defend","sneckomod:TailWhip+1","sneckomod:SnekBite+1","sneckomod:Unknown+1","LessonLearned","sneckomod:QuickBite+1","sneckomod:DiceBoulder+1","Uppercut+1","sneckomod:SerpentIdol+1","sneckomod:IronFang+1","sneckomod:DefensiveFlair+1","sneckomod:UnknownRareAttack+1","sneckomod:QuickMove+1","sneckomod:UnknownRareAttack+1","Flash of Steel","sneckomod:UnknownWeak+1","sneckomod:WideSting+1","sneckomod:UnknownDraw+1"],"relics":["sneckomod:SneckoSoul","Ice Cream","Question Card","SlaversCollar","DollysMirror","Sundial","Kunai","Ornamental Fan"],"acts_visited":["Exordium","TheCity"],"potions_floor_usage":[16,21],"damage_taken":[{"damage":1.0,"enemies":"Cultist","floor":2.0,"turns":4.0},{"damage":6.0,"enemies":"Jaw Worm","floor":4.0,"turns":2.0},{"damage":0.0,"enemies":"2 Louse","floor":5.0,"turns":3.0},{"damage":0.0,"enemies":"Large Slime","floor":9.0,"turns":2.0},{"damage":10.0,"enemies":"2 Fungi Beasts","floor":10.0,"turns":4.0},{"damage":14.0,"enemies":"3 Louse","floor":11.0,"turns":3.0},{"damage":0.0,"enemies":"Large Slime","floor":12.0,"turns":4.0},{"damage":0.0,"enemies":"downfall:FleeingMerchant","floor":13.0,"turns":4.0},{"damage":2.0,"enemies":"3 Louse","floor":14.0,"turns":4.0},{"damage":6.0,"enemies":"Exordium Wildlife","floor":15.0,"turns":2.0},{"damage":29,"enemies":"WA_ARCHETYPE_RETAIN","floor":16,"turns":7},{"damage":13,"enemies":"3 Byrds","floor":19,"turns":8},{"damage":5,"enemies":"Spheric Guardian","floor":20,"turns":3},{"damage":5,"enemies":"Snecko","floor":21,"turns":4},{"damage":0,"enemies":"downfall:FleeingMerchant","floor":22,"turns":4},{"damage":2,"enemies":"downfall:FleeingMerchant","floor":25,"turns":4},{"damage":18,"enemies":"Gremlin Leader","floor":26,"turns":5},{"damage":16,"enemies":"3 Cultists","floor":30,"turns":4},{"damage":29,"enemies":"Sentry and Sphere","floor":31,"turns":6},{"damage":9,"enemies":"Snecko","floor":32,"turns":4}],"seed_played":"-4512836126419030403","potions_obtained":[{"floor":2.0,"key":"ColorlessPotion"},{"floor":10.0,"key":"LiquidMemories"},{"floor":12.0,"key":"SneckoOil"},{"floor":14.0,"key":"Ancient Potion"},{"floor":16,"key":"sneckomod:CheatPotion"},{"floor":21,"key":"SpeedPotion"},{"floor":30,"key":"Dexterity Potion"}],"is_trial":false,"path_per_floor":["R","M","?","M","M","R","T","R","M","M","M","M","$","M","M","B",null,"R","M","M","M","$","?","T","$","E","?","$","R","M","M","M"],"character_chosen":"THE_SNECKO","items_purchased":["DollysMirror","Kunai","Flash of Steel","sneckomod:WideSting"],"campfire_rested":0,"item_purchase_floors":[22,25,25,28],"current_hp_per_floor":[90,89,94,88,88,88,88,88,88,78,64,64,64,62,56,27,95,95,82,77,72,72,72,72,70,52,52,52,52,36,7,0,0,0],"gold":32,"neow_bonus":"ONE_RARE_RELIC","is_daily":false,"chose_seed":false,"campfire_upgraded":3,"win_rate":0.0,"timestamp":1611777079,"path_taken":["R","M","?","M","M","R","T","R","M","M","M","?","$","M","M","BOSS","R","M","M","M","$","?","T","$","E","?","$","R","M","M","M"],"items_purchased_type":["Relic","Relic","Card","Card"],"build_version":"2020-12-22","purchased_purges":1,"victory":false,"max_hp_per_floor":[90,90,95,95,95,95,95,95,95,95,95,95,95,95,95,95,95,95,95,95,95,95,95,95,95,95,95,95,95,95,95,95,95,95],"relic_stats":{"counters":[20,81],"Sundial":[2],"Ornamental Fan":[20],"Kunai":[9],"Question Card":18,"obtain_stats":[{"Ice Cream":0,"SlaversCollar":17,"DollysMirror":22,"Sundial":24,"Ornamental Fan":26,"Kunai":25,"sneckomod:SneckoSoul":0,"Question Card":7},{"Ice Cream":0,"SlaversCollar":11,"DollysMirror":15,"Sundial":15,"Ornamental Fan":17,"Kunai":16,"sneckomod:SneckoSoul":0,"Question Card":3},{"Ice Cream":0,"SlaversCollar":39,"DollysMirror":58,"Sundial":58,"Ornamental Fan":67,"Kunai":62,"sneckomod:SneckoSoul":0,"Question Card":9}]},"card_choices":[{"not_picked":["sneckomod:UnknownBlock","sneckomod:DiceBlock"],"picked":"sneckomod:QuickBite","floor":2.0},{"not_picked":["sneckomod:UnendingSupply","sneckomod:QuickMove"],"picked":"sneckomod:UnknownWeak","floor":4.0},{"not_picked":["sneckomod:DefensiveFlair","sneckomod:SoulRoll"],"picked":"sneckomod:DiceBoulder","floor":5.0},{"not_picked":["sneckomod:QuickBite","sneckomod:SnakeSap","sneckomod:CheapStock","sneckomod:WideSting"],"picked":"SKIP","floor":9.0},{"not_picked":["sneckomod:DiceBlock","sneckomod:WideSting","sneckomod:UnknownVulnerable","sneckomod:SnakeSap"],"picked":"SKIP","floor":10.0},{"not_picked":["sneckomod:Mudshield","sneckomod:UnknownExhaust","sneckomod:SoulDraw"],"picked":"sneckomod:SerpentIdol","floor":11.0},{"not_picked":["sneckomod:SnekBeam","sneckomod:UnknownDraw","sneckomod:UnendingSupply"],"picked":"sneckomod:IronFang","floor":12.0},{"not_picked":["sneckomod:UnknownClassPURPLE","sneckomod:MasterEye","sneckomod:WideSting","sneckomod:UnknownClassTHE_CHAMP_GRAY"],"picked":"SKIP","floor":13.0},{"not_picked":["sneckomod:Unknown0Cost","sneckomod:SerpentMind","sneckomod:SnekBeam","sneckomod:SoulCleanse"],"picked":"SKIP","floor":14.0},{"not_picked":["sneckomod:SoulRoll","sneckomod:DiceBlock","sneckomod:IronFang"],"picked":"sneckomod:DefensiveFlair","floor":15},{"not_picked":["sneckomod:UnlimitedRolls","sneckomod:Unknown3Cost","sneckomod:UnknownRareSkill"],"picked":"sneckomod:UnknownRareAttack","floor":16},{"not_picked":["sneckomod:SlitherStrike","sneckomod:Nope","sneckomod:DiceCrush","sneckomod:IronFang"],"picked":"SKIP","floor":19},{"not_picked":["sneckomod:SerpentIdol","sneckomod:SlitherStrike+1","sneckomod:UnknownCommonSkill","sneckomod:Unknown1Cost"],"picked":"SKIP","floor":20},{"not_picked":["sneckomod:UnknownCommonSkill","sneckomod:Unknown1Cost+1","sneckomod:DiceCrush","sneckomod:SoulDraw"],"picked":"SKIP","floor":21},{"not_picked":["sneckomod:Unknown1Cost","sneckomod:SnekBeam","sneckomod:UnknownUncommonSkill"],"picked":"sneckomod:QuickMove","floor":22},{"not_picked":["sneckomod:IronFang+1","sneckomod:QuickMove","sneckomod:Unknown0Cost","sneckomod:WideSting"],"picked":"SKIP","floor":25},{"not_picked":["sneckomod:SerpentMind","sneckomod:MasterEye","sneckomod:Unknown2Cost"],"picked":"sneckomod:UnknownWeak+1","floor":26},{"not_picked":["sneckomod:UnknownWeak+1","sneckomod:Unknown1Cost","sneckomod:UnknownBlock"],"picked":"sneckomod:UnknownDraw+1","floor":30},{"not_picked":["sneckomod:UnknownCommonSkill+1","sneckomod:SnakeSap","sneckomod:UnknownBlock","sneckomod:DiceBlock"],"picked":"SKIP","floor":31}],"player_experience":537594,"relics_obtained":[{"floor":7.0,"key":"Question Card"},{"floor":24,"key":"Sundial"},{"floor":26,"key":"Ornamental Fan"}],"event_choices":[{"damage_healed":0.0,"max_hp_gain":5.0,"max_hp_loss":0.0,"gold_gain":0.0,"event_name":"Big Fish","player_choice":"Donut","floor":3.0,"gold_loss":0.0,"damage_taken":0.0}],"is_beta":false,"boss_relics":[{"not_picked":["bronze:MakeshiftBattery","Snecko Eye"],"picked":"SlaversCollar"}],"items_purged_floors":[13],"is_endless":false,"potions_floor_spawned":[2,10,12,14,16,20,21,26,30,31],"killed_by":"Snecko","ascension_level":0}}