{"host":"rolltorest","time":1611788865,"event":{"mods":["BaseMod","Jorbs\u0027s Wanderer Trilogy","Koishi","Minty Spire (QoL Compilation)","Relic Stats","Robot Space Explorer","Slay the Relics Exporter","StSLib","The Servant 0.9.4"],"gold_per_floor":[111,111,111,127,143,143,143],"floor_reached":6,"language":"ENG","playtime":50,"items_purged":[],"score":72,"play_id":"d0dc83d9-db21-4bfa-9767-fc4a112b9feb","local_time":"20210127150745","is_ascension_mode":true,"campfire_choices":[],"circlet_count":0,"master_deck":["AscendersBane","Strike_S","Strike_S","Strike_S","Strike_S","Defend_S","Defend_S","Defend_S","Defend_S","KidneyShot","Exchange","ShatteredReality","Potential","ShatteredReality"],"relics":["Uniform","NeowsBlessing","Golden Idol"],"acts_visited":["Exordium"],"potions_floor_usage":[],"damage_taken":[{"damage":0,"enemies":"Small Slimes","floor":1,"turns":1},{"damage":0,"enemies":"Jaw Worm","floor":4,"turns":1},{"damage":0,"enemies":"Cultist","floor":5,"turns":1},{"damage":0,"enemies":"Gremlin Nob","floor":6,"turns":2}],"seed_played":"-964772998708942871","potions_obtained":[],"is_trial":false,"path_per_floor":["M","?","?","M","M","E"],"character_chosen":"THE_SERVANT","items_purchased":[],"campfire_rested":0,"item_purchase_floors":[],"current_hp_per_floor":[54,54,59,59,59,59,59],"gold":143,"neow_bonus":"THREE_ENEMY_KILL","is_daily":false,"chose_seed":false,"campfire_upgraded":0,"win_rate":0.0,"timestamp":1611788865,"path_taken":["M","?","?","?","?","E"],"items_purchased_type":[],"build_version":"2020-12-18","purchased_purges":0,"victory":false,"max_hp_per_floor":[60,54,59,59,59,59,59],"relic_stats":{"counters":[4,5],"Golden Idol":6,"obtain_stats":[{"NeowsBlessing":0,"Golden Idol":2,"Uniform":0},{"NeowsBlessing":0,"Golden Idol":1,"Uniform":0},{"NeowsBlessing":0,"Golden Idol":1,"Uniform":0}]},"card_choices":[{"not_picked":["Alleviate","Potential"],"picked":"ShatteredReality","floor":1},{"not_picked":["Ricochet","InstantArmor"],"picked":"Potential","floor":4},{"not_picked":["Ricochet","Contraction"],"picked":"ShatteredReality","floor":5}],"player_experience":2252839,"relics_obtained":[],"event_choices":[{"damage_healed":0,"gold_gain":0,"player_choice":"Lose Max HP","damage_taken":0,"relics_obtained":["Golden Idol"],"max_hp_gain":0,"max_hp_loss":6,"event_name":"Golden Idol","floor":2,"gold_loss":0},{"damage_healed":0,"gold_gain":0,"player_choice":"Donut","damage_taken":0,"max_hp_gain":5,"max_hp_loss":0,"event_name":"Big Fish","floor":3,"gold_loss":0}],"is_beta":true,"boss_relics":[],"items_purged_floors":[],"is_endless":false,"potions_floor_spawned":[],"killed_by":"Gremlin Nob","ascension_level":20}}