{"host":"nbyw9l72shd4wdzc","time":1611725658,"event":{"mods":["AchievementEnabler","Act Like it!","BaseMod","Better Note","BetterRewards","Dio Mod","Downfall","Gold Saver","Hermit","Minty Spire (QoL Compilation)","Rare Cards Sparkle","Robot Space Explorer","StSLib","The Alterego","The Cursed","TheHero"],"gold_per_floor":[1060,1079,1079,818,834,146,146,160,175,205,234,56,156,173,184,184,184,184],"floor_reached":16,"language":"ENG","playtime":5284,"items_purged":["Slimebound:Strike_Slimebound","Slimebound:Defend_Slimebound"],"score":102,"play_id":"93027dbc-de26-406f-a33d-fc0659bcd039","local_time":"20210126213418","is_ascension_mode":false,"campfire_choices":[{"data":"Slimebound:FirmFortitude","floor":1,"key":"SMITH"}],"circlet_count":0,"master_deck":["Slimebound:Strike_Slimebound","Slimebound:Tackle","Slimebound:Defend_Slimebound","Slimebound:Defend_Slimebound","Slimebound:Defend_Slimebound","Slimebound:Split","Slimebound:CorrosiveSpit","Slimebound:FirmFortitude+1","Slimebound:LeechEnergy","Slimebound:OneTwoCombo","Slimebound:SplitAcid","Slimebound:RejuvenatingLick","Finesse","Slimebound:SplitMire","Slimebound:MinionMaster","Slimebound:LevelUp","expansioncontent:DashGenerateEvil","expansioncontent:AwakenDeath","Slimebound:SlimeBrawl+1","Slimebound:SamplingLick+1","Slimebound:OneTwoCombo","Slimebound:SamplingLick+1","expansioncontent:InvincibleStrength","Slimebound:AcidTongue","Slimebound:LeadByExample","Slimebound:Gluttony"],"relics":["Slimebound:AbsorbEndCombat","Mummified Hand","Toxic Egg 2","Blue Candle","Happy Flower"],"acts_visited":["Exordium"],"potions_floor_usage":[16,16,16],"damage_taken":[{"damage":4,"enemies":"Small Slimes","floor":2,"turns":4},{"damage":0,"enemies":"downfall:FleeingMerchant","floor":4,"turns":4},{"damage":1,"enemies":"Cultist","floor":5,"turns":3},{"damage":14,"enemies":"downfall:FleeingMerchant","floor":6,"turns":4},{"damage":9,"enemies":"Jaw Worm","floor":8,"turns":2},{"damage":20,"enemies":"Exordium Thugs","floor":9,"turns":3},{"damage":11,"enemies":"Gremlin Nob","floor":11,"turns":4},{"damage":26,"enemies":"downfall:FleeingMerchant","floor":12,"turns":4},{"damage":7,"enemies":"Blue Slaver","floor":14,"turns":3},{"damage":8,"enemies":"Red Slaver","floor":15,"turns":2},{"damage":21,"enemies":"SI_SHIV_ARCHETYPE","floor":16,"turns":3}],"seed_played":"-706046168010849343","potions_obtained":[{"floor":5,"key":"Energy Potion"},{"floor":8,"key":"BlessingOfTheForge"},{"floor":11,"key":"Energy Potion"},{"floor":15,"key":"champ:CounterPotion"}],"is_trial":false,"path_per_floor":["R","M","?","$","M","$","T","M","M","?","E","$","?","M","M","B"],"character_chosen":"SLIMEBOUND","items_purchased":["Slimebound:RejuvenatingLick","Finesse","Slimebound:LevelUp","Mummified Hand","expansioncontent:DashGenerateEvil","expansioncontent:AwakenDeath","expansioncontent:InvincibleStrength","Slimebound:AcidTongue"],"campfire_rested":0,"item_purchase_floors":[4,4,6,6,6,6,12,12],"current_hp_per_floor":[65,64,64,65,64,56,56,51,37,37,34,16,16,17,15,0,0,0],"gold":184,"neow_bonus":"ONE_RANDOM_RARE_CARD","is_daily":false,"chose_seed":false,"campfire_upgraded":1,"win_rate":0.0,"timestamp":1611725658,"path_taken":["R","M","?","$","M","$","T","?","M","?","E","?","?","?","M","BOSS"],"items_purchased_type":["Card","Card","Card","Relic","Card","Card","Card","Card"],"build_version":"2020-12-22","purchased_purges":2,"victory":false,"max_hp_per_floor":[65,65,65,65,65,65,65,65,65,65,65,65,65,65,65,65,65,65],"card_choices":[{"not_picked":["Slimebound:SplitBruiser","Slimebound:SamplingLick"],"picked":"Slimebound:LeechEnergy","floor":2},{"not_picked":["Slimebound:RollThrough","Slimebound:Schlurp"],"picked":"Slimebound:SplitAcid","floor":4},{"not_picked":["Slimebound:SplitAcid","Slimebound:Schlurp"],"picked":"Slimebound:SplitMire","floor":5},{"not_picked":["Slimebound:SplitAcid","Slimebound:GoopSpray"],"picked":"Slimebound:MinionMaster","floor":6},{"not_picked":["Slimebound:GoopTackle","Slimebound:ForwardTackle"],"picked":"Slimebound:SlimeBrawl+1","floor":8},{"not_picked":["Slimebound:DisruptingSlam","Slimebound:Grow"],"picked":"Slimebound:SamplingLick+1","floor":9},{"not_picked":["Slimebound:FlameTackle","Slimebound:SplitLeeching+1"],"picked":"Slimebound:OneTwoCombo","floor":11},{"not_picked":["Slimebound:Prepare+1","Slimebound:RainOfGoop+1"],"picked":"Slimebound:SamplingLick+1","floor":12},{"not_picked":["Slimebound:LeechEnergy","Slimebound:Prepare+1"],"picked":"Slimebound:LeadByExample","floor":14},{"not_picked":["Slimebound:SamplingLick+1","Slimebound:HauntingLick+1"],"picked":"Slimebound:Gluttony","floor":15}],"player_experience":327300,"relics_obtained":[{"floor":7,"key":"Toxic Egg 2"},{"floor":11,"key":"Happy Flower"}],"event_choices":[],"is_beta":false,"boss_relics":[],"items_purged_floors":[4,6],"is_endless":false,"potions_floor_spawned":[5,8,11,15],"killed_by":"SI_SHIV_ARCHETYPE","ascension_level":0}}