{"host":"q3s8ewiy6v9taln3","time":1611706003,"event":{"mods":["BaseMod","Minty Spire (QoL Compilation)"],"gold_per_floor":[111,111,131,81,106,106,132,132,179,195,195,213,213,238,238,343,343,356,271,371,388,46,46,46],"floor_reached":23,"language":"ENG","playtime":1127,"items_purged":["Strike_R"],"score":246,"play_id":"857826cf-bf4b-410e-bc10-1e0aaf37c12e","local_time":"20210126190643","is_ascension_mode":true,"campfire_choices":[{"floor":6,"key":"DIG"},{"floor":13,"key":"DIG"},{"floor":15,"key":"DIG"}],"circlet_count":0,"master_deck":["Strike_R","Strike_R","Strike_R","Defend_R+1","Defend_R","Defend_R","Defend_R","Bash+1","Warcry+1","Pommel Strike","Cleave","Metallicize+1","Barricade+1","Seeing Red","Shrug It Off+1"],"relics":["Burning Blood","Shovel","Ancient Tea Set","Frozen Egg 2","War Paint","Meat on the Bone","Smiling Mask","Gremlin Horn","Mummified Hand","Orichalcum","Mark of Pain","Strawberry","Magic Flower"],"acts_visited":["Exordium","TheCity"],"potions_floor_usage":[16,23],"damage_taken":[{"damage":7,"enemies":"Small Slimes","floor":1,"turns":3},{"damage":1,"enemies":"Cultist","floor":3,"turns":4},{"damage":20,"enemies":"Gremlin Nob","floor":7,"turns":4},{"damage":6,"enemies":"Jaw Worm","floor":10,"turns":4},{"damage":13,"enemies":"Blue Slaver","floor":12,"turns":4},{"damage":27,"enemies":"3 Sentries","floor":14,"turns":6},{"damage":28,"enemies":"Slime Boss","floor":16,"turns":10},{"damage":27,"enemies":"Spheric Guardian","floor":18,"turns":7},{"damage":22,"enemies":"3 Byrds","floor":21,"turns":8},{"damage":54,"enemies":"Gremlin Leader","floor":23,"turns":14}],"seed_played":"-7986951560487051537","potions_obtained":[{"floor":3,"key":"BloodPotion"},{"floor":14,"key":"DuplicationPotion"}],"is_trial":false,"path_per_floor":["M","?","M","?","T","R","E","?","T","M","$","M","R","E","R","B",null,"M","?","?","M","$","E"],"character_chosen":"IRONCLAD","items_purchased":["Magic Flower"],"campfire_rested":0,"item_purchase_floors":[22],"current_hp_per_floor":[79,79,80,80,80,80,66,48,48,48,48,53,53,44,44,34,69,48,55,55,51,51,23,23],"gold":46,"neow_bonus":"UPGRADE_CARD","is_daily":false,"chose_seed":false,"campfire_upgraded":0,"win_rate":0.0,"timestamp":1611706003,"path_taken":["M","?","?","?","?","R","E","?","T","M","?","M","R","E","R","BOSS","M","?","?","?","$","E"],"items_purchased_type":["Relic"],"build_version":"2020-12-22","purchased_purges":1,"victory":false,"max_hp_per_floor":[80,80,80,80,80,80,80,80,80,80,80,80,80,80,80,80,80,80,87,87,87,87,87,87],"card_choices":[{"not_picked":["Anger","Dark Embrace"],"picked":"Body Slam","floor":1},{"not_picked":["Clash","Carnage"],"picked":"Warcry","floor":3},{"not_picked":["Carnage","Headbutt"],"picked":"Pommel Strike","floor":7},{"not_picked":["Rupture+1","Havoc","Cleave"],"picked":"SKIP","floor":10},{"not_picked":["Twin Strike","Reckless Charge"],"picked":"Cleave","floor":12},{"not_picked":["Cleave","Warcry"],"picked":"Metallicize+1","floor":14},{"not_picked":["Feed","Juggernaut+1"],"picked":"Barricade+1","floor":16},{"not_picked":["Iron Wave","Heavy Blade"],"picked":"Seeing Red","floor":18},{"not_picked":["Warcry","Headbutt+1"],"picked":"Shrug It Off+1","floor":21}],"player_experience":138913,"relics_obtained":[{"floor":5,"key":"Ancient Tea Set"},{"floor":6,"key":"Frozen Egg 2"},{"floor":7,"key":"War Paint"},{"floor":9,"key":"Smiling Mask"},{"floor":13,"key":"Gremlin Horn"},{"floor":14,"key":"Mummified Hand"},{"floor":15,"key":"Orichalcum"}],"event_choices":[{"cards_removed":["Body Slam"],"damage_healed":0,"gold_gain":0,"player_choice":"Gave Card","damage_taken":0,"relics_obtained":["Shovel"],"max_hp_gain":0,"max_hp_loss":0,"event_name":"WeMeetAgain","floor":2,"gold_loss":0},{"cards_removed":["Strike_R"],"damage_healed":0,"gold_gain":0,"player_choice":"Card Removal","damage_taken":0,"max_hp_gain":0,"max_hp_loss":0,"event_name":"The Cleric","floor":4,"gold_loss":50},{"damage_healed":0,"gold_gain":0,"player_choice":"Success","damage_taken":18,"relics_obtained":["Meat on the Bone"],"max_hp_gain":0,"max_hp_loss":0,"event_name":"Scrap Ooze","floor":8,"gold_loss":0},{"damage_healed":0,"gold_gain":0,"player_choice":"Obtained Relic","damage_taken":0,"relics_obtained":["Strawberry"],"max_hp_gain":0,"max_hp_loss":0,"event_name":"Addict","floor":19,"gold_loss":85},{"damage_healed":0,"gold_gain":100,"player_choice":"Pray","damage_taken":0,"max_hp_gain":0,"max_hp_loss":0,"event_name":"Golden Shrine","floor":20,"gold_loss":0}],"is_beta":false,"boss_relics":[{"not_picked":["Philosopher\u0027s Stone","Busted Crown"],"picked":"Mark of Pain"}],"items_purged_floors":[22],"is_endless":false,"potions_floor_spawned":[3,14],"killed_by":"Gremlin Leader","ascension_level":5}}