{"host":"vpcwwncyo54nsck6","time":1611790108,"event":{"mods":["BaseMod","Downfall","Minty Spire (QoL Compilation)","StSLib"],"gold_per_floor":[99,112,128,138,153,185,238,138,138,153,177,205,44,69,82,181,181,81,96,96,115,100,307,307,319,348,364,264,291,166,166,179,274,274,274,286,336,336,336,347,347,395,423,423,452,452,468,142,155,155,155,183,85,85,85,85],"floor_reached":57,"language":"ENG","playtime":11162,"items_purged":["champ:Strike","champ:Strike","champ:Strike","champ:Defend"],"score":1345,"play_id":"265cd20e-b806-4c97-9495-5a3d24b9313c","local_time":"20210127152828","is_ascension_mode":true,"campfire_choices":[{"data":"champ:Strike","floor":1.0,"key":"SMITH"},{"floor":8.0,"key":"RECALL"},{"data":"champ:FanOfKnives","floor":18.0,"key":"SMITH"},{"data":"champ:SteelEdge","floor":28.0,"key":"SMITH"},{"data":"champ:StanceDance","floor":35.0,"key":"SMITH"},{"data":"expansioncontent:StudyTheSpire","floor":46.0,"key":"SMITH"},{"data":"expansioncontent:AwakenDeath","floor":54,"key":"SMITH"}],"circlet_count":0,"master_deck":["champ:Strike+1","champ:Defend","champ:Defend","champ:Defend","champ:Execute","champ:Taunt","champ:RisingSlash","champ:FanOfKnives+1","champ:DefensiveShout","champ:RisingSlash","champ:StanceDance+1","champ:FancyFootwork","champ:MurderStrike","champ:FocusedBerserking","champ:FocusedDefense","champ:SteelEdge+1","champ:BerserkersShout+1","champ:Haymaker+1","champ:ArenaPreparation","champ:SwordSigil","champ:EnchantCrown","champ:AdrenalArmor+1","expansioncontent:StudyTheSpire+1","expansioncontent:AwakenDeath+1","expansioncontent:YouAreMine","champ:ShieldSigil+1","champ:DeathBlow+1","Blind","Panache"],"relics":["Runic Pyramid","Eternal Feather","Potion Belt","downfall:HeartBlessingGreen","champ:LiftRelic","Odd Mushroom","Boot","Lee\u0027s Waffle","Oddly Smooth Stone","Busted Crown","downfall:HeartBlessingRed","InkBottle","downfall:HeartBlessingBlue","Smiling Mask","champ:BerserkersGuideToSlaughter","Cursed Key","Unceasing Top","Bird Faced Urn","champ:DefensiveTrainingManual","Mercury Hourglass","champ:GladiatorsBookOfMartialProwess"],"acts_visited":["Exordium","TheCity","TheBeyond","TheEnding"],"potions_floor_usage":[50,50,55,55,56,56,56],"damage_taken":[{"damage":16.0,"enemies":"Jaw Worm","floor":2.0,"turns":5.0},{"damage":26.0,"enemies":"2 Louse","floor":3.0,"turns":2.0},{"damage":10.0,"enemies":"Cultist","floor":4.0,"turns":3.0},{"damage":14.0,"enemies":"Red Slaver","floor":5.0,"turns":3.0},{"damage":27.0,"enemies":"Gremlin Nob","floor":6.0,"turns":4.0},{"damage":10.0,"enemies":"Blue Slaver","floor":10.0,"turns":4.0},{"damage":26.0,"enemies":"The Mushroom Lair","floor":11.0,"turns":4.0},{"damage":21.0,"enemies":"3 Sentries","floor":12.0,"turns":4.0},{"damage":15.0,"enemies":"downfall:FleeingMerchant","floor":13.0,"turns":4.0},{"damage":28.0,"enemies":"Lagavulin","floor":14.0,"turns":6.0},{"damage":10.0,"enemies":"2 Fungi Beasts","floor":15.0,"turns":2.0},{"damage":82.0,"enemies":"DF_ARCHETYPE_STREAMLINE","floor":16.0,"turns":8.0},{"damage":30.0,"enemies":"Chosen","floor":19.0,"turns":2.0},{"damage":27.0,"enemies":"Snake Plant","floor":21.0,"turns":4.0},{"damage":50.0,"enemies":"downfall:FleeingMerchant","floor":22.0,"turns":4.0},{"damage":43.0,"enemies":"downfall:FleeingMerchant","floor":23.0,"turns":4.0},{"damage":20.0,"enemies":"3 Cultists","floor":25.0,"turns":4.0},{"damage":50.0,"enemies":"Gremlin Leader","floor":26.0,"turns":5.0},{"damage":40.0,"enemies":"Sentry and Sphere","floor":27.0,"turns":4.0},{"damage":29.0,"enemies":"Slavers","floor":29.0,"turns":4.0},{"damage":41.0,"enemies":"Snecko","floor":32.0,"turns":3.0},{"damage":47.0,"enemies":"WA_ARCHETYPE_CALM","floor":33.0,"turns":5.0},{"damage":18.0,"enemies":"Orb Walker","floor":36.0,"turns":2.0},{"damage":15.0,"enemies":"Orb Walker","floor":37.0,"turns":3.0},{"damage":10.0,"enemies":"3 Shapes","floor":40.0,"turns":5.0},{"damage":36.0,"enemies":"2 Orb Walkers","floor":42.0,"turns":4.0},{"damage":91.0,"enemies":"Giant Head","floor":43.0,"turns":6.0},{"damage":40.0,"enemies":"Nemesis","floor":45.0,"turns":5.0},{"damage":60.0,"enemies":"Maw","floor":47.0,"turns":5.0},{"damage":68,"enemies":"Writhing Mass","floor":49,"turns":6},{"damage":165,"enemies":"IC_BLOCK_ARCHETYPE","floor":50,"turns":6},{"damage":194,"enemies":"downfall:CharBossMerchant","floor":52,"turns":7},{"damage":212,"enemies":"downfall:NeowBoss","floor":55,"turns":12},{"damage":270,"enemies":"downfall:NeowBossFinal","floor":56,"turns":12}],"seed_played":"8421791623838454083","potions_obtained":[{"floor":2.0,"key":"Swift Potion"},{"floor":4.0,"key":"LiquidBronze"},{"floor":5.0,"key":"LiquidBronze"},{"floor":14.0,"key":"SteroidPotion"},{"floor":16.0,"key":"champ:CounterPotion"},{"floor":19.0,"key":"SkillPotion"},{"floor":21.0,"key":"SteroidPotion"},{"floor":26.0,"key":"Fire Potion"},{"floor":33.0,"key":"EssenceOfSteel"},{"floor":36.0,"key":"PowerPotion"},{"floor":37.0,"key":"FairyPotion"},{"floor":47.0,"key":"SkillPotion"},{"floor":52,"key":"sneckomod:MuddlingPotion"}],"is_trial":false,"path_per_floor":["R","M","M","M","M","E","T","R","?","M","?","E","$","E","M","B",null,"R","M","?","M","$","$","T","M","E","M","R","E","$","?","M","B",null,"R","M","?","?","?","M","T","?","E","?","E","R","M","$","M","B",null,"E","$","R","B","B",null],"character_chosen":"THE_CHAMP","items_purchased":["Lee\u0027s Waffle","BlessingOfTheForge","champ:ArenaPreparation","Blind","Panache","BlessingOfTheForge"],"campfire_rested":0,"item_purchase_floors":[13,23,30,48,48,53],"current_hp_per_floor":[90,89,83,83,79,57,57,63,63,63,57,51,97,84,79,52,97,97,97,97,90,85,72,72,67,67,57,79,60,60,60,69,77,107,107,107,107,107,97,107,107,96,107,107,107,107,107,107,107,100,107,76,76,91,107,19],"gold":85,"neow_bonus":"BOSS_RELIC","is_daily":false,"chose_seed":false,"campfire_upgraded":6,"win_rate":0.0,"timestamp":1611790108,"path_taken":["R","M","M","M","M","E","T","R","?","M","?","E","$","E","M","BOSS","R","M","?","?","?","$","T","M","E","M","R","E","$","?","M","BOSS","R","M","?","?","?","M","T","?","E","?","E","R","M","$","M","BOSS","E","$","R","BOSS","BOSS"],"items_purchased_type":["Relic","Potion","Card","Card","Card","Potion"],"build_version":"2020-12-22","purchased_purges":4,"victory":true,"max_hp_per_floor":[90,90,90,90,90,90,90,90,90,90,90,90,97,97,97,97,97,97,97,97,97,97,97,97,97,97,97,107,107,107,107,107,107,107,107,107,107,107,107,107,107,107,107,107,107,107,107,107,107,107,107,107,107,107,107,107],"card_choices":[{"not_picked":["champ:ShieldSigil","champ:PerfectedStrike"],"picked":"champ:RisingSlash","floor":2.0},{"not_picked":["champ:EndlessRage","champ:GutPunch"],"picked":"champ:FanOfKnives","floor":3.0},{"not_picked":["champ:FlashCut","champ:DeathBlow"],"picked":"champ:DefensiveShout","floor":4.0},{"not_picked":["champ:ViciousMockery","champ:RecklessLeap","champ:DefensiveShout"],"picked":"SKIP","floor":5.0},{"not_picked":["champ:CrownThrow","champ:Shatter"],"picked":"champ:RisingSlash","floor":6.0},{"not_picked":["champ:EnGarde","champ:EnragedBash"],"picked":"champ:StanceDance","floor":10.0},{"not_picked":["champ:PerfectedStrike","champ:Shatter"],"picked":"champ:FancyFootwork","floor":11.0},{"not_picked":["champ:DefensiveStyle","champ:DefensiveShout"],"picked":"champ:MurderStrike","floor":12.0},{"not_picked":["champ:EnGarde","champ:Haymaker","champ:DeathBlow"],"picked":"SKIP","floor":13.0},{"not_picked":["champ:HeartStrike","champ:EndlessRage"],"picked":"champ:FocusedBerserking","floor":14.0},{"not_picked":["champ:ShieldWall","champ:PreemptiveStrike"],"picked":"champ:FocusedDefense","floor":15.0},{"not_picked":["champ:CheapShot","champ:EnchantCrown"],"picked":"champ:SteelEdge","floor":16.0},{"not_picked":[],"picked":"champ:BerserkersShout+1","floor":19.0},{"not_picked":["champ:GutPunch"],"picked":"SKIP","floor":21.0},{"not_picked":["champ:DefensiveShout"],"picked":"SKIP","floor":22.0},{"not_picked":[],"picked":"champ:MurderStrike","floor":23.0},{"not_picked":["champ:BringItOn"],"picked":"SKIP","floor":25.0},{"not_picked":[],"picked":"champ:Haymaker+1","floor":26.0},{"not_picked":["champ:PerfectedStrike"],"picked":"SKIP","floor":27.0},{"not_picked":["champ:Shatter+1"],"picked":"SKIP","floor":29.0},{"not_picked":[],"picked":"champ:SwordSigil","floor":32.0},{"not_picked":[],"picked":"champ:EnchantCrown","floor":33.0},{"not_picked":["champ:BringItOn+1"],"picked":"SKIP","floor":36.0},{"not_picked":[],"picked":"champ:AdrenalArmor+1","floor":37.0},{"not_picked":["expansioncontent:DecaShield","expansioncontent:AwakenDeath"],"picked":"expansioncontent:StudyTheSpire","floor":39.0},{"not_picked":["expansioncontent:YouAreMine","expansioncontent:GuardianWhirl"],"picked":"expansioncontent:AwakenDeath","floor":39.0},{"not_picked":["expansioncontent:DecaShield","expansioncontent:Hexaburn"],"picked":"expansioncontent:YouAreMine","floor":39.0},{"not_picked":["champ:Shatter"],"picked":"SKIP","floor":40.0},{"not_picked":[],"picked":"champ:ShieldSigil+1","floor":42.0},{"not_picked":["champ:HeavySlash"],"picked":"SKIP","floor":43.0},{"not_picked":[],"picked":"champ:DeathBlow+1","floor":45.0},{"not_picked":["champ:RapidStrikes"],"picked":"SKIP","floor":47.0},{"not_picked":["champ:DefensiveShout"],"picked":"SKIP","floor":49},{"not_picked":["champ:Parry"],"picked":"SKIP","floor":52}],"player_experience":2510629,"relics_obtained":[{"floor":6.0,"key":"Eternal Feather"},{"floor":7.0,"key":"Potion Belt"},{"floor":11.0,"key":"Odd Mushroom"},{"floor":12.0,"key":"Boot"},{"floor":14.0,"key":"Oddly Smooth Stone"},{"floor":26.0,"key":"InkBottle"},{"floor":29.0,"key":"Smiling Mask"},{"floor":37.0,"key":"Unceasing Top"},{"floor":42.0,"key":"Bird Faced Urn"},{"floor":43.0,"key":"champ:DefensiveTrainingManual"},{"floor":45.0,"key":"Mercury Hourglass"},{"floor":52,"key":"champ:GladiatorsBookOfMartialProwess"}],"event_choices":[{"damage_healed":0.0,"max_hp_gain":0.0,"max_hp_loss":0.0,"gold_gain":0.0,"event_name":"Mushrooms","player_choice":"Fought Mushrooms","floor":11.0,"gold_loss":0.0,"damage_taken":0.0},{"cards_removed":["champ:MurderStrike"],"damage_healed":0.0,"max_hp_gain":0.0,"max_hp_loss":0.0,"gold_gain":0.0,"event_name":"Falling","player_choice":"Removed Attack","floor":38.0,"gold_loss":0.0,"damage_taken":0.0},{"damage_healed":0.0,"max_hp_gain":0.0,"max_hp_loss":0.0,"gold_gain":0.0,"event_name":"Mysterious Sphere","player_choice":"Fight","floor":42.0,"gold_loss":0.0,"damage_taken":0.0}],"is_beta":false,"boss_relics":[{"not_picked":["Black Star","Calling Bell"],"picked":"Busted Crown"},{"not_picked":["bronze:MakeshiftBattery","Philosopher\u0027s Stone"],"picked":"Cursed Key"}],"items_purged_floors":[23,30,48,53],"is_endless":false,"potions_floor_spawned":[2,4,5,14,16,19,21,26,27,33,36,37,43,47,52],"ascension_level":1}}