{"host":"v4tuy5ykrbdcm9o9","time":1611723117,"event":{"mods":["BaseMod","Duelist Mod","Minty Spire (QoL Compilation)","Replay The Spire","StSLib"],"gold_per_floor":[113,132,132,207,223,248,248,276,301,10,10,22,66,87,87,201,201,226,226,246,271,298,298,298],"floor_reached":23,"language":"ENG","playtime":2381,"items_purged":[],"score":309,"play_id":"ab22cb7a-0165-4560-a513-f1f6707c110d","local_time":"20210126235157","is_ascension_mode":true,"campfire_choices":[{"floor":7,"key":"RECALL"},{"floor":11,"key":"REST"},{"floor":15,"key":"REST"}],"circlet_count":0,"master_deck":["Strike_P","Strike_P","Strike_P","Strike_P","Defend_P","Defend_P","Defend_P","Defend_P","Eruption","Vigilance","WindmillStrike+1","Replay:BluntJabs","Wallop","Weave+1","Conclude","FollowUp","Vault","Halt","Replay:LoomingThreat","EmptyBody","WreathOfFlame+1","DeceiveReality","Consecrate"],"relics":["PureWater","Gremlin Food","Ancient Tea Set","Bronze Scales","Happy Flower","ClockworkSouvenir","CeramicFish","Black Star","Enchiridion"],"acts_visited":["Exordium","TheCity"],"potions_floor_usage":[6,6,13,22,23],"damage_taken":[{"damage":0,"enemies":"Jaw Worm","floor":1,"turns":3},{"damage":0,"enemies":"2 Louse","floor":2,"turns":2},{"damage":0,"enemies":"Cultist","floor":5,"turns":2},{"damage":2,"enemies":"3 Sentries","floor":6,"turns":5},{"damage":52,"enemies":"Lagavulin","floor":8,"turns":6},{"damage":11,"enemies":"Blue Slaver","floor":12,"turns":3},{"damage":0,"enemies":"Gremlin Nob","floor":13,"turns":2},{"damage":0,"enemies":"Exordium Wildlife","floor":14,"turns":2},{"damage":50,"enemies":"The Guardian","floor":16,"turns":8},{"damage":0,"enemies":"Chosen","floor":18,"turns":5},{"damage":17,"enemies":"2 Thieves","floor":20,"turns":2},{"damage":0,"enemies":"Sentry and Sphere","floor":21,"turns":3},{"damage":29,"enemies":"Shelled Parasite and Fungi","floor":22,"turns":6},{"damage":6,"enemies":"Slavers","floor":23,"turns":3}],"seed_played":"6181536019773120590","potions_obtained":[{"floor":2,"key":"AttackPotion"},{"floor":5,"key":"Swift Potion"},{"floor":8,"key":"Energy Potion"},{"floor":12,"key":"GamblersBrew"},{"floor":22,"key":"SkillPotion"}],"is_trial":false,"path_per_floor":["M","M","?","?","M","E","R","E","T","$","R","M","E","M","R","B",null,"M","?","M","M","M","E"],"character_chosen":"WATCHER","items_purchased":["Happy Flower","ClockworkSouvenir"],"campfire_rested":2,"item_purchase_floors":[10,10],"current_hp_per_floor":[72,72,77,69,69,67,67,15,15,15,40,29,29,29,54,4,64,64,48,31,31,2,0,0],"gold":298,"neow_bonus":"TEN_PERCENT_HP_BONUS","is_daily":false,"chose_seed":false,"campfire_upgraded":0,"win_rate":0.0,"timestamp":1611723117,"path_taken":["M","M","?","?","?","E","R","E","T","$","R","M","E","M","R","BOSS","M","?","M","M","M","E"],"items_purchased_type":["Relic","Relic"],"build_version":"2020-12-22","purchased_purges":0,"victory":false,"max_hp_per_floor":[79,79,84,84,84,84,84,84,84,84,84,84,84,84,84,84,84,84,84,84,84,84,84,84],"card_choices":[{"not_picked":["SashWhip","CutThroughFate"],"picked":"WindmillStrike","floor":1},{"not_picked":["Pray","InnerPeace"],"picked":"Replay:BluntJabs","floor":2},{"not_picked":["DeceiveReality","Replay:Vibes"],"picked":"Wallop","floor":5},{"not_picked":["EmptyBody","WindmillStrike"],"picked":"Weave","floor":6},{"not_picked":["CrushJoints","ForeignInfluence"],"picked":"Conclude","floor":8},{"not_picked":["EmptyBody","SashWhip"],"picked":"FollowUp","floor":12},{"not_picked":["FlyingSleeves","Replay:ManipulateFuture"],"picked":"Vault","floor":13},{"not_picked":["Protect","Wallop"],"picked":"Halt","floor":14},{"not_picked":["Devotion","Ragnarok"],"picked":"Replay:LoomingThreat","floor":16},{"not_picked":["ClearTheMind+1","Replay:ManipulateFuture"],"picked":"EmptyBody","floor":18},{"not_picked":["Replay:Anticipation","ClearTheMind"],"picked":"WreathOfFlame+1","floor":20},{"not_picked":["Replay:AtTheReady","Evaluate"],"picked":"DeceiveReality","floor":21},{"not_picked":["EmptyMind","Evaluate"],"picked":"Consecrate","floor":22}],"player_experience":680845,"relics_obtained":[{"floor":6,"key":"Gremlin Food"},{"floor":8,"key":"Ancient Tea Set"},{"floor":9,"key":"Bronze Scales"},{"floor":13,"key":"CeramicFish"},{"floor":19,"key":"Enchiridion"}],"event_choices":[{"damage_healed":0,"gold_gain":0,"player_choice":"Donut","damage_taken":0,"max_hp_gain":5,"max_hp_loss":0,"event_name":"Big Fish","floor":3,"gold_loss":0},{"damage_healed":0,"gold_gain":75,"player_choice":"Touch","damage_taken":8,"max_hp_gain":0,"max_hp_loss":0,"event_name":"FaceTrader","floor":4,"gold_loss":0},{"damage_healed":0,"gold_gain":0,"player_choice":"Obtained Book","damage_taken":16,"max_hp_gain":0,"max_hp_loss":0,"event_name":"Cursed Tome","floor":19,"gold_loss":0}],"is_beta":false,"boss_relics":[{"not_picked":["Ectoplasm","Empty Cage"],"picked":"Black Star"}],"items_purged_floors":[],"is_endless":false,"potions_floor_spawned":[2,5,8,12,22],"killed_by":"Slavers","ascension_level":6}}