{"host":"ojezjkpqju62j8xy","time":1611756547,"event":{"mods":["ATMod(°¢èªMod)","Act Like it!","Aspiration","BaseMod","Conspire","Minty Spire (QoL Compilation)","Pale of the Ancients","Replay The Spire","Spicy Shops","StSLib","[GremlinLeader]The Maniac","¡¾ÒÅÎï¿¨ÅÆ¡¿REMEMod"],"gold_per_floor":[114,126,14,24,43,74,74,108,108,108,108,142,242,266,266,266,266],"floor_reached":16,"language":"ZHS","playtime":616,"items_purged":[],"score":290,"play_id":"47cde746-d46a-4a7c-8889-3ee50a489e9c","local_time":"20210127220907","is_ascension_mode":true,"campfire_choices":[{"floor":7,"key":"REST"},{"floor":10,"key":"RECALL"},{"floor":15,"key":"REST"}],"circlet_count":0,"master_deck":["AscendersBane","conspire:GhostlyStrike","conspire:GhostlyStrike","conspire:GhostlyStrike+1","conspire:GhostlyStrike","conspire:GhostlyStrike","conspire:GhostlyDefend","conspire:GhostlyDefend","conspire:GhostlyDefend","conspire:GhostlyDefend","Bash","AT_FamilyPortrait","Exhume","AT_DiedThrough","Warcry","Pain","Uppercut+1","Flex","Cleave","Perfected Strike","Run Through","Inflame","AT_IchimonjiDouble","Replay:Undeath\u0027s Touch"],"relics":["Burning Blood","AT_ATBox","REME_ComplimentaryCards","ReplayTheSpireMod:CursedCoin","REME_HandOfSuture","Whetstone","Akabeko","CeramicFish"],"acts_visited":["Exordium"],"potions_floor_usage":[6,8,12],"damage_taken":[{"damage":7,"enemies":"Small Slimes","floor":1,"turns":3},{"damage":3,"enemies":"2 Louse","floor":2,"turns":2},{"damage":4,"enemies":"Cultist","floor":4,"turns":3},{"damage":9,"enemies":"Blue Slaver","floor":5,"turns":4},{"damage":65,"enemies":"Lagavulin","floor":6,"turns":10},{"damage":6,"enemies":"Gremlin Nob","floor":8,"turns":3},{"damage":30,"enemies":"Lagavulin","floor":12,"turns":8},{"damage":6,"enemies":"Large Slime","floor":14,"turns":3},{"damage":53,"enemies":"Fading Forest","floor":16,"turns":12}],"seed_played":"-6686408401221979343","potions_obtained":[{"floor":1,"key":"Fire Potion"},{"floor":2,"key":"SkillPotion"},{"floor":8,"key":"Weak Potion"},{"floor":12,"key":"SpeedPotion"}],"is_trial":false,"path_per_floor":["M","M","$","M","M","E","R","E","T","R","?","E","?","M","R","B"],"character_chosen":"IRONCLAD","items_purchased":["ReplayTheSpireMod:CursedCoin","Uppercut","REME_HandOfSuture","Flex"],"campfire_rested":2,"item_purchase_floors":[3,3,3,3],"current_hp_per_floor":[74,77,77,79,76,17,41,41,41,41,41,17,17,17,41,0,0],"gold":266,"neow_bonus":"TEN_PERCENT_HP_BONUS","is_daily":false,"chose_seed":false,"campfire_upgraded":0,"win_rate":0.0,"timestamp":1611756547,"path_taken":["M","M","$","M","M","E","R","E","T","R","?","E","?","M","R","BOSS"],"items_purchased_type":["Relic","Card","Relic","Card"],"build_version":"2020-12-22","purchased_purges":0,"victory":false,"max_hp_per_floor":[82,82,82,82,82,82,82,82,82,82,82,82,82,82,82,82,82],"card_choices":[{"not_picked":["Armaments","Havoc"],"picked":"AT_DiedThrough","floor":1},{"not_picked":["Shrug It Off","True Grit"],"picked":"Warcry","floor":2},{"not_picked":["Replay:Undeath\u0027s Touch","Blood for Blood"],"picked":"Cleave","floor":4},{"not_picked":["Pommel Strike","Impervious"],"picked":"Perfected Strike","floor":5},{"not_picked":["Dark Embrace","Headbutt"],"picked":"Run Through","floor":6},{"not_picked":["Feel No Pain","Shrug It Off"],"picked":"Inflame","floor":8},{"not_picked":["Headbutt","Blood for Blood"],"picked":"AT_IchimonjiDouble","floor":12},{"not_picked":["Run Through","Havoc"],"picked":"Replay:Undeath\u0027s Touch","floor":14}],"player_experience":1399419,"relics_obtained":[{"floor":6,"key":"Whetstone"},{"floor":8,"key":"Akabeko"},{"floor":12,"key":"CeramicFish"}],"event_choices":[{"damage_healed":0,"gold_gain":0,"player_choice":"Agree","damage_taken":0,"max_hp_gain":0,"max_hp_loss":0,"event_name":"conspire:LoneGhost","floor":11,"gold_loss":0},{"damage_healed":0,"gold_gain":100,"player_choice":"Gold","damage_taken":0,"max_hp_gain":0,"max_hp_loss":0,"event_name":"Wheel of Change","floor":13,"gold_loss":0}],"is_beta":false,"boss_relics":[],"items_purged_floors":[],"is_endless":false,"potions_floor_spawned":[1,2,8,12],"killed_by":"Fading Forest","ascension_level":20}}