{"host":"pgm1p3lvdjflie30","time":1611770111,"event":{"mods":["100% Spire Juice","ATMod(阿瑾Mod)","AchievementEnabler","Act Like it!","Aspiration","Astrologer","Bard","BaseMod","Chen","Colored Map","Colored Powertips","Conspire","Dark Map","Decade(王小明)","Dota2Spire","Downfall","Energized Spire","Gensokyo","Gremlin Mod","Hallownest","HololiveMod","KinomotoSakuraMod(木之本?)","LagranYue(拉格朗·月)","Luminous","Mari Mod (Legacy)","Mari\u0027s V1 Patch","Minty Spire (QoL Compilation)","MostiFishMod","Nova Terra(?娃·泰拉)","Pale of the Ancients","Quarter Circle Forward PUNCH!","Reimu（博???）","Replay The Spire","Robot Space Explorer","SOS（斯巴?之子）","StSLib","TestMod","The Administrix","The Blackbeard","The Bug Knight","The Construct","The Cursed","The Dragon Tamer","The Gatherer","The Hierophant","The IronCluck","The Jungle","The Mystic","The Poker Player","The Runesmith","The Saiyan","The Senshi","The Servant 0.9.4","The Showman","TheHeartMod","TheWitcher","Waifu the Spire","Warlord Emblem","Yakumo Yukari mod","Yuri Mod","Yuyuko","【功能Mod】混沌之?修复?丁","【?物卡牌】REMEMod","?留之物","篝火指南"],"gold_per_floor":[119,139,165,90,90,138,165,196,196,196,196,243,275,300,300,426,426,451,451,451,491,491,491,531,78,78,78,22,22,22,48,48,88,88],"floor_reached":33,"language":"ZHS","playtime":1405,"items_purged":["downfall:Malfunctioning","RobotSpaceExplorer:Strike","Languid"],"score":295,"play_id":"f79fc7fe-1f73-4625-9f9d-09df1a8cae21","local_time":"20210128015511","is_ascension_mode":false,"campfire_choices":[{"floor":11,"key":"RECALL"},{"data":"RobotSpaceExplorer:Asteroid","floor":15,"key":"SMITH"},{"data":"RobotSpaceExplorer:Autoloader","floor":23,"key":"SMITH"},{"data":"RobotSpaceExplorer:DoubleFind","floor":27,"key":"SMITH"},{"data":"RobotSpaceExplorer:BlastShield","floor":30,"key":"SMITH"},{"floor":32,"key":"DIG"}],"circlet_count":0,"master_deck":["RobotSpaceExplorer:Strike","RobotSpaceExplorer:Strike","RobotSpaceExplorer:Scan","RobotSpaceExplorer:MiniLasers","AT_OneInchPunch+1","PlaceholderMod:ProliferateStrike","RobotSpaceExplorer:SlimeMissile","RobotSpaceExplorer:SlimeMissile","RobotSpaceExplorer:Probe","RobotSpaceExplorer:ScrapMissile","RobotSpaceExplorer:Asteroid+1","RobotSpaceExplorer:DoubleFind+1","Hallownest:skillLeafShield","Hallownest:skillLeafShield","Hallownest:skillLeafShield","Hallownest:skillLeafShield","Hallownest:skillLeafShield","RobotSpaceExplorer:Pulsar","RobotSpaceExplorer:PlasmaMissile","RobotSpaceExplorer:BlastShield+1","RobotSpaceExplorer:Autoloader+1","RobotSpaceExplorer:SurgingShield","RobotSpaceExplorer:LaserBurst","RobotSpaceExplorer:SlimeMissile","RobotSpaceExplorer:ShovelStrike","RobotSpaceExplorer:ScrapMissile","RobotSpaceExplorer:ScrapMissile","RobotSpaceExplorer:Comet","RobotSpaceExplorer:MiniBoosters+1"],"relics":["RobotSpaceExplorer:RoboCore","AT_ATBox","DaveBox","testmod-TestBox","REME_ComplimentaryCards","LagranYue:RandomDrawCardRelic","Transparent","testmod-Register","SynthV:TestCard","AT_DeathDance","Replay:Bandana","aspiration:StickyExplosives","DaCapo","WarlordEmblem:Scar","conspire:TreasureMap","RobotSpaceExplorer:ClockworkSextant","REME_HourglassOfDeath","ReplayTheSpireMod:CursedCoin","WarlordEmblem:SoftArmor"],"acts_visited":["Hallownest:Greenpath","TheCity"],"potions_floor_usage":[6,14,33,33],"damage_taken":[{"damage":34,"enemies":"Hallownest:2_MossCreeps","floor":1,"turns":2},{"damage":17,"enemies":"Hallownest:2_Baldur","floor":2,"turns":1},{"damage":34,"enemies":"Hallownest:eliteCrystalGuardian","floor":6,"turns":2},{"damage":17,"enemies":"Hallownest:monsterHuskWarrior","floor":7,"turns":1},{"damage":34,"enemies":"Hallownest:1_Ooma_and_2_Uuma","floor":8,"turns":2},{"damage":34,"enemies":"conspire:MimicChest","floor":12,"turns":2},{"damage":34,"enemies":"Hallownest:monsterAspidMother","floor":13,"turns":2},{"damage":17,"enemies":"Hallownest:Guard_and_Warrior","floor":14,"turns":1},{"damage":76,"enemies":"Hallownest:BossFalseKnight","floor":16,"turns":4},{"damage":18,"enemies":"2 Thieves","floor":18,"turns":1},{"damage":60,"enemies":"Shell Parasite","floor":21,"turns":3},{"damage":36,"enemies":"Snecko","floor":24,"turns":2},{"damage":18,"enemies":"Snake Plant","floor":31,"turns":1},{"damage":89,"enemies":"Pondfish","floor":33,"turns":5}],"seed_played":"-5594518683835787551","potions_obtained":[{"floor":1,"key":"SpeedPotion"},{"floor":3,"key":"Toxic Potion"},{"floor":3,"key":"Flashbang"},{"floor":3,"key":"Doom Potion"},{"floor":6,"key":"FearPotion"},{"floor":21,"key":"Block Potion"},{"floor":24,"key":"Strength Potion"}],"is_trial":false,"path_per_floor":["M","M","?","$","?","E","M","M","T","?","R","?","M","M","R","B",null,"M","?","?","M","?","R","M","$","T","R","$","?","R","M","R_BF","B"],"character_chosen":"RobotSpaceExplorer","items_purchased":["conspire:TreasureMap","RobotSpaceExplorer:ClockworkSextant","RobotSpaceExplorer:ScrapMissile","ReplayTheSpireMod:CursedCoin","RobotSpaceExplorer:Comet"],"campfire_rested":0,"item_purchase_floors":[25,25,25,28,28],"current_hp_per_floor":[89,89,67,67,39,58,89,89,89,89,89,89,89,89,89,66,89,89,89,89,82,82,82,89,89,89,89,89,89,89,89,89,0,0],"gold":88,"neow_bonus":"TWENTY_PERCENT_HP_BONUS","is_daily":false,"chose_seed":false,"campfire_upgraded":4,"win_rate":0.0,"timestamp":1611770111,"path_taken":["M","M","?","?","?","E","?","M","T","?","R","?","?","M","R","BOSS","M","?","?","M","?","R","?","?","T","R","$","?","R","M","R_BF","BOSS"],"items_purchased_type":["Relic","Relic","Card","Relic","Card"],"build_version":"2020-12-22","purchased_purges":3,"victory":false,"max_hp_per_floor":[89,89,89,89,89,89,89,89,89,89,89,89,89,89,89,89,89,89,89,89,89,89,89,89,89,89,89,89,89,89,89,89,89,89],"card_choices":[{"not_picked":["RobotSpaceExplorer:Probe","RobotSpaceExplorer:MetalStrike"],"picked":"RobotSpaceExplorer:SlimeMissile","floor":1},{"not_picked":["RobotSpaceExplorer:StunGrenade","RobotSpaceExplorer:GlueShot","RobotSpaceExplorer:Pulsar","RobotSpaceExplorer:ScrapShield"],"picked":"RobotSpaceExplorer:SlimeMissile","floor":2},{"not_picked":["RobotSpaceExplorer:JunkDive","RobotSpaceExplorer:SwiftStep","RobotSpaceExplorer:Smokescreen","RobotSpaceExplorer:GearShield"],"picked":"RobotSpaceExplorer:Probe","floor":3},{"not_picked":["RobotSpaceExplorer:GlueSpray","RobotSpaceExplorer:StunGrenade","RobotSpaceExplorer:FranticSearch","RobotSpaceExplorer:LaserBurst"],"picked":"RobotSpaceExplorer:ScrapMissile","floor":6},{"not_picked":["RobotSpaceExplorer:GlueShot","RobotSpaceExplorer:SelfCleaning","RobotSpaceExplorer:Reload","RobotSpaceExplorer:MiniDrones"],"picked":"RobotSpaceExplorer:Asteroid","floor":7},{"not_picked":["RobotSpaceExplorer:SwiftStep","RobotSpaceExplorer:Jetpack","RobotSpaceExplorer:PowerGlove","RobotSpaceExplorer:GearShield"],"picked":"RobotSpaceExplorer:DoubleFind","floor":8},{"not_picked":["RobotSpaceExplorer:FrostMissile","RobotSpaceExplorer:Jetpack","RobotSpaceExplorer:ScrapShield","RobotSpaceExplorer:FranticSearch"],"picked":"RobotSpaceExplorer:Pulsar","floor":12},{"not_picked":["RobotSpaceExplorer:SelfCleaning","RobotSpaceExplorer:ScrapMissile","RobotSpaceExplorer:FranticSearch","RobotSpaceExplorer:ToxicBomb"],"picked":"RobotSpaceExplorer:PlasmaMissile","floor":13},{"not_picked":["RobotSpaceExplorer:DoubleFind","RobotSpaceExplorer:ImprovisedAttack","RobotSpaceExplorer:ShovelStrike","RobotSpaceExplorer:FranticSearch"],"picked":"RobotSpaceExplorer:BlastShield","floor":14},{"not_picked":["RobotSpaceExplorer:DroneSwarm","RobotSpaceExplorer:Multitool","RobotSpaceExplorer:Blaster","RobotSpaceExplorer:Explosion"],"picked":"RobotSpaceExplorer:Autoloader","floor":16},{"not_picked":["RobotSpaceExplorer:PowerCollector","RobotSpaceExplorer:GlueSpray+1","RobotSpaceExplorer:MiniBoosters","RobotSpaceExplorer:ImprovisedAttack"],"picked":"RobotSpaceExplorer:SurgingShield","floor":18},{"not_picked":["RobotSpaceExplorer:Pulsar","RobotSpaceExplorer:SurgingShield","RobotSpaceExplorer:Smokescreen","RobotSpaceExplorer:GlueShot"],"picked":"RobotSpaceExplorer:SlimeMissile","floor":21},{"not_picked":["RobotSpaceExplorer:ExhaustFan","RobotSpaceExplorer:StunGrenade+1","RobotSpaceExplorer:FranticSearch+1","RobotSpaceExplorer:SlimeMissile+1"],"picked":"RobotSpaceExplorer:ShovelStrike","floor":24},{"not_picked":["RobotSpaceExplorer:TurboDodge+1","RobotSpaceExplorer:Fix","RobotSpaceExplorer:BlastShield","RobotSpaceExplorer:Calculate+1"],"picked":"RobotSpaceExplorer:MiniBoosters+1","floor":31}],"player_experience":308997,"relics_obtained":[{"floor":1,"key":"SynthV:TestCard"},{"floor":6,"key":"aspiration:StickyExplosives"},{"floor":12,"key":"DaCapo"},{"floor":26,"key":"REME_HourglassOfDeath"},{"floor":32,"key":"WarlordEmblem:SoftArmor"}],"event_choices":[{"damage_healed":0,"gold_gain":0,"player_choice":"Ignored","damage_taken":0,"max_hp_gain":0,"max_hp_loss":0,"event_name":"Vampires","floor":19,"gold_loss":0},{"damage_healed":0,"gold_gain":0,"player_choice":"Read","damage_taken":0,"max_hp_gain":0,"max_hp_loss":0,"event_name":"The Library","floor":20,"gold_loss":0,"cards_obtained":["RobotSpaceExplorer:LaserBurst"]},{"damage_healed":0,"gold_gain":0,"player_choice":"Upgraded","damage_taken":0,"max_hp_gain":0,"max_hp_loss":0,"event_name":"Upgrade Shrine","floor":22,"gold_loss":0,"cards_upgraded":["AT_OneInchPunch"]},{"cards_removed":["RobotSpaceExplorer:Strike"],"damage_healed":0,"gold_gain":0,"player_choice":"Purged","damage_taken":0,"max_hp_gain":0,"max_hp_loss":0,"event_name":"Purifier","floor":29,"gold_loss":0}],"is_beta":false,"boss_relics":[{"not_picked":["SlaversCollar","Replay:Wanted Poster"],"picked":"WarlordEmblem:Scar"}],"items_purged_floors":[4,25,28],"is_endless":false,"potions_floor_spawned":[1,6,12,21,24],"killed_by":"Pondfish","ascension_level":0}}