{"host":"juoup3p5tvzzktl5","time":1611743871,"event":{"mods":["Aspiration","BaseMod","Better Vampires","BetterRewards","Colored Map","Colored Powertips","Friendly Minions","GifTheSpireLib","Hermit","Hubris","Infinite Spire","KinomotoSakuraMod(ƒæ÷Æ±æ”£)","Koishi","KomeijiMod","Marisa£®ÏF”Í°°ƒß¿Ì…≥£©","Minty Spire (QoL Compilation)","Quick Restart","Reimu£®≤©¿ˆ¡È√Œ£©","Replay The Spire","Shop Mod","StSLib","The Administrix","The Alterego","The Bug Knight","The Construct","The Cursed","The Jungle","The Mystic","The Runesmith","The Senshi","Youmu£®ªÍ∆«—˝√Œ£©","Yuyuko"],"gold_per_floor":[109,109,128,148,158,158,184,184,201,226,253,268,145,155,170,170,272,272,292,303,303,403,403,403,418,418,418,434,446,489,540,585,585,742,742,780,780,780,780,819,877,877,921,982,1069,1217,1332,1332,1407,1439,1439,1487,1487,1520,1520,1572],"floor_reached":57,"language":"ZHS","playtime":3361,"items_purged":["BattleHymn"],"score":1195,"play_id":"5f1b31f0-aac1-4428-9105-64f5d77d6d49","local_time":"20210127193751","daily_mods":["SealedDeck","Vintage"],"is_ascension_mode":false,"campfire_choices":[{"data":"ClearTheMind","floor":6.0,"key":"SMITH"},{"data":"Adaptation","floor":8.0,"key":"SMITH"},{"data":"TalkToTheHand","floor":16.0,"key":"SMITH"},{"data":"WheelKick","floor":24.0,"key":"SMITH"},{"data":"WheelKick","floor":33.0,"key":"SMITH"},{"data":"Confused","floor":51.0,"key":"PURGE"},{"data":"Replay:BluntJabs","floor":55,"key":"PURGE"}],"circlet_count":0,"master_deck":["ClearTheMind+1","WheelKick+1","FlurryOfBlows+1","FlurryOfBlows+1","BowlingBash","WheelKick+1","Crescendo+1","TalkToTheHand+1","Adaptation+1","DeusExMachina","TalkToTheHand+1","Fasting2+1","CutThroughFate+1"],"relics":["PureWater","replay:Trail_Library","infinitespire:Satchel","Orichalcum","InkBottle","Blood Vial","hubris:DeckOfHolding","hubris:OldNail","Juzu Bracelet","HollowMod:LifeEnderRelic","Nunchaku","GoodDreamPillow","Replay:Bottled Eggs","hubris:MysteriousPyramids","aspiration:PoetsPen_weak","Replay:Mystery Machine","Bag of Preparation","hubris:Towel","Molten Egg 2","hubris:BottledHeart","Matryoshka","Replay:Bottled Flurry","Replay:Bandana","Replay:Baseball","Iron Hammer","Regal Pillow","hubris:Backtick","Peace Pipe","theSenshi:SailorFukuRelic","Akabeko","Omamori","Bottled Lightning","Mummified Hand","hubris:Spice","Mirror","PreservedInsect","RuthlessExorcism:ReiMu","aspiration:ChemicalBlood","Pen Nib","Strawberry","Replay:Wax Seal"],"acts_visited":["Exordium","TheCity","TheBeyond"],"potions_floor_usage":[],"damage_taken":[{"damage":0.0,"enemies":"Small Slimes","floor":1.0,"turns":2.0},{"damage":0.0,"enemies":"Cultist","floor":3.0,"turns":2.0},{"damage":0.0,"enemies":"Jaw Worm","floor":4.0,"turns":1.0},{"damage":0.0,"enemies":"Red Slaver","floor":5.0,"turns":2.0},{"damage":0.0,"enemies":"Gremlin Nob","floor":7.0,"turns":2.0},{"damage":0.0,"enemies":"2 Fungi Beasts","floor":9.0,"turns":2.0},{"damage":0.0,"enemies":"3 Sentries","floor":11.0,"turns":2.0},{"damage":0.0,"enemies":"Large Slime","floor":12.0,"turns":2.0},{"damage":0.0,"enemies":"Looter","floor":14.0,"turns":1.0},{"damage":0.0,"enemies":"2 Fungi Beasts","floor":15.0,"turns":1.0},{"damage":0.0,"enemies":"The Guardian","floor":17.0,"turns":3.0},{"damage":0.0,"enemies":"Chosen","floor":19.0,"turns":1.0},{"damage":0.0,"enemies":"Spheric Guardian","floor":20.0,"turns":1.0},{"damage":0.0,"enemies":"Chosen and Byrds","floor":25.0,"turns":1.0},{"damage":0.0,"enemies":"Sentry and Sphere","floor":28.0,"turns":1.0},{"damage":0.0,"enemies":"Snake Plant","floor":29.0,"turns":1.0},{"damage":0.0,"enemies":"Snecko","floor":30.0,"turns":1.0},{"damage":0.0,"enemies":"Centurion and Healer","floor":31.0,"turns":1.0},{"damage":0.0,"enemies":"Snake Plant","floor":32.0,"turns":1.0},{"damage":0.0,"enemies":"Champ","floor":34.0,"turns":1.0},{"damage":0.0,"enemies":"Orb Walker","floor":36.0,"turns":1.0},{"damage":0.0,"enemies":"3 Shapes","floor":40.0,"turns":1.0},{"damage":0.0,"enemies":"Sphere and 2 Shapes","floor":41.0,"turns":1.0},{"damage":0.0,"enemies":"3 Darklings","floor":43.0,"turns":1.0},{"damage":0.0,"enemies":"Reptomancer","floor":44.0,"turns":1.0},{"damage":0.0,"enemies":"Writhing Mass","floor":45.0,"turns":1.0},{"damage":0.0,"enemies":"Transient","floor":46.0,"turns":1.0},{"damage":0.0,"enemies":"R_Hoarder","floor":47.0,"turns":3.0},{"damage":0.0,"enemies":"Reptomancer","floor":49.0,"turns":1.0},{"damage":0.0,"enemies":"3 Darklings","floor":50.0,"turns":1.0},{"damage":0.0,"enemies":"Jaw Worm Horde","floor":52.0,"turns":1.0},{"damage":0,"enemies":"4 Shapes","floor":54,"turns":1},{"damage":0,"enemies":"Time Eater","floor":56,"turns":3}],"seed_played":"-578151591492096481","potions_obtained":[{"floor":1.0,"key":"Flashbang"},{"floor":5.0,"key":"Ancient Potion"},{"floor":9.0,"key":"Reflective Coating"},{"floor":12.0,"key":"AttackPotion"},{"floor":49.0,"key":"construct:ShiftPotion"}],"is_trial":true,"path_per_floor":["M","?","M","M","M","R","E","R","M","T","E","M","?","M","M","R","B",null,"M","M","?","?","?","R","M","?","T","M","M","M","M","M","R","B",null,"M","AVR","?","?","M","M","?","M","E","M","M","E","T","E","M","R","M","?","M","R","B",null],"character_chosen":"WATCHER","items_purchased":[],"campfire_rested":0,"item_purchase_floors":[],"current_hp_per_floor":[72,72,72,72,72,72,72,72,72,72,72,72,72,72,72,72,72,72,72,72,72,72,72,72,72,1,1,1,1,1,1,1,1,1,1,1,1,1,1,1,1,1,1,1,1,1,1,1,1,1,1,1,1,1,1,1],"gold":1572,"neow_bonus":"","is_daily":false,"chose_seed":false,"campfire_upgraded":5,"win_rate":0.0,"timestamp":1611743871,"path_taken":["M","?","?","M","M","R","E","R","M","T","E","M","?","M","M","R_BF","BOSS","M","M","?","?","?","R","M","?","T","M","M","M","M","M","R","BOSS","M","AVR","?","?","M","M","?","M","E","M","M","E","T","E","M","R","M","?","M","R","BOSS"],"items_purchased_type":[],"build_version":"2020-12-22","purchased_purges":1,"victory":true,"max_hp_per_floor":[72,72,72,72,72,72,72,72,72,72,72,72,72,72,72,72,72,72,72,72,72,72,72,72,72,1,1,1,1,1,1,1,1,1,1,1,1,1,1,1,1,1,1,1,1,1,1,1,1,1,1,1,1,1,1,1],"card_choices":[{"not_picked":["FlurryOfBlows","EmptyFist"],"picked":"Adaptation","floor":7.0},{"not_picked":["Consecrate","ClearTheMind","FlyingSleeves"],"picked":"SKIP","floor":11.0},{"not_picked":["MasterReality","Judgement"],"picked":"DeusExMachina","floor":17.0},{"not_picked":["Halt+1","FlurryOfBlows+1","Conclude+1"],"picked":"SKIP","floor":44.0},{"not_picked":["Worship","Replay:Battleflow+1","MasterReality"],"picked":"SKIP","floor":47.0},{"not_picked":["hubris:SpiceAddiction","WindmillStrike+1"],"picked":"Fasting2+1","floor":49.0}],"player_experience":1045344,"relics_obtained":[{"floor":1.0,"key":"infinitespire:Satchel"},{"floor":3.0,"key":"Orichalcum"},{"floor":4.0,"key":"InkBottle"},{"floor":5.0,"key":"Blood Vial"},{"floor":7.0,"key":"hubris:DeckOfHolding"},{"floor":9.0,"key":"hubris:OldNail"},{"floor":10.0,"key":"Juzu Bracelet"},{"floor":11.0,"key":"HollowMod:LifeEnderRelic"},{"floor":12.0,"key":"Nunchaku"},{"floor":14.0,"key":"Replay:Bottled Eggs"},{"floor":15.0,"key":"hubris:MysteriousPyramids"},{"floor":19.0,"key":"Replay:Mystery Machine"},{"floor":20.0,"key":"Bag of Preparation"},{"floor":25.0,"key":"Molten Egg 2"},{"floor":27.0,"key":"Matryoshka"},{"floor":28.0,"key":"Replay:Bottled Flurry"},{"floor":29.0,"key":"Replay:Bandana"},{"floor":30.0,"key":"Replay:Baseball"},{"floor":31.0,"key":"Iron Hammer"},{"floor":32.0,"key":"Regal Pillow"},{"floor":36.0,"key":"theSenshi:SailorFukuRelic"},{"floor":40.0,"key":"Omamori"},{"floor":41.0,"key":"Bottled Lightning"},{"floor":43.0,"key":"Mummified Hand"},{"floor":44.0,"key":"hubris:Spice"},{"floor":45.0,"key":"hubris:Spice"},{"floor":46.0,"key":"Mirror"},{"floor":47.0,"key":"hubris:Spice"},{"floor":48.0,"key":"PreservedInsect"},{"floor":48.0,"key":"RuthlessExorcism:ReiMu"},{"floor":49.0,"key":"aspiration:ChemicalBlood"},{"floor":50.0,"key":"Pen Nib"},{"floor":52.0,"key":"Strawberry"},{"floor":54,"key":"Replay:Wax Seal"}],"event_choices":[{"damage_healed":0.0,"max_hp_gain":0.0,"max_hp_loss":0.0,"gold_gain":0.0,"event_name":"Upgrade Shrine","player_choice":"Upgraded","floor":2.0,"gold_loss":0.0,"damage_taken":0.0,"cards_upgraded":["Crescendo"]},{"damage_healed":0.0,"max_hp_gain":0.0,"max_hp_loss":0.0,"gold_gain":100.0,"event_name":"Golden Shrine","player_choice":"Pray","floor":22.0,"gold_loss":0.0,"damage_taken":0.0},{"damage_healed":0.0,"max_hp_gain":0.0,"max_hp_loss":0.0,"gold_gain":0.0,"event_name":"Duplicator","player_choice":"Copied","floor":42.0,"gold_loss":0.0,"damage_taken":0.0,"cards_obtained":["TalkToTheHand"]}],"is_beta":false,"boss_relics":[{"not_picked":["Astrolabe","Velvet Choker"],"picked":"aspiration:PoetsPen_weak"},{"not_picked":["Replay:Drink Me","ReplayTheSpireMod:SealedPack"],"picked":"hubris:Backtick"}],"items_purged_floors":[37],"is_endless":false,"potions_floor_spawned":[1,5,9,12,15,20,28,29,32,36,43,45,47,49,50,54],"ascension_level":0}}