{"host":"vddnn8yddbh0df4g","time":1611773001,"event":{"mods":["Act Like it!","BaseMod","Beaked The Cultist","Bestiary","Clockwork Mod","Downfall","Filter the Spire","Minty Spire (QoL Compilation)","Shop Mod","StSLib","SuperFastMode","The Construct","The Runesmith"],"gold_per_floor":[99,112,131,151,163,163,235,255,255,269,269,15,26,26,26],"floor_reached":14,"language":"ENG","playtime":531,"items_purged":[],"score":88,"play_id":"aaf5d499-514c-48ed-84bd-b80fca090334","local_time":"20210127134321","is_ascension_mode":true,"campfire_choices":[{"data":"construct:AttackMode","floor":1,"key":"SMITH"},{"data":"construct:Enhance","floor":6,"key":"SMITH"},{"data":"construct:Chainstrike","floor":11,"key":"SMITH"}],"circlet_count":0,"master_deck":["construct:Strike_Gold","construct:Strike_Gold","construct:Strike_Gold","construct:Strike_Gold+1","construct:Strike_Gold","construct:Defend_Gold","construct:Defend_Gold+1","construct:Defend_Gold","construct:Defend_Gold","construct:Defend_Gold","construct:AttackMode+1","construct:DefenseMode+1","construct:Chainstrike+1","construct:Versatility","construct:Enhance+1","construct:SiegeForm","downfall:Malfunctioning","construct:Failsafe","construct:ScopeCore","construct:Autoturret","construct:ChargeShot","construct:Isolate"],"relics":["construct:Cogwheel","Sundial","Happy Flower"],"acts_visited":["Exordium"],"potions_floor_usage":[],"damage_taken":[{"damage":12,"enemies":"Small Slimes","floor":2,"turns":6},{"damage":6,"enemies":"2 Louse","floor":3,"turns":3},{"damage":0,"enemies":"Cultist","floor":4,"turns":6},{"damage":2,"enemies":"2 Fungi Beasts","floor":5,"turns":5},{"damage":24,"enemies":"Exordium Wildlife","floor":8,"turns":8},{"damage":13,"enemies":"Exordium Thugs","floor":10,"turns":7},{"damage":3,"enemies":"downfall:FleeingMerchant","floor":12,"turns":4},{"damage":17,"enemies":"3 Louse","floor":13,"turns":5},{"damage":16,"enemies":"Gremlin Nob","floor":14,"turns":4}],"seed_played":"-407063343487414207","potions_obtained":[{"floor":4,"key":"EssenceOfSteel"},{"floor":5,"key":"Strength Potion"}],"is_trial":false,"path_per_floor":["R","M","M","M","M","R","T","M","?","M","R","$","M","E"],"character_chosen":"THE_CONSTRUCT_MOD","items_purchased":["construct:Autoturret","construct:ChargeShot","Happy Flower"],"campfire_rested":0,"item_purchase_floors":[12,12,12],"current_hp_per_floor":[93,81,75,75,73,73,73,49,49,36,36,33,16,0,0],"gold":26,"neow_bonus":"TEN_PERCENT_HP_BONUS","is_daily":false,"chose_seed":false,"campfire_upgraded":3,"win_rate":0.0,"timestamp":1611773001,"path_taken":["R","M","M","M","M","R","T","M","?","M","R","$","M","E"],"items_purchased_type":["Card","Card","Relic"],"build_version":"2020-12-22","purchased_purges":0,"victory":false,"max_hp_per_floor":[93,93,93,93,93,93,93,93,93,93,93,93,93,93,93],"card_choices":[{"not_picked":["construct:Forcefield","construct:ClusterMines"],"picked":"construct:Chainstrike","floor":2},{"not_picked":["construct:HeavyBolt","construct:VentSteam"],"picked":"construct:Versatility","floor":3},{"not_picked":["construct:Failsafe","construct:SaveState"],"picked":"construct:Enhance","floor":4},{"not_picked":["construct:UnbalancingBlast","construct:Backfire"],"picked":"construct:SiegeForm","floor":5},{"not_picked":["construct:VentSteam","construct:ModeShift","construct:SyphonStrike"],"picked":"SKIP","floor":8},{"not_picked":["construct:HeavyBolt","construct:VentSteam"],"picked":"construct:Failsafe","floor":10},{"not_picked":["construct:VentSteam","construct:QuickAttack"],"picked":"construct:ScopeCore","floor":12},{"not_picked":["construct:Anticipate","construct:Forcefield"],"picked":"construct:Isolate","floor":13}],"player_experience":712077,"relics_obtained":[{"floor":7,"key":"Sundial"}],"event_choices":[],"is_beta":false,"boss_relics":[],"items_purged_floors":[],"is_endless":false,"potions_floor_spawned":[4,5],"killed_by":"Gremlin Nob","ascension_level":1}}