{"host":"n91kx4xj3dn3811n","time":1611739303,"event":{"mods":["Act Like it!","BaseMod","Better Third Choice","Colored Powertips","Highlight Path","Minty Spire (QoL Compilation)","MostiFishMod","Quick Restart","Replay The Spire","RumiaBox-露米娅的神秘盒子","Spicy Shops","StSLib","TestMod","Waifu the Spire","[IsaacMod]以撒尖塔","noobMod","【遗物卡牌】REMEMod","篝火指南"],"gold_per_floor":[136,191,222,222,148,199,199,231,255,282,295,333,449,506,506,492,492,531,446,479,513,553,585,585,623,623,623,662,715,715,715,715,819,819,885,904,920,1026,1026,1026,1040,1059,1009,1009,1009,1009,1058,1058,1058,1072,1072,1072,1072,1072,1072,1100,1083],"floor_reached":58,"language":"ZHS","playtime":3844,"items_purged":["Defend_R","Pain","Defend_R","Strike_R","Strike_R","Delirium","Pride","Bash","Heavy Blade+1","REME_PuzzleBox","Anger+1"],"score":1505,"play_id":"8f1c1fc0-fc3c-4a50-b298-738b613d3d39","local_time":"20210127172143","is_ascension_mode":false,"campfire_choices":[{"data":"MostiFishMod:RacingGame","floor":7,"key":"SMITH"},{"data":"MostiFishMod:Mania","floor":24,"key":"SMITH"},{"floor":51,"key":"RECALL"}],"circlet_count":0,"master_deck":["Strike_R","Strike_R","Defend_R","Defend_R+1","HandOfGreed","Cleave","ReplayTheSpireMod:Strike From Hell","Ghostly Armor","MostiFishMod:PerfectStrikeMKII","MostiFishMod:RacingGame+1","Armaments","Armaments","MostiFishMod:HellRitual","Pummel","MostiFishMod:Mania+1","REME_FearOfPain+1","REME_Cut","Spot Weakness","True Grit+1","Havoc","Intimidate+1","Apotheosis","Panache","ReplayTheSpireMod:Uncanny Aura+1","Anger+1","MostiFishMod:CullingBlade"],"relics":["Black Blood","DaveBox","testmod-TestBox","HushsDoor","ice","REME_ComplimentaryCards","Membership Card","testmod-EqualTreatment","TuHaoJin","SynthV:TestCard","SteamSale","Garlic","Dream Catcher","Smiling Mask","ZombieArmy","Chemical X","GodSword7","Pen Nib","SynthV:C4","Nunchaku","Tiny Chest","Blue Candle","BargainBundle","Ancient Tea Set","Potion Belt","HowToJump","ReplayTheSpireMod:Lightbulb","Cauldron","testmod-ThousandKnives","StoneCalendar","Juzu Bracelet","Ring of Hypnosis","Ring of Fury","Mango","testmod-Charity","Matryoshka","REME_HandOfSuture","ImprovedEquipment","Replay:Ancient Bell","GuppysTail","EdensBlessing","Red Skull","BFFS","Another Sword","Lantern","Blue Doll","OriginationStaff","Sundial","testmod-FatalChain","Simple Rune","testmod-Muramasa","ReplayTheSpireMod:ShopPack","REME_HourglassOfDeath","Incense Burner","Replay:Accelerometer","Gremlin Food","Civilization","Ying","Oddly Smooth Stone","Pet Ghost","BirthdayGift-Icosahedron","Blood Vial","War Paint","Bag of Marbles"],"acts_visited":["Exordium","TheCity","TheBeyond","TheEnding"],"potions_floor_usage":[48,54,54,57,57,57,57,57,57],"damage_taken":[{"damage":5,"enemies":"Cultist","floor":1,"turns":4},{"damage":0,"enemies":"Small Slimes","floor":2,"turns":4},{"damage":6,"enemies":"Jaw Worm","floor":3,"turns":5},{"damage":7,"enemies":"Lagavulin","floor":6,"turns":9},{"damage":11,"enemies":"Red Slaver","floor":8,"turns":4},{"damage":1,"enemies":"2 Fungi Beasts","floor":11,"turns":2},{"damage":0,"enemies":"Blue Slaver","floor":12,"turns":2},{"damage":0,"enemies":"Lots of Slimes","floor":13,"turns":2},{"damage":8,"enemies":"Exordium Wildlife","floor":14,"turns":2},{"damage":3,"enemies":"The Guardian","floor":16,"turns":4},{"damage":9,"enemies":"Chosen","floor":18,"turns":4},{"damage":17,"enemies":"2 Thieves","floor":20,"turns":3},{"damage":4,"enemies":"Chosen and Byrds","floor":21,"turns":2},{"damage":0,"enemies":"Centurion and Healer","floor":22,"turns":1},{"damage":42,"enemies":"Book of Stabbing","floor":23,"turns":6},{"damage":0,"enemies":"Shelled Parasite and Fungi","floor":25,"turns":2},{"damage":0,"enemies":"Sentry and Sphere","floor":28,"turns":1},{"damage":11,"enemies":"Slavers","floor":29,"turns":3},{"damage":0,"enemies":"Pondfish","floor":33,"turns":4},{"damage":3,"enemies":"3 Shapes","floor":35,"turns":2},{"damage":0,"enemies":"3 Darklings","floor":36,"turns":1},{"damage":0,"enemies":"Transient","floor":37,"turns":4},{"damage":6,"enemies":"4 Shapes","floor":41,"turns":2},{"damage":0,"enemies":"3 Darklings","floor":42,"turns":2},{"damage":0,"enemies":"Mind Bloom Boss Battle","floor":47,"turns":2},{"damage":0,"enemies":"Spire Growth","floor":50,"turns":2},{"damage":0,"enemies":"Replay:Hell Engine","floor":52,"turns":2},{"damage":0,"enemies":"Shield and Spear","floor":56,"turns":2},{"damage":33,"enemies":"The Heart","floor":57,"turns":5}],"seed_played":"7319703446759421567","potions_obtained":[{"floor":2,"key":"SpeedPotion"},{"floor":3,"key":"AttackPotion"},{"floor":11,"key":"BlessingOfTheForge"},{"floor":13,"key":"AttackPotion"},{"floor":30,"key":"PowerPotion"},{"floor":30,"key":"DuplicationPotion"},{"floor":41,"key":"Strength Potion"},{"floor":47,"key":"Ancient Potion"}],"is_trial":false,"path_per_floor":["M","M","M","?","$","E","R","M","T","T","M","M","M","M","R","B",null,"M","?","M","M","M","E","R","M","T","$","M","E","$","?","R","B",null,"M","M","M","?","PTL","PTL","M","M","R","?","T","T","?","R","?","M","R","B",null,"R","$","E","B",null],"character_chosen":"IRONCLAD","items_purchased":["SteamSale","Garlic","MostiFishMod:PerfectStrikeMKII","MostiFishMod:RacingGame","Armaments","ZombieArmy","Chemical X","GodSword7","Pen Nib","SynthV:C4","BargainBundle","Ancient Tea Set","Potion Belt","HowToJump","Cauldron","testmod-ThousandKnives","StoneCalendar","Juzu Bracelet","Mango","testmod-Charity","Matryoshka","REME_HandOfSuture","ImprovedEquipment","GuppysTail","BFFS","Another Sword","Lantern","Simple Rune","testmod-Muramasa","testmod-SpacePotion","ReplayTheSpireMod:ShopPack","REME_HourglassOfDeath","Incense Burner","Replay:Accelerometer","Gremlin Food","Civilization","Ying","REME_GoldPotion","AttackPotion","Oddly Smooth Stone","Pet Ghost","BirthdayGift-Icosahedron","Blood Vial","War Paint","testmod-TestPotion"],"campfire_rested":0,"item_purchase_floors":[5,5,5,5,5,15,15,15,15,15,27,27,27,27,30,30,30,30,32,32,32,32,32,34,43,43,43,48,48,48,48,54,54,54,54,54,54,54,54,55,55,55,55,55,55],"current_hp_per_floor":[80,80,80,80,80,79,79,74,74,74,79,80,80,78,78,80,80,80,80,75,80,80,50,50,62,62,62,74,75,75,75,89,95,85,89,90,91,92,92,92,93,94,94,94,94,94,95,95,95,96,96,96,96,96,96,99,82],"gold":1083,"neow_bonus":"THREE_CARDS","is_daily":false,"chose_seed":false,"campfire_upgraded":2,"win_rate":0.0,"timestamp":1611739303,"path_taken":["M","M","M","?","$","E","R","M","T","?","?","M","M","M","R","BOSS","M","?","?","M","M","E","R","M","T","$","M","E","$","?","R","BOSS","M","M","M","?","PTL","PTL","M","M","R","?","T","?","?","R","?","M","R","BOSS","R","$","E","BOSS"],"items_purchased_type":["Relic","Relic","Card","Card","Card","Relic","Relic","Relic","Relic","Relic","Relic","Relic","Relic","Relic","Relic","Relic","Relic","Relic","Relic","Relic","Relic","Relic","Relic","Relic","Relic","Relic","Relic","Relic","Relic","Potion","Relic","Relic","Relic","Relic","Relic","Relic","Relic","Potion","Potion","Relic","Relic","Relic","Relic","Relic","Potion"],"build_version":"2020-12-22","purchased_purges":11,"victory":true,"max_hp_per_floor":[80,80,80,80,80,80,80,80,80,80,80,80,80,80,80,80,80,80,80,80,80,80,80,80,80,80,80,80,80,80,80,94,95,85,89,90,91,92,92,92,93,94,94,94,94,94,95,95,95,96,96,96,96,96,96,99,102],"card_choices":[{"not_picked":["Iron Wave","Whirlwind"],"picked":"Cleave","floor":1},{"not_picked":["Perfected Strike","Bomb","Cleave","Anger"],"picked":"ReplayTheSpireMod:Strike From Hell","floor":2},{"not_picked":["Heavy Blade","Armaments","Wild Strike","ReplayTheSpireMod:Strike From Hell"],"picked":"Ghostly Armor","floor":3},{"not_picked":["True Grit","Pommel Strike","Body Slam","Combust"],"picked":"MostiFishMod:HellRitual","floor":6},{"not_picked":["Replay:Undeath\u0027s Touch","Bomb","ReplayTheSpireMod:Strike From Hell","Warcry"],"picked":"Pummel","floor":8},{"not_picked":["MostiFishMod:ChineseTea","Perfected Strike","Clothesline","MostiFishMod:#F4004","Thunderclap"],"picked":"SKIP","floor":11},{"not_picked":["Shrug It Off","Rupture","Havoc","Combust","True Grit"],"picked":"SKIP","floor":12},{"not_picked":["Body Slam","Clash","Run Through","Rampage","REME_Fury"],"picked":"SKIP","floor":13},{"not_picked":["Cleave","Second Wind","Flame Barrier","Wild Strike","Dark Embrace"],"picked":"SKIP","floor":14},{"not_picked":["REME_TheLastStrike","Juggernaut","Double Tap","Corruption"],"picked":"MostiFishMod:Mania","floor":16},{"not_picked":["Ghostly Armor","Shrug It Off","Massacre","Sever Soul","Clash"],"picked":"SKIP","floor":18},{"not_picked":["Twin Strike","Wild Strike+1","Warcry","Shockwave","Cleave"],"picked":"SKIP","floor":20},{"not_picked":["Power Through+1","Body Slam","Twin Strike+1","Blood for Blood+1","Warcry"],"picked":"SKIP","floor":21},{"not_picked":["Clothesline","Shockwave+1","Infernal Blade","Pummel","True Grit"],"picked":"SKIP","floor":22},{"not_picked":["Infernal Blade","ReplayReversal","Shrug It Off+1","Thunderclap+1","MostiFishMod:Mania"],"picked":"SKIP","floor":23},{"not_picked":["Rampage","Disarm","Replay:Undeath\u0027s Touch","True Grit","Life Link"],"picked":"SKIP","floor":25},{"not_picked":["Infernal Blade+1","Thunderclap+1","Clothesline","True Grit","Evolve"],"picked":"SKIP","floor":28},{"not_picked":["Heavy Blade+1","Pummel","Cleave","ReplayTheSpireMod:Limb From Limb","Sentinel+1"],"picked":"SKIP","floor":29},{"not_picked":["ReplayTheSpireMod:Corrosion Curse+1","Replay:Undeath\u0027s Touch+1","Wild Strike+1","Rupture"],"picked":"Anger+1","floor":35},{"not_picked":["Replay:Undeath\u0027s Touch","True Grit+1","Clash+1","Iron Wave+1"],"picked":"REME_FearOfPain+1","floor":36},{"not_picked":["Clash+1","Ghostly Armor","Headbutt","ReplayTheSpireMod:LeadingStrike"],"picked":"REME_Cut","floor":37},{"not_picked":["Seeing Red","Anger","Clash+1","Run Through"],"picked":"Spot Weakness","floor":38},{"not_picked":["Run Through","Anger+1","Body Slam","Impervious"],"picked":"True Grit+1","floor":38},{"not_picked":["Armaments+1","Body Slam+1","Warcry","Cleave"],"picked":"Havoc","floor":41},{"not_picked":["Perfected Strike","Blood for Blood+1","Whirlwind+1","Run Through"],"picked":"Intimidate","floor":42},{"not_picked":["MostiFishMod:ButterFly","testmod-EternalityOfKhronos","testmod-Reverberation","testmod-PainDetonator"],"picked":"REME_PuzzleBox","floor":44},{"not_picked":["Shrug It Off","Wild Strike+1","Warcry+1","Clothesline+1"],"picked":"Heavy Blade+1","floor":47},{"not_picked":["MostiFishMod:BrokenBlackCloak","testmod-Recap","testmod-BloodShelter","MostiFishMod:Awakening"],"picked":"Apotheosis","floor":48},{"not_picked":["testmod-PulseDistributor","MostiFishMod:SupremeArchaeology","REME_HeartOfCthun","testmod-TemporaryDeletion"],"picked":"Panache","floor":48},{"not_picked":["testmod-AdversityCounterattack","MostiFishMod:ButterFly","The Bomb","testmod-PocketStoneCalender"],"picked":"ReplayTheSpireMod:Uncanny Aura","floor":48},{"not_picked":["Rampage+1","Massacre","Fire Breathing","Clash+1"],"picked":"Anger+1","floor":50},{"not_picked":["Clothesline","Twin Strike","Headbutt+1","ReplayTheSpireMod:Stacked"],"picked":"MostiFishMod:CullingBlade","floor":56}],"player_experience":172601,"relics_obtained":[{"floor":1,"key":"SynthV:TestCard"},{"floor":6,"key":"Dream Catcher"},{"floor":10,"key":"Smiling Mask"},{"floor":23,"key":"Tiny Chest"},{"floor":26,"key":"Blue Candle"},{"floor":29,"key":"ReplayTheSpireMod:Lightbulb"},{"floor":31,"key":"Ring of Hypnosis"},{"floor":31,"key":"Ring of Fury"},{"floor":38,"key":"EdensBlessing"},{"floor":38,"key":"Red Skull"},{"floor":45,"key":"Blue Doll"},{"floor":45,"key":"OriginationStaff"},{"floor":46,"key":"Sundial"},{"floor":47,"key":"testmod-FatalChain"},{"floor":56,"key":"Bag of Marbles"}],"event_choices":[{"damage_healed":0,"gold_gain":0,"player_choice":"Ignored","damage_taken":0,"max_hp_gain":0,"max_hp_loss":0,"event_name":"给自己的盒子","floor":4,"gold_loss":0},{"damage_healed":0,"gold_gain":0,"player_choice":"Obtained Relic","damage_taken":0,"relics_obtained":["Nunchaku"],"max_hp_gain":0,"max_hp_loss":0,"event_name":"Addict","floor":19,"gold_loss":85},{"damage_healed":0,"gold_gain":0,"player_choice":"Memory 1","damage_taken":0,"max_hp_gain":0,"max_hp_loss":0,"event_name":"SensoryStone","floor":44,"gold_loss":0},{"damage_healed":0,"gold_gain":0,"player_choice":"Fight","damage_taken":0,"max_hp_gain":0,"max_hp_loss":0,"event_name":"MindBloom","floor":47,"gold_loss":0},{"cards_removed":["Strike_R"],"damage_healed":0,"gold_gain":0,"player_choice":"Removed Attack","damage_taken":0,"max_hp_gain":0,"max_hp_loss":0,"event_name":"Falling","floor":49,"gold_loss":0}],"is_beta":false,"boss_relics":[{"not_picked":["Ring of Chaos","MagicMushroom"],"picked":"Black Blood"},{"not_picked":[]},{"not_picked":["xbg","ChampionBelt"],"picked":"Replay:Ancient Bell"},{"not_picked":[]}],"items_purged_floors":[5,15,27,27,30,32,43,43,48,54,55],"is_endless":false,"potions_floor_spawned":[2,3,11,13,20,21,25,28,33,41,47],"ascension_level":0}}