{"host":"a5lz0e76zb3fcwkm","time":1611723275,"event":{"mods":["AchievementEnabler","BaseMod","Colored Map","Colored Powertips","Minty Spire (QoL Compilation)","StSLib","SuperFastMode"],"gold_per_floor":[115,132,152,162,182,182,182,212,212,212,227,113,132,162,162,162,162],"floor_reached":16,"language":"KOR","playtime":343,"items_purged":["Strike_B"],"score":208,"play_id":"bba70b43-55ff-496c-bbc0-0a32ff3a2d06","local_time":"20210127135435","is_ascension_mode":true,"campfire_choices":[{"floor":6,"key":"REST"},{"data":"Defragment","floor":10,"key":"SMITH"},{"data":"Recycle","floor":15,"key":"SMITH"}],"circlet_count":0,"master_deck":["AscendersBane","Strike_B","Strike_B","Strike_B","Defend_B","Defend_B","Defend_B","Defend_B","Zap","Dualcast","Seek","Cold Snap","Coolheaded","Core Surge","Ball Lightning","Defragment+1","Cold Snap","Self Repair","Blizzard","Recycle+1"],"relics":["Cracked Core","Bronze Scales","Odd Mushroom"],"acts_visited":["Exordium"],"potions_floor_usage":[16,16],"damage_taken":[{"damage":2,"enemies":"Cultist","floor":1,"turns":4},{"damage":5,"enemies":"Jaw Worm","floor":2,"turns":3},{"damage":13,"enemies":"Small Slimes","floor":3,"turns":3},{"damage":30,"enemies":"Exordium Thugs","floor":4,"turns":7},{"damage":7,"enemies":"Exordium Wildlife","floor":5,"turns":7},{"damage":23,"enemies":"Gremlin Nob","floor":8,"turns":4},{"damage":4,"enemies":"Red Slaver","floor":11,"turns":3},{"damage":0,"enemies":"2 Fungi Beasts","floor":13,"turns":3},{"damage":2,"enemies":"The Mushroom Lair","floor":14,"turns":4},{"damage":32,"enemies":"The Guardian","floor":16,"turns":2}],"seed_played":"5124543029689550380","potions_obtained":[{"floor":3,"key":"Ancient Potion"},{"floor":11,"key":"CultistPotion"},{"floor":13,"key":"LiquidBronze"}],"is_trial":false,"path_per_floor":["M","M","M","M","M","R","?","E","T","R","M","$","M","?","R","B"],"character_chosen":"DEFECT","items_purchased":["Self Repair"],"campfire_rested":1,"item_purchase_floors":[12],"current_hp_per_floor":[62,57,44,14,7,28,33,10,10,10,6,6,6,11,11,0,0],"gold":162,"neow_bonus":"ONE_RANDOM_RARE_CARD","is_daily":false,"chose_seed":false,"campfire_upgraded":2,"win_rate":0.0,"timestamp":1611723275,"path_taken":["M","M","M","?","M","R","?","E","T","R","M","$","M","?","R","BOSS"],"items_purchased_type":["Card"],"build_version":"2020-12-22","purchased_purges":1,"victory":false,"max_hp_per_floor":[71,71,71,71,71,71,76,76,76,76,76,76,76,76,76,76,76],"card_choices":[{"not_picked":["Beam Cell","Leap"],"picked":"Cold Snap","floor":1},{"not_picked":["Compile Driver","Barrage"],"picked":"Coolheaded","floor":2},{"not_picked":["Rebound","Steam"],"picked":"Core Surge","floor":3},{"not_picked":["Double Energy","Beam Cell","Conserve Battery"],"picked":"SKIP","floor":4},{"not_picked":["Coolheaded","Chill"],"picked":"Ball Lightning","floor":5},{"not_picked":["Melter","Go for the Eyes"],"picked":"Defragment","floor":8},{"not_picked":["Conserve Battery","Genetic Algorithm"],"picked":"Cold Snap","floor":11},{"not_picked":["Coolheaded","Cold Snap"],"picked":"Blizzard","floor":13},{"not_picked":["Chill","Scrape"],"picked":"Recycle","floor":14}],"player_experience":1814215,"relics_obtained":[{"floor":8,"key":"Bronze Scales"},{"floor":14,"key":"Odd Mushroom"}],"event_choices":[{"damage_healed":0,"gold_gain":0,"player_choice":"Donut","damage_taken":0,"max_hp_gain":5,"max_hp_loss":0,"event_name":"Big Fish","floor":7,"gold_loss":0},{"damage_healed":0,"gold_gain":0,"player_choice":"Fought Mushrooms","damage_taken":0,"max_hp_gain":0,"max_hp_loss":0,"event_name":"Mushrooms","floor":14,"gold_loss":0}],"is_beta":false,"boss_relics":[],"items_purged_floors":[12],"is_endless":false,"potions_floor_spawned":[3,11,13],"killed_by":"The Guardian","ascension_level":20}}