{"host":"95i1gxnztdrdyvhi","time":1611714058,"event":{"mods":["AchievementEnabler","Act Like it!","BaseMod","Downfall","Minty Spire (QoL Compilation)","Quick Restart","StSLib"],"gold_per_floor":[99,118,135,153,253,284,356,385,385,385,385],"floor_reached":9,"language":"ENG","playtime":734,"items_purged":[],"score":61,"play_id":"c8daed18-695c-4ce3-9384-330ad7e91884","local_time":"20210127022058","is_ascension_mode":false,"campfire_choices":[{"data":"bronze:Virus","floor":1,"key":"SMITH"}],"circlet_count":0,"master_deck":["bronze:Strike","bronze:Strike","bronze:Defend","bronze:Defend","bronze:Defend","bronze:Defend","bronze:Replicate","bronze:Goto","bronze:Virus+1","bronze:Overheat","bronze:Invalidate","bronze:HardenedForm+1","bronze:ClassDefault"],"relics":["bronze:BronzeCore","Regal Pillow","Odd Mushroom"],"acts_visited":["Exordium"],"potions_floor_usage":[],"damage_taken":[{"damage":5,"enemies":"2 Louse","floor":2,"turns":2},{"damage":0,"enemies":"Small Slimes","floor":3,"turns":3},{"damage":11,"enemies":"Jaw Worm","floor":4,"turns":2},{"damage":28,"enemies":"downfall:Heads","floor":5,"turns":9},{"damage":18,"enemies":"3 Sentries","floor":6,"turns":6},{"damage":2,"enemies":"The Mushroom Lair","floor":8,"turns":3},{"damage":0,"enemies":"Lagavulin","floor":9,"turns":3}],"seed_played":"-2424125487216879714","potions_obtained":[{"floor":3,"key":"Weak Potion"},{"floor":5,"key":"bronze:BurnAndBuffPotion"}],"is_trial":false,"path_per_floor":["R","M","M","M","?","E","T","?","E"],"character_chosen":"THE_AUTOMATON","items_purchased":[],"campfire_rested":0,"item_purchase_floors":[],"current_hp_per_floor":[70,65,65,54,26,8,8,6,6,6,6],"gold":385,"neow_bonus":"ONE_RANDOM_RARE_CARD","is_daily":false,"chose_seed":false,"campfire_upgraded":1,"win_rate":0.0,"timestamp":1611714058,"path_taken":["R","M","M","M","?","E","T","?","E"],"items_purchased_type":[],"build_version":"2020-12-22","purchased_purges":0,"victory":false,"max_hp_per_floor":[70,70,70,70,70,70,70,70,70,70,70],"card_choices":[{"not_picked":["bronze:ForceShield","bronze:WildBeam"],"picked":"bronze:Overheat","floor":2},{"not_picked":["bronze:DelayedSlice","bronze:DelayedGuard"],"picked":"bronze:Invalidate","floor":3},{"not_picked":["bronze:Shield","bronze:ChildClass","bronze:Frontload"],"picked":"SKIP","floor":4},{"not_picked":["bronze:Overheat","bronze:MaxOutput"],"picked":"bronze:ClassDefault","floor":6}],"player_experience":830153,"relics_obtained":[{"floor":6,"key":"Regal Pillow"},{"floor":8,"key":"Odd Mushroom"}],"event_choices":[{"damage_healed":0,"gold_gain":0,"player_choice":"Fought Mushrooms","damage_taken":0,"max_hp_gain":0,"max_hp_loss":0,"event_name":"Mushrooms","floor":8,"gold_loss":0}],"is_beta":false,"boss_relics":[],"items_purged_floors":[],"is_endless":false,"potions_floor_spawned":[3,5],"killed_by":"Lagavulin","ascension_level":0}}