{"host":"d7fiu2yjkssjxoz6","time":1611709044,"event":{"mods":["AchievementEnabler","BaseMod","Duelist Mod","Minty Spire (QoL Compilation)","StSLib"],"gold_per_floor":[144,161,311,311,329,356,356,356,356],"floor_reached":8,"language":"ENG","playtime":383,"items_purged":[],"score":98,"play_id":"51b7a35f-8a2a-4917-9777-dfd6389909eb","local_time":"20210126165724","is_ascension_mode":true,"campfire_choices":[{"data":"theDuelist:SmashingGround","floor":7,"key":"SMITH"}],"circlet_count":0,"master_deck":["AscendersBane","theDuelist:CastleWalls","theDuelist:CastleWalls","theDuelist:Fissure","theDuelist:FluteKuriboh","theDuelist:FluteKuriboh","theDuelist:Relinkuriboh","theDuelist:Sparks","theDuelist:StormSparks","theDuelist:WingedKuriboh","theDuelist:WingedKuriboh","theDuelist:SmashingGround+1","theDuelist:JunkKuriboh","Doubt","Pain","theDuelist:FuryFire","theDuelist:WingedKuribohLv10"],"relics":["theDuelist:MillenniumPuzzle","theDuelist:CardPoolRelic","theDuelist:CardPoolBasicRelic","theDuelist:BoosterPackPoolRelic","theDuelist:CardPoolAddRelic","theDuelist:CardPoolMinusRelic","theDuelist:CardPoolSaveRelic","theDuelist:CardPoolOptionsRelic","WarpedTongs","Regal Pillow"],"acts_visited":["Exordium"],"potions_floor_usage":[8],"damage_taken":[{"damage":0,"enemies":"Small Slimes","floor":1,"turns":4},{"damage":0,"enemies":"Jaw Worm","floor":2,"turns":4},{"damage":11,"enemies":"Cultist","floor":5,"turns":5},{"damage":52,"enemies":"3 Sentries","floor":6,"turns":7},{"damage":13,"enemies":"Lagavulin","floor":8,"turns":2}],"seed_played":"8966164615741649360","potions_obtained":[{"floor":2,"key":"theDuelist:BurningPotion"},{"floor":6,"key":"theDuelist:DebuffFuryPotion"}],"is_trial":false,"path_per_floor":["M","M","?","?","M","E","R","E"],"character_chosen":"THE_DUELIST","items_purchased":[],"campfire_rested":0,"item_purchase_floors":[],"current_hp_per_floor":[70,70,70,70,59,7,7,0,0],"gold":356,"neow_bonus":"TEN_PERCENT_HP_BONUS","is_daily":false,"chose_seed":false,"campfire_upgraded":1,"win_rate":0.0,"timestamp":1611709044,"path_taken":["M","M","?","?","M","E","R","E"],"items_purchased_type":[],"build_version":"2020-12-22","purchased_purges":0,"victory":false,"max_hp_per_floor":[77,77,77,77,77,77,77,77,77],"card_choices":[{"not_picked":["theDuelist:Blockman","theDuelist:ForbiddenLance","theDuelist:MillenniumGolem","theDuelist:Mathematician"],"picked":"theDuelist:SmashingGround","floor":1},{"not_picked":["theDuelist:Relinkuriboh","theDuelist:FluteKuriboh","theDuelist:DarkFusion","theDuelist:FlameTiger"],"picked":"theDuelist:JunkKuriboh","floor":2},{"not_picked":["theDuelist:EvilswarmHeliotrope","theDuelist:BlackPendant","theDuelist:DarklordSuperbia","theDuelist:Sangan"],"picked":"theDuelist:FuryFire","floor":5},{"not_picked":["theDuelist:LostBlueBreaker","theDuelist:BeastFangs","theDuelist:AmuletAmbition","theDuelist:MultiplicationOfAnts"],"picked":"theDuelist:WingedKuribohLv10","floor":6}],"player_experience":320058,"relics_obtained":[{"floor":6,"key":"Regal Pillow"}],"event_choices":[{"damage_healed":0,"gold_gain":150,"player_choice":"AGREE","damage_taken":0,"max_hp_gain":0,"max_hp_loss":0,"event_name":"Liars Game","floor":3,"gold_loss":0,"cards_obtained":["Doubt"]},{"damage_healed":0,"gold_gain":0,"player_choice":"Rummage","damage_taken":0,"relics_obtained":["WarpedTongs"],"max_hp_gain":0,"max_hp_loss":0,"event_name":"Accursed Blacksmith","floor":4,"gold_loss":0,"cards_obtained":["Pain"]}],"is_beta":false,"boss_relics":[],"items_purged_floors":[],"is_endless":false,"potions_floor_spawned":[2,6],"killed_by":"Lagavulin","ascension_level":15}}