{"host":"bvp2uifzy1c463d9","time":1611771950,"event":{"mods":["AchievementEnabler","BaseMod","Block Reminder","Colored Map","Colored Powertips","Hermit","Highlight Path","Infinite Spire","Minty Spire (QoL Compilation)","Random Character Button","Relic Stats","Replay The Spire","StSLib","The Jungle"],"gold_per_floor":[117,117,133,60,60,60,60,60],"floor_reached":7,"language":"ENG","playtime":403,"items_purged":[],"score":43,"play_id":"f21de1fd-6ce7-4bba-87d0-ce1371880d7c","local_time":"20210127122550","is_ascension_mode":true,"campfire_choices":[{"data":"Eruption","floor":6,"key":"SMITH"}],"circlet_count":0,"master_deck":["Strike_P","Strike_P","Strike_P","Defend_P","Defend_P","Defend_P+1","Defend_P","Eruption+1","Vigilance+1","ThirdEye","Replay:ManipulateFuture"],"relics":["PureWater","Damaru","Juzu Bracelet"],"acts_visited":["Exordium"],"potions_floor_usage":[],"damage_taken":[{"damage":24,"enemies":"Small Slimes","floor":1,"turns":2},{"damage":0,"enemies":"Cultist","floor":3,"turns":3},{"damage":42,"enemies":"3 Sentries","floor":7,"turns":9}],"seed_played":"-764702389275734665","potions_obtained":[],"is_trial":false,"path_per_floor":["M","?","M","?","?","R","E"],"character_chosen":"WATCHER","items_purchased":[],"campfire_rested":0,"item_purchase_floors":[],"current_hp_per_floor":[48,34,34,34,34,34,0,0],"gold":60,"neow_bonus":"RANDOM_COMMON_RELIC","is_daily":false,"chose_seed":false,"campfire_upgraded":1,"win_rate":0.0,"timestamp":1611771950,"path_taken":["M","?","M","?","?","R","E"],"items_purchased_type":[],"build_version":"2020-12-22","purchased_purges":0,"victory":false,"max_hp_per_floor":[72,72,72,72,72,72,72,72],"relic_stats":{"counters":[3,14],"Juzu Bracelet":1,"obtain_stats":[{"Damaru":0,"Juzu Bracelet":4,"PureWater":0},{"Damaru":0,"Juzu Bracelet":2,"PureWater":0},{"Damaru":0,"Juzu Bracelet":5,"PureWater":0}]},"card_choices":[{"not_picked":["CutThroughFate","CarveReality"],"picked":"ThirdEye","floor":1},{"not_picked":["Protect","FlyingSleeves"],"picked":"Replay:ManipulateFuture","floor":3}],"player_experience":192947,"relics_obtained":[],"event_choices":[{"damage_healed":0,"gold_gain":0,"player_choice":"Entered Light","damage_taken":14,"max_hp_gain":0,"max_hp_loss":0,"event_name":"Shining Light","floor":2,"gold_loss":0,"cards_upgraded":["Defend_P","Vigilance"]},{"damage_healed":0,"gold_gain":0,"player_choice":"Paid Gold","damage_taken":0,"relics_obtained":["Juzu Bracelet"],"max_hp_gain":0,"max_hp_loss":0,"event_name":"WeMeetAgain","floor":4,"gold_loss":73},{"cards_removed":["Strike_P"],"damage_healed":0,"gold_gain":0,"player_choice":"Purged","damage_taken":0,"max_hp_gain":0,"max_hp_loss":0,"event_name":"Purifier","floor":5,"gold_loss":0}],"is_beta":false,"boss_relics":[],"items_purged_floors":[],"is_endless":false,"potions_floor_spawned":[],"killed_by":"3 Sentries","ascension_level":2}}