{"host":"9wikrgl9iunlmsmf","time":1611781641,"event":{"mods":["BaseMod","Colored Map","Colored Powertips","Downfall","Hermit","Minty Spire (QoL Compilation)","Replay The Spire","StSLib","The Bug Knight","The Cursed"],"gold_per_floor":[117,134,134,30,49,77,77,89,114,132,142,6,17,17,17,17,17],"floor_reached":16,"language":"ENG","playtime":1176,"items_purged":["Defend_G"],"score":104,"play_id":"eef472fb-618f-4a49-96fb-61dde8cdbe7b","local_time":"20210127220721","is_ascension_mode":false,"campfire_choices":[{"data":"TheCursedMod:CleanUpWorkshop","floor":7,"key":"SMITH"},{"floor":15,"key":"REST"}],"circlet_count":0,"master_deck":["TheCursedMod:Strike_TheCursed","TheCursedMod:Strike_TheCursed","TheCursedMod:Strike_TheCursed","TheCursedMod:Strike_TheCursed","TheCursedMod:Defend_TheCursed","TheCursedMod:Defend_TheCursed","TheCursedMod:Defend_TheCursed","TheCursedMod:Defend_TheCursed","TheCursedMod:CursedWand","TheCursedMod:CleanUpWorkshop+1","TheCursedMod:Dregs","TheCursedMod:CursedStaff","TheCursedMod:SpitefulPlan+1","TheCursedMod:SpitefulStrike","TheCursedMod:AbyssShockwave","TheCursedMod:UltimatePain","TheCursedMod:SmokeScreen","TheCursedMod:FleshFromBone+1","TheCursedMod:ManaBullet","ReplayTheSpireMod:Splinters","TheCursedMod:FuryStrike+1","TheCursedMod:CircleOfCorruption"],"relics":["TheCursedMod:BlackMagic101","NeowsBlessing","Lantern","Tiny Chest","ReplayTheSpireMod:CursedCoin","Juzu Bracelet"],"acts_visited":["Exordium"],"potions_floor_usage":[11,16,16],"damage_taken":[{"damage":0,"enemies":"Cultist","floor":1,"turns":1},{"damage":0,"enemies":"2 Louse","floor":2,"turns":1},{"damage":0,"enemies":"Small Slimes","floor":5,"turns":1},{"damage":7,"enemies":"Replay:BlueRogue","floor":6,"turns":6},{"damage":10,"enemies":"Red Slaver","floor":8,"turns":4},{"damage":11,"enemies":"Blue Slaver","floor":10,"turns":5},{"damage":9,"enemies":"Lots of Slimes","floor":11,"turns":3},{"damage":0,"enemies":"Large Slime","floor":13,"turns":3},{"damage":76,"enemies":"Fading Forest","floor":16,"turns":8}],"seed_played":"-7717157142440211070","potions_obtained":[{"floor":5,"key":"Swift Potion"},{"floor":6,"key":"Explosive Potion"},{"floor":10,"key":"FearPotion"}],"is_trial":false,"path_per_floor":["M","M","?","$","M","E","R","M","T","M","M","$","M","?","R","B"],"character_chosen":"THE_CURSED","items_purchased":["TheCursedMod:SpitefulPlan+1","TheCursedMod:SpitefulStrike","ReplayTheSpireMod:CursedCoin","TheCursedMod:FuryStrike+1","Juzu Bracelet"],"campfire_rested":1,"item_purchase_floors":[4,4,12,12,12],"current_hp_per_floor":[75,75,75,75,75,68,68,58,58,47,38,38,38,38,60,0,0],"gold":17,"neow_bonus":"THREE_ENEMY_KILL","is_daily":false,"chose_seed":false,"campfire_upgraded":1,"win_rate":0.0,"timestamp":1611781641,"path_taken":["M","M","?","$","?","E","R","M","T","M","M","$","M","?","R","BOSS"],"items_purchased_type":["Card","Card","Relic","Card","Relic"],"build_version":"2020-12-22","purchased_purges":1,"victory":false,"max_hp_per_floor":[75,75,75,75,75,75,75,75,75,75,75,75,75,75,75,75,75],"card_choices":[{"not_picked":["TheCursedMod:CursedMace","TheCursedMod:TacticalStrike"],"picked":"TheCursedMod:StingEye","floor":1},{"not_picked":["TheCursedMod:CursedAmulet","TheCursedMod:Evocation"],"picked":"TheCursedMod:CursedStaff","floor":2},{"not_picked":["TheCursedMod:CursedMace","TheCursedMod:SmokeScreen"],"picked":"TheCursedMod:AbyssShockwave","floor":5},{"not_picked":["TheCursedMod:ReleasedStrength","TheCursedMod:CursedShiv"],"picked":"TheCursedMod:UltimatePain","floor":6},{"not_picked":["TheCursedMod:SaltUponWound","TheCursedMod:RavingStaff"],"picked":"TheCursedMod:SmokeScreen","floor":8},{"not_picked":["TheCursedMod:RapidMovement","TheCursedMod:CursedStaff"],"picked":"TheCursedMod:FleshFromBone","floor":10},{"not_picked":["TheCursedMod:SpitefulStrike","TheCursedMod:BlessingInDisguise"],"picked":"TheCursedMod:ManaBullet","floor":11},{"not_picked":["TheCursedMod:SmokeScreen","TheCursedMod:SpitefulStrike"],"picked":"TheCursedMod:CircleOfCorruption","floor":13}],"player_experience":46499,"relics_obtained":[{"floor":6,"key":"Lantern"},{"floor":9,"key":"Tiny Chest"}],"event_choices":[{"cards_removed":["TheCursedMod:StingEye"],"damage_healed":0,"gold_gain":0,"player_choice":"Took Card","damage_taken":0,"max_hp_gain":0,"max_hp_loss":0,"event_name":"NoteForYourself","floor":3,"gold_loss":0,"cards_obtained":["Defend_G"]},{"damage_healed":0,"gold_gain":0,"player_choice":"Grow","damage_taken":0,"max_hp_gain":0,"max_hp_loss":0,"event_name":"Living Wall","floor":14,"gold_loss":0,"cards_upgraded":["TheCursedMod:FleshFromBone"]}],"is_beta":false,"boss_relics":[],"items_purged_floors":[12],"is_endless":false,"potions_floor_spawned":[5,6,10],"killed_by":"Fading Forest","ascension_level":0}}