{"host":"l5zfpd2l2htson6l","time":1611709933,"event":{"mods":["AchievementEnabler","BaseMod","Colored Map","Colored Powertips","Minty Spire (QoL Compilation)","Permanent Neow","Quick Restart","Rare Cards Sparkle","Relic Stats","SuperFastMode"],"gold_per_floor":[113,126,126,126,138,172,172,206,229,229,246,19,54,72,72,171,171,185,236,236,263,15,15,28,57,57,90,100,100,116,26,26,26,26],"floor_reached":33,"language":"ENG","playtime":1851,"items_purged":["Decay"],"score":424,"play_id":"c3042d6d-9e2f-43b3-810a-9f986f66b0c0","local_time":"20210126171213","is_ascension_mode":true,"campfire_choices":[{"floor":7.0,"key":"REST"},{"data":"Clothesline","floor":10.0,"key":"SMITH"},{"floor":15.0,"key":"REST"},{"data":"Whirlwind","floor":23.0,"key":"SMITH"},{"data":"Defend_R","floor":29,"key":"SMITH"},{"data":"Second Wind","floor":32,"key":"SMITH"}],"circlet_count":0,"master_deck":["Strike_R","Strike_R+1","Strike_R","Defend_R","Defend_R+1","Defend_R+1","Bash+1","Dropkick","Pommel Strike+1","Headbutt","Fiend Fire","Clothesline+1","Whirlwind+1","Demon Form","Shrug It Off+1","Second Wind+1","Sentinel+1"],"relics":["Burning Blood","Nunchaku","Tiny Chest","Whetstone","Red Skull","Charon\u0027s Ashes","Coffee Dripper","Juzu Bracelet","MealTicket","InkBottle","Oddly Smooth Stone","Akabeko","Sundial"],"acts_visited":["Exordium","TheCity"],"potions_floor_usage":[33,33,33],"damage_taken":[{"damage":8.0,"enemies":"Jaw Worm","floor":1.0,"turns":5.0},{"damage":10.0,"enemies":"2 Louse","floor":2.0,"turns":3.0},{"damage":3.0,"enemies":"Cultist","floor":5.0,"turns":3.0},{"damage":38.0,"enemies":"3 Sentries","floor":6.0,"turns":12.0},{"damage":10.0,"enemies":"Gremlin Nob","floor":8.0,"turns":3.0},{"damage":11.0,"enemies":"Red Slaver","floor":11.0,"turns":3.0},{"damage":8.0,"enemies":"3 Sentries","floor":13.0,"turns":5.0},{"damage":0.0,"enemies":"Large Slime","floor":14.0,"turns":2.0},{"damage":37.0,"enemies":"The Guardian","floor":16.0,"turns":7.0},{"damage":28.0,"enemies":"2 Thieves","floor":18.0,"turns":4.0},{"damage":2.0,"enemies":"Shell Parasite","floor":24.0,"turns":2.0},{"damage":41.0,"enemies":"Slavers","floor":25.0,"turns":4.0},{"damage":27,"enemies":"Book of Stabbing","floor":27,"turns":4},{"damage":0,"enemies":"Snake Plant","floor":28,"turns":1},{"damage":3,"enemies":"Cultist and Chosen","floor":30,"turns":2},{"damage":46,"enemies":"Collector","floor":33,"turns":5}],"seed_played":"-5511762792228218220","potions_obtained":[{"floor":1.0,"key":"DuplicationPotion"},{"floor":2.0,"key":"BlessingOfTheForge"},{"floor":6.0,"key":"EssenceOfSteel"},{"floor":8.0,"key":"Energy Potion"},{"floor":24.0,"key":"SpeedPotion"},{"floor":25.0,"key":"SpeedPotion"},{"floor":27,"key":"Explosive Potion"},{"floor":30,"key":"DistilledChaos"}],"is_trial":false,"path_per_floor":["M","M","?","?","M","E","R","E","T","R","M","$","E","M","R","B",null,"M","T","?","T","$","R","M","E","T","E","M","R","M","?","R","B"],"character_chosen":"IRONCLAD","items_purchased":["Red Skull","InkBottle"],"campfire_rested":2,"item_purchase_floors":[12,22],"current_hp_per_floor":[49,45,45,45,48,16,40,36,36,36,31,31,29,35,59,28,67,45,45,45,45,60,60,64,29,29,8,14,14,17,17,17,0,0],"gold":26,"neow_bonus":"REMOVE_TWO","is_daily":false,"chose_seed":false,"campfire_upgraded":4,"win_rate":0.0,"timestamp":1611709933,"path_taken":["M","M","?","?","M","E","R","E","T","R","?","$","E","M","R","BOSS","M","?","?","?","$","R","M","E","T","E","M","R","M","?","R","BOSS"],"items_purchased_type":["Relic","Relic"],"build_version":"2020-12-22","purchased_purges":1,"victory":false,"max_hp_per_floor":[80,80,80,80,80,80,80,80,80,80,80,80,80,80,80,80,80,80,80,80,80,80,80,80,80,80,80,80,80,80,80,80,80,80],"relic_stats":{"Nunchaku":[7],"counters":[16,65],"Sundial":[0],"Tiny Chest":1,"MealTicket":15,"Charon\u0027s Ashes":[114],"Juzu Bracelet":0,"Whetstone":["Pommel Strike","Strike_R"],"obtain_stats":[{"Oddly Smooth Stone":25,"Charon\u0027s Ashes":13,"Juzu Bracelet":19,"Whetstone":9,"Burning Blood":0,"Akabeko":26,"Nunchaku":6,"Sundial":27,"Tiny Chest":8,"MealTicket":21,"Coffee Dripper":17,"Red Skull":12,"InkBottle":22},{"Oddly Smooth Stone":12,"Charon\u0027s Ashes":7,"Juzu Bracelet":10,"Whetstone":5,"Burning Blood":0,"Akabeko":12,"Nunchaku":4,"Sundial":13,"Tiny Chest":5,"MealTicket":10,"Coffee Dripper":9,"Red Skull":6,"InkBottle":10},{"Oddly Smooth Stone":53,"Charon\u0027s Ashes":34,"Juzu Bracelet":47,"Whetstone":26,"Burning Blood":0,"Akabeko":53,"Nunchaku":23,"Sundial":57,"Tiny Chest":26,"MealTicket":47,"Coffee Dripper":43,"Red Skull":29,"InkBottle":47}],"Burning Blood":90,"InkBottle":[3]},"card_choices":[{"not_picked":["Thunderclap","Iron Wave"],"picked":"Dropkick","floor":1.0},{"not_picked":["Body Slam","Power Through"],"picked":"Pommel Strike","floor":2.0},{"not_picked":["Double Tap","True Grit"],"picked":"Headbutt","floor":5.0},{"not_picked":["Shrug It Off","Clash"],"picked":"Fiend Fire","floor":6.0},{"not_picked":["True Grit","Havoc"],"picked":"Clothesline","floor":8.0},{"not_picked":["Thunderclap","Seeing Red"],"picked":"Whirlwind","floor":11.0},{"not_picked":["Cleave","Double Tap","Sentinel"],"picked":"SKIP","floor":13.0},{"not_picked":["Headbutt","Whirlwind","Armaments"],"picked":"SKIP","floor":14.0},{"not_picked":["Bludgeon","Immolate"],"picked":"Demon Form","floor":16.0},{"not_picked":["Clash","Twin Strike","Wild Strike"],"picked":"SKIP","floor":18.0},{"not_picked":["Wild Strike","Sentinel","Thunderclap+1"],"picked":"SKIP","floor":24.0},{"not_picked":["Combust+1","Heavy Blade"],"picked":"Shrug It Off+1","floor":25.0},{"not_picked":["Heavy Blade","Cleave","Searing Blow"],"picked":"SKIP","floor":27},{"not_picked":["Headbutt","Twin Strike"],"picked":"Second Wind","floor":28},{"not_picked":["Dual Wield","Clash"],"picked":"Sentinel+1","floor":30}],"player_experience":716559,"relics_obtained":[{"floor":6.0,"key":"Nunchaku"},{"floor":8.0,"key":"Tiny Chest"},{"floor":9.0,"key":"Whetstone"},{"floor":13.0,"key":"Charon\u0027s Ashes"},{"floor":19.0,"key":"Juzu Bracelet"},{"floor":21.0,"key":"MealTicket"},{"floor":25.0,"key":"Oddly Smooth Stone"},{"floor":26.0,"key":"Akabeko"},{"floor":27,"key":"Sundial"}],"event_choices":[{"damage_healed":0.0,"max_hp_gain":0.0,"max_hp_loss":0.0,"gold_gain":0.0,"event_name":"Living Wall","player_choice":"Grow","floor":3.0,"gold_loss":0.0,"damage_taken":0.0,"cards_upgraded":["Bash"]},{"damage_healed":0.0,"max_hp_gain":0.0,"max_hp_loss":0.0,"gold_gain":0.0,"event_name":"Wheel of Change","player_choice":"Cursed","floor":4.0,"gold_loss":0.0,"damage_taken":0.0,"cards_obtained":["Decay"]},{"damage_healed":0.0,"max_hp_gain":0.0,"max_hp_loss":0.0,"gold_gain":0.0,"event_name":"Ghosts","player_choice":"Ignored","floor":20.0,"gold_loss":0.0,"damage_taken":0.0},{"cards_removed":["Strike_R"],"damage_healed":0,"gold_gain":0,"player_choice":"Upgrade and Remove","damage_taken":0,"max_hp_gain":0,"max_hp_loss":0,"event_name":"Designer","floor":31,"gold_loss":90,"cards_upgraded":["Defend_R"]}],"is_beta":false,"boss_relics":[{"not_picked":["Busted Crown","Astrolabe"],"picked":"Coffee Dripper"}],"items_purged_floors":[12],"is_endless":false,"potions_floor_spawned":[1,2,6,8,24,25,27,30],"killed_by":"Collector","ascension_level":8}}