{"host":"254qdhpnbonm8z0p","time":1611746155,"event":{"mods":["AchievementEnabler","BaseMod","Block Reminder","Colored Map","Colored Powertips","Minty Spire (QoL Compilation)","ojb\u0027s Better Paths Mod"],"gold_per_floor":[115,40,115,125,137,171,171,171,220,220,240,240,240,272,272,375,375,393,393,421,421,434,468,468,45,45,56,72,72,83,83,83,83,83],"floor_reached":33,"language":"ENG","playtime":3196,"items_purged":["Strike_R","Strike_R"],"score":287,"play_id":"6ea23ba8-8bd9-4a93-9b2c-679ed04cf7c4","local_time":"20210127031555","is_ascension_mode":true,"campfire_choices":[{"floor":7,"key":"RECALL"},{"data":"Armaments","floor":13,"key":"SMITH"},{"floor":15,"key":"REST"},{"floor":24,"key":"REST"},{"data":"Searing Blow+1","floor":29,"key":"SMITH"},{"floor":32,"key":"REST"}],"circlet_count":0,"master_deck":["Strike_R","Defend_R","Defend_R","Defend_R","Bash","Pommel Strike","Seeing Red+1","Infernal Blade","Infernal Blade","Armaments+1","CurseOfTheBell","Heavy Blade","Pommel Strike+1","Metallicize","Searing Blow+2","Barricade"],"relics":["Burning Blood","Ancient Tea Set","Bird Faced Urn","Calling Bell","Boot","White Beast Statue","Thread and Needle","Red Mask","Bottled Flame","Blood Vial","HandDrill","Darkstone Periapt","Bag of Preparation"],"acts_visited":["Exordium","TheCity"],"potions_floor_usage":[15,16,20,23,23,28,33],"damage_taken":[{"damage":8,"enemies":"2 Louse","floor":1,"turns":3},{"damage":2,"enemies":"Cultist","floor":4,"turns":5},{"damage":2,"enemies":"Jaw Worm","floor":5,"turns":5},{"damage":75,"enemies":"Gremlin Nob","floor":6,"turns":7},{"damage":0,"enemies":"Large Slime","floor":11,"turns":4},{"damage":25,"enemies":"3 Sentries","floor":14,"turns":9},{"damage":54,"enemies":"Slime Boss","floor":16,"turns":15},{"damage":23,"enemies":"3 Byrds","floor":18,"turns":7},{"damage":58,"enemies":"Masked Bandits","floor":20,"turns":6},{"damage":0,"enemies":"Chosen","floor":22,"turns":4},{"damage":16,"enemies":"Slavers","floor":23,"turns":6},{"damage":8,"enemies":"Snake Plant","floor":27,"turns":4},{"damage":4,"enemies":"Cultist and Chosen","floor":28,"turns":10},{"damage":7,"enemies":"Shelled Parasite and Fungi","floor":30,"turns":4},{"damage":96,"enemies":"Automaton","floor":33,"turns":6}],"seed_played":"-6653645429362164561","potions_obtained":[{"floor":4,"key":"FairyPotion"},{"floor":11,"key":"DuplicationPotion"},{"floor":14,"key":"Fruit Juice"},{"floor":16,"key":"Regen Potion"},{"floor":18,"key":"Energy Potion"},{"floor":20,"key":"DistilledChaos"},{"floor":22,"key":"Explosive Potion"},{"floor":23,"key":"LiquidBronze"},{"floor":27,"key":"FearPotion"},{"floor":28,"key":"SpeedPotion"},{"floor":30,"key":"PowerPotion"}],"is_trial":false,"path_per_floor":["M","$","?","M","M","E","R","?","T","?","M","?","R","E","R","B",null,"M","?","?","?","M","E","R","$","T","M","M","R","M","?","R","B"],"character_chosen":"IRONCLAD","items_purchased":["Blood Vial","HandDrill","Metallicize"],"campfire_rested":3,"item_purchase_floors":[25,25,25],"current_hp_per_floor":[78,78,67,71,75,30,30,56,56,56,62,55,55,36,65,17,85,68,68,25,25,31,21,46,46,46,48,54,54,55,55,80,0,0],"gold":83,"neow_bonus":"REMOVE_CARD","is_daily":false,"chose_seed":false,"campfire_upgraded":2,"win_rate":0.0,"timestamp":1611746155,"path_taken":["M","$","?","M","M","E","R","?","T","?","?","?","R","E","R","BOSS","M","?","?","?","?","E","R","$","T","M","M","R","M","?","R","BOSS"],"items_purchased_type":["Relic","Relic","Card"],"build_version":"2020-12-22","purchased_purges":2,"victory":false,"max_hp_per_floor":[80,80,80,80,80,80,80,80,80,80,80,80,80,80,85,85,85,85,85,85,85,85,85,85,85,85,85,85,85,85,85,85,85,85],"card_choices":[{"not_picked":["Sword Boomerang","Pummel"],"picked":"Pommel Strike","floor":1},{"not_picked":["Warcry","Perfected Strike"],"picked":"Seeing Red","floor":4},{"not_picked":["Searing Blow","Uppercut"],"picked":"Infernal Blade","floor":5},{"not_picked":["Cleave","Thunderclap"],"picked":"Infernal Blade","floor":6},{"not_picked":["Cleave","Iron Wave"],"picked":"Armaments","floor":11},{"not_picked":["Offering","Clothesline","Entrench"],"picked":"SKIP","floor":14},{"not_picked":["Entrench","Bloodletting","Headbutt"],"picked":"SKIP","floor":18},{"not_picked":["Dual Wield","Cleave"],"picked":"Pommel Strike+1","floor":20},{"not_picked":["Flex","Pummel","Body Slam+1"],"picked":"SKIP","floor":22},{"not_picked":["Warcry","Wild Strike+1","Battle Trance"],"picked":"SKIP","floor":23},{"not_picked":["Warcry","Thunderclap+1"],"picked":"Searing Blow+1","floor":27},{"not_picked":["Reckless Charge","Flex","Iron Wave"],"picked":"SKIP","floor":28},{"not_picked":["Perfected Strike","Armaments"],"picked":"Barricade","floor":30}],"player_experience":110375,"relics_obtained":[{"floor":6,"key":"Ancient Tea Set"},{"floor":14,"key":"Bird Faced Urn"},{"floor":17,"key":"Boot"},{"floor":17,"key":"White Beast Statue"},{"floor":17,"key":"Thread and Needle"},{"floor":20,"key":"Red Mask"},{"floor":23,"key":"Bottled Flame"},{"floor":26,"key":"Darkstone Periapt"}],"event_choices":[{"damage_healed":0,"gold_gain":75,"player_choice":"Gather Gold","damage_taken":11,"max_hp_gain":0,"max_hp_loss":0,"event_name":"World of Goop","floor":3,"gold_loss":0},{"damage_healed":26,"gold_gain":0,"player_choice":"Banana","damage_taken":0,"max_hp_gain":0,"max_hp_loss":0,"event_name":"Big Fish","floor":8,"gold_loss":0},{"cards_removed":["Defend_R"],"damage_healed":0,"gold_gain":0,"player_choice":"Purged","damage_taken":0,"max_hp_gain":0,"max_hp_loss":0,"event_name":"Purifier","floor":10,"gold_loss":0},{"cards_removed":["Strike_R"],"damage_healed":0,"gold_gain":0,"player_choice":"Card Removal","damage_taken":7,"max_hp_gain":0,"max_hp_loss":0,"event_name":"Golden Wing","floor":12,"gold_loss":0},{"damage_healed":0,"gold_gain":0,"player_choice":"Read","damage_taken":0,"max_hp_gain":0,"max_hp_loss":0,"event_name":"The Library","floor":19,"gold_loss":0,"cards_obtained":["Heavy Blade"]},{"damage_healed":0,"gold_gain":0,"player_choice":"Fought Bandits","damage_taken":0,"max_hp_gain":0,"max_hp_loss":0,"event_name":"Masked Bandits","floor":20,"gold_loss":0},{"damage_healed":0,"gold_gain":0,"player_choice":"Forge","damage_taken":0,"max_hp_gain":0,"max_hp_loss":0,"event_name":"Accursed Blacksmith","floor":21,"gold_loss":0,"cards_upgraded":["Seeing Red"]},{"damage_healed":0,"gold_gain":0,"player_choice":"Gave Potion","damage_taken":0,"relics_obtained":["Bag of Preparation"],"max_hp_gain":0,"max_hp_loss":0,"event_name":"WeMeetAgain","floor":31,"gold_loss":0}],"is_beta":false,"boss_relics":[{"not_picked":["Tiny House","Ectoplasm"],"picked":"Calling Bell"}],"items_purged_floors":[2,25],"is_endless":false,"potions_floor_spawned":[4,11,14,16,18,20,22,23,27,28,30],"killed_by":"Automaton","ascension_level":1}}