{"host":"8fnghcq8tvbg6z9e","time":1611748752,"event":{"mods":["BaseMod","Downfall","Minty Spire (QoL Compilation)","Quick Restart","StSLib"],"gold_per_floor":[109,109,122,122,72,104,104,122,122,122,132,146,164,182,182,281,281,292,305,316,29,29,29,48,48,48,58,58,58,58,71,71,71,71],"floor_reached":33,"language":"ZHS","playtime":1121,"items_purged":[],"score":276,"play_id":"e19d35f7-9efb-430b-9758-b8b050a4e137","local_time":"20210127195912","is_ascension_mode":false,"campfire_choices":[{"floor":7.0,"key":"RECALL"},{"data":"Shrug It Off","floor":10.0,"key":"SMITH"},{"data":"Flex","floor":15.0,"key":"SMITH"},{"data":"Fire Breathing","floor":23,"key":"SMITH"},{"floor":25,"key":"REST"},{"floor":30,"key":"REST"},{"data":"Wild Strike","floor":32,"key":"SMITH"}],"circlet_count":0,"master_deck":["Defend_R+1","Defend_R","Defend_R","Bash","Battle Trance+1","Shrug It Off+1","Flex+1","Immolate","Wild Strike+1","Fire Breathing+1","Shrug It Off+1","Slimebound:Tackle+1","Slimebound:Tackle+1","Slimebound:Tackle+1","Inflame+1"],"relics":["Black Blood","NeowsBlessing","Mummified Hand","Matryoshka","Orrery","Dream Catcher","Oddly Smooth Stone","Bag of Preparation","Lantern"],"acts_visited":["Exordium","TheCity"],"potions_floor_usage":[20,20,31],"damage_taken":[{"damage":0.0,"enemies":"2 Louse","floor":1.0,"turns":1.0},{"damage":0.0,"enemies":"Jaw Worm","floor":3.0,"turns":1.0},{"damage":0.0,"enemies":"3 Sentries","floor":6.0,"turns":1.0},{"damage":4.0,"enemies":"Small Slimes","floor":8.0,"turns":5.0},{"damage":7.0,"enemies":"Exordium Thugs","floor":11.0,"turns":6.0},{"damage":2.0,"enemies":"Lots of Slimes","floor":12.0,"turns":7.0},{"damage":4.0,"enemies":"Blue Slaver","floor":13.0,"turns":4.0},{"damage":3.0,"enemies":"3 Louse","floor":14.0,"turns":5.0},{"damage":30.0,"enemies":"Slime Boss","floor":16.0,"turns":13.0},{"damage":23.0,"enemies":"Chosen","floor":18.0,"turns":6.0},{"damage":16.0,"enemies":"3 Byrds","floor":19.0,"turns":4.0},{"damage":24,"enemies":"Snake Plant","floor":20,"turns":5},{"damage":25,"enemies":"Centurion and Healer","floor":24,"turns":6},{"damage":7,"enemies":"Snecko","floor":27,"turns":6},{"damage":9,"enemies":"Snake Plant","floor":31,"turns":2},{"damage":56,"enemies":"Automaton","floor":33,"turns":8}],"seed_played":"-7497233033906702560","potions_obtained":[{"floor":3.0,"key":"Strength Potion"},{"floor":12.0,"key":"SteroidPotion"},{"floor":13.0,"key":"Strength Potion"},{"floor":19.0,"key":"ColorlessPotion"},{"floor":27,"key":"Ancient Potion"},{"floor":31,"key":"champ:CounterPotion"}],"is_trial":false,"path_per_floor":["M","?","M","?","?","E","R","M","T","R","M","M","M","M","R","B",null,"M","M","M","$","?","R","M","R","T","M","?","T","R","M","R","B"],"character_chosen":"IRONCLAD","items_purchased":["Orrery","Dream Catcher"],"campfire_rested":2,"item_purchase_floors":[21,21],"current_hp_per_floor":[80,80,80,64,64,70,70,72,72,72,71,75,77,80,80,56,80,69,65,53,53,53,53,40,64,64,69,69,69,80,80,80,24,24],"gold":71,"neow_bonus":"THREE_ENEMY_KILL","is_daily":false,"chose_seed":false,"campfire_upgraded":4,"win_rate":0.0,"timestamp":1611748752,"path_taken":["M","?","M","?","?","E","R","M","T","R","M","M","M","M","R","BOSS","M","M","M","$","?","R","M","R","T","?","?","?","R","M","R","BOSS"],"items_purchased_type":["Relic","Relic"],"build_version":"2020-12-22","purchased_purges":0,"victory":false,"max_hp_per_floor":[80,80,80,80,80,80,80,80,80,80,80,80,80,80,80,80,80,80,80,80,80,80,80,80,80,80,80,80,80,80,80,80,80,80],"card_choices":[{"not_picked":["Havoc","Heavy Blade","Iron Wave"],"picked":"SKIP","floor":1.0},{"not_picked":["True Grit","Body Slam"],"picked":"Battle Trance","floor":3.0},{"not_picked":["Anger","Sword Boomerang","Iron Wave"],"picked":"SKIP","floor":6.0},{"not_picked":["Cleave","Reckless Charge"],"picked":"Shrug It Off","floor":8.0},{"not_picked":["Burning Pact","Heavy Blade","Searing Blow"],"picked":"SKIP","floor":11.0},{"not_picked":["Iron Wave","Feed"],"picked":"Flex","floor":12.0},{"not_picked":["True Grit","Clash","Ghostly Armor"],"picked":"SKIP","floor":13.0},{"not_picked":["Iron Wave","Burning Pact","Twin Strike"],"picked":"SKIP","floor":14.0},{"not_picked":["Juggernaut","Berserk"],"picked":"Immolate","floor":16.0},{"not_picked":["Battle Trance","Spot Weakness","Second Wind"],"picked":"SKIP","floor":18.0},{"not_picked":["Clash","Hemokinesis"],"picked":"Wild Strike","floor":19.0},{"not_picked":["True Grit+1","Thunderclap"],"picked":"Fire Breathing","floor":20},{"not_picked":["Pommel Strike","Whirlwind+1"],"picked":"Shrug It Off+1","floor":21},{"not_picked":["Armaments","Cleave","Clash"],"picked":"SKIP","floor":24},{"not_picked":["Clash","Whirlwind","Flame Barrier"],"picked":"SKIP","floor":27},{"not_picked":["Anger+1","Bludgeon"],"picked":"Inflame+1","floor":31}],"player_experience":186962,"relics_obtained":[{"floor":6.0,"key":"Mummified Hand"},{"floor":9.0,"key":"Matryoshka"},{"floor":26,"key":"Oddly Smooth Stone"},{"floor":29,"key":"Bag of Preparation"},{"floor":29,"key":"Lantern"}],"event_choices":[{"cards_removed":["Strike_R"],"damage_healed":0.0,"max_hp_gain":0.0,"max_hp_loss":0.0,"gold_gain":0.0,"event_name":"Living Wall","player_choice":"Forget","floor":2.0,"gold_loss":0.0,"damage_taken":0.0},{"damage_healed":0.0,"max_hp_gain":0.0,"max_hp_loss":0.0,"gold_gain":0.0,"event_name":"Shining Light","player_choice":"Entered Light","floor":4.0,"gold_loss":0.0,"damage_taken":16.0,"cards_upgraded":["Defend_R","Battle Trance"]},{"cards_removed":["Defend_R"],"damage_healed":0.0,"max_hp_gain":0.0,"max_hp_loss":0.0,"gold_gain":0.0,"event_name":"The Cleric","player_choice":"Card Removal","floor":5.0,"gold_loss":50.0,"damage_taken":0.0},{"cards_removed":["Strike_R"],"damage_healed":0,"gold_gain":0,"player_choice":"Purged","damage_taken":0,"max_hp_gain":0,"max_hp_loss":0,"event_name":"Purifier","floor":22,"gold_loss":0}],"is_beta":false,"boss_relics":[{"not_picked":["Runic Dome","Ectoplasm"],"picked":"Black Blood"}],"items_purged_floors":[],"is_endless":false,"potions_floor_spawned":[3,12,13,14,19,27,31],"killed_by":"Automaton","ascension_level":0}}