{"host":"0ricjaa7rfq9v76t","time":1611748040,"event":{"mods":["AchievementEnabler","Aspiration","BaseMod","Better Vampires","BetterRewards","Colored Powertips","Downfall","Highlight Path","Hubris","Infinite Spire","Minty Spire (QoL Compilation)","Quick Restart","Rare Cards Sparkle","Relic Sorter","Reliquary","Replay The Spire","StSLib","SuperFastMode","Synergy Search","The Cursed","The Disciple","The Jungle","The Marked","Uncapped"],"gold_per_floor":[113,123,141,316,328,328,328,328,328,328,30,330,341,353,353,449,449,462,477,447,464,478,478,492,492,492,73,73,93,12,24,24,121,121,132,132,132,147,160,160,171,171,171],"floor_reached":42,"language":"ENG","playtime":2045,"items_purged":["Strike_B","Strike_B","Voices"],"score":394,"play_id":"b49e7353-65cc-4fad-8f80-5df7c46a5604","local_time":"20210127194720","is_ascension_mode":false,"campfire_choices":[{"data":"Doubt","floor":6,"key":"PURGE"},{"data":"Defend_B","floor":10,"key":"PURGE"},{"floor":15,"key":"REST"},{"floor":23,"key":"REST"},{"floor":25,"key":"REST"},{"floor":32,"key":"REST"},{"floor":40,"key":"REST"}],"circlet_count":0,"master_deck":["Strike_B","Strike_B","Defend_B","Defend_B","Defend_B","Zap","Dualcast","Static Discharge","Gash+1","Mirror Shield","Scrape","Storm","Conserve Battery","Time Bomb","Biased Cognition","Gash+1","hubris:Ukulele","Ball Lightning","ReplayGash","White Noise","Storm","Gash+1","Self Repair","Electrodynamics","Parasite","Stack+1"],"relics":["Cracked Core","Peace Pipe","Quantum Egg","hubris:BottledRain","hubris:ToyBattleship","Old Coin","Replay:Bottled Eggs","infinitespire:Satchel","Bag of Preparation","aspiration:RitualStick","Black Star","Durian"],"acts_visited":["Exordium","TheCity","TheBeyond"],"potions_floor_usage":[16,16,21,31,31,31,33,33],"damage_taken":[{"damage":1,"enemies":"Cultist","floor":1,"turns":3},{"damage":7,"enemies":"Small Slimes","floor":2,"turns":3},{"damage":6,"enemies":"Jaw Worm","floor":3,"turns":3},{"damage":5,"enemies":"Looter","floor":5,"turns":3},{"damage":4,"enemies":"2 Fungi Beasts","floor":13,"turns":3},{"damage":13,"enemies":"3 Louse","floor":14,"turns":3},{"damage":27,"enemies":"Fading Forest","floor":16,"turns":11},{"damage":20,"enemies":"3 Byrds","floor":18,"turns":4},{"damage":3,"enemies":"Chosen","floor":19,"turns":4},{"damage":23,"enemies":"Snake Plant","floor":21,"turns":4},{"damage":1,"enemies":"Snecko","floor":22,"turns":4},{"damage":25,"enemies":"Shelled Parasite and Fungi","floor":24,"turns":4},{"damage":3,"enemies":"Chosen and Byrds","floor":29,"turns":3},{"damage":19,"enemies":"Cultist and Chosen","floor":31,"turns":4},{"damage":26,"enemies":"hubris:MusketHawk","floor":33,"turns":5},{"damage":10,"enemies":"Orb Walker","floor":35,"turns":2},{"damage":46,"enemies":"3 Darklings","floor":38,"turns":4},{"damage":30,"enemies":"Writhing Mass","floor":39,"turns":6},{"damage":22,"enemies":"4 Shapes","floor":41,"turns":3},{"damage":14,"enemies":"3 Darklings","floor":42,"turns":2}],"seed_played":"-2410523372418310743","potions_obtained":[{"floor":2,"key":"Fire Potion"},{"floor":14,"key":"SneckoOil"},{"floor":19,"key":"Elixir"},{"floor":20,"key":"Dexterity Potion"},{"floor":20,"key":"Reflective Coating"},{"floor":24,"key":"SneckoOil"},{"floor":29,"key":"Swift Potion"},{"floor":33,"key":"Fruit Juice"},{"floor":39,"key":"Milkshake"}],"is_trial":false,"path_per_floor":["M","M","M","?","M","R","T","?","T","R","$","?","M","M","R","B",null,"M","M","?","M","M","R","M","R","T","$","?","M","$","M","R","B",null,"M","?","AVR","M","M","R","M","M"],"character_chosen":"DEFECT","items_purchased":["Static Discharge","Peace Pipe","Scrape","Storm","Conserve Battery","White Noise","Storm","infinitespire:Satchel","Bag of Preparation","Self Repair"],"campfire_rested":5,"item_purchase_floors":[0,0,11,11,11,27,27,27,27,30],"current_hp_per_floor":[56,49,43,43,38,38,38,38,38,38,38,26,22,9,31,38,75,55,52,52,29,28,50,25,47,47,47,32,29,29,17,39,18,80,70,70,75,36,6,31,9,0,0],"gold":171,"neow_bonus":"","is_daily":false,"chose_seed":false,"campfire_upgraded":0,"win_rate":0.0,"timestamp":1611748040,"path_taken":["M","?","M","?","M","R","?","?","T","R","$","?","M","M","R","BOSS","M","M","?","?","M","R","M","R","T","$","?","M","$","M","R","BOSS","M","?","AVR","M","M","R","M","M"],"items_purchased_type":["Card","Relic","Card","Card","Card","Card","Card","Relic","Relic","Card"],"build_version":"2020-12-22","purchased_purges":3,"victory":false,"max_hp_per_floor":[75,75,75,75,75,75,75,75,75,75,75,75,75,75,75,75,75,75,75,75,75,75,75,75,75,75,75,75,75,75,75,75,80,80,80,80,85,85,85,85,85,85,85],"card_choices":[{"not_picked":["Barrage","Beam Cell","Steam"],"picked":"SKIP","floor":1},{"not_picked":["Hologram","Beam Cell","Chaos"],"picked":"SKIP","floor":2},{"not_picked":["ReplayTheSpireMod:GoodbyeWorld","FTL"],"picked":"Gash","floor":3},{"not_picked":["Coolheaded","Chill"],"picked":"Mirror Shield","floor":5},{"not_picked":["Doom and Gloom","Rebound"],"picked":"Time Bomb","floor":13},{"not_picked":["Compile Driver","Hologram","Beam Cell"],"picked":"SKIP","floor":14},{"not_picked":["Fission","hubris:DoWhile"],"picked":"Biased Cognition","floor":16},{"not_picked":["Streamline","Coolheaded"],"picked":"Gash","floor":18},{"not_picked":["Hologram+1","Barrage+1"],"picked":"hubris:Ukulele","floor":19},{"not_picked":["Hologram","Capacitor"],"picked":"Ball Lightning","floor":21},{"not_picked":["Doom and Gloom","Go for the Eyes","Redo"],"picked":"SKIP","floor":22},{"not_picked":["BootSequence","Static Discharge"],"picked":"ReplayGash","floor":24},{"not_picked":["ReplayTheSpireMod:Omega Cannon","Steam+1"],"picked":"Gash+1","floor":29},{"not_picked":["ReplaySolidLightProjector","FTL+1","Sunder"],"picked":"SKIP","floor":31},{"not_picked":["ReplayTheSpireMod:Fabricate Wheel","Biased Cognition"],"picked":"Electrodynamics","floor":33},{"not_picked":["ReplayTheSpireMod:Repulse","Blizzard+1","Tempest"],"picked":"SKIP","floor":35},{"not_picked":["Ball Lightning+1","Conserve Battery","ReplayTheSpireMod:Calculation Training+1"],"picked":"SKIP","floor":38},{"not_picked":["Glacier","Ball Lightning"],"picked":"Stack+1","floor":39},{"not_picked":["Coolheaded","hubris:Ukulele+1","Conserve Battery+1"],"picked":"SKIP","floor":41}],"player_experience":219506,"relics_obtained":[{"floor":7,"key":"Quantum Egg"},{"floor":8,"key":"hubris:BottledRain"},{"floor":9,"key":"hubris:ToyBattleship"},{"floor":26,"key":"Replay:Bottled Eggs"}],"event_choices":[{"damage_healed":0,"gold_gain":175,"player_choice":"AGREE","damage_taken":0,"max_hp_gain":0,"max_hp_loss":0,"event_name":"Liars Game","floor":4,"gold_loss":0,"cards_obtained":["Doubt"]},{"damage_healed":0,"gold_gain":0,"player_choice":"Success","damage_taken":12,"relics_obtained":["Old Coin"],"max_hp_gain":0,"max_hp_loss":0,"event_name":"Scrap Ooze","floor":12,"gold_loss":0},{"damage_healed":0,"gold_gain":0,"player_choice":"Bought 2 Potions","damage_taken":0,"max_hp_gain":0,"max_hp_loss":0,"event_name":"The Woman in Blue","floor":20,"gold_loss":0}],"is_beta":false,"boss_relics":[{"not_picked":["hubris:TerracottaHorce","Fusion Hammer","reliquary:RedCape"]},{"not_picked":["aspiration:SecretTechniqueScroll","hubris:RunicObelisk"],"picked":"Black Star"}],"items_purged_floors":[0,11,37],"is_endless":false,"potions_floor_spawned":[2,14,19,24,29,33,39],"killed_by":"3 Darklings","ascension_level":0}}