{"host":"zk71suw73lg2r165","time":1611769990,"event":{"mods":["BaseMod","Colored Map","Minty Spire (QoL Compilation)","Permanent Neow","Relic Stats","StSLib"],"gold_per_floor":[216,160,2,2,2,2,2,15,39,59,59,99,169,204,204,297,297,316,316,316],"floor_reached":19,"language":"ENG","playtime":545,"items_purged":[],"score":346,"play_id":"5aba5afe-c108-4770-8a74-42d5b51139e0","local_time":"20210127125310","is_ascension_mode":true,"campfire_choices":[{"data":"Rip and Tear","floor":6,"key":"SMITH"},{"data":"Barrage","floor":11,"key":"SMITH"},{"floor":15,"key":"REST"}],"circlet_count":0,"master_deck":["AscendersBane","Zap","Dualcast","Reinforced Body","Go for the Eyes","Electrodynamics","Rip and Tear+1","Machine Learning","Turbo","Barrage+1","Leap","Multi-Cast","Biased Cognition","Coolheaded","Compile Driver","Seek","Recycle","Force Field","Hologram","Compile Driver","Skim","Chill","Redo","Coolheaded"],"relics":["Cracked Core","Orrery","Golden Idol","Pen Nib","Boot","Anchor","Shovel","Pandora\u0027s Box"],"acts_visited":["Exordium","TheCity"],"potions_floor_usage":[13,14],"damage_taken":[{"damage":2,"enemies":"Cultist","floor":1,"turns":4},{"damage":0,"enemies":"2 Louse","floor":8,"turns":1},{"damage":4,"enemies":"Small Slimes","floor":10,"turns":3},{"damage":11,"enemies":"Lagavulin","floor":12,"turns":6},{"damage":16,"enemies":"3 Sentries","floor":13,"turns":4},{"damage":22,"enemies":"Gremlin Nob","floor":14,"turns":4},{"damage":31,"enemies":"Slime Boss","floor":16,"turns":7},{"damage":10,"enemies":"Shell Parasite","floor":18,"turns":5},{"damage":46,"enemies":"Masked Bandits","floor":19,"turns":5}],"seed_played":"-1024324720331372050","potions_obtained":[{"floor":10,"key":"Regen Potion"},{"floor":12,"key":"PowerPotion"}],"is_trial":false,"path_per_floor":["M","$","$","?","?","R","$","M","T","M","R","E","?","E","R","B",null,"M","?"],"character_chosen":"DEFECT","items_purchased":["Go for the Eyes","Orrery"],"campfire_rested":1,"item_purchase_floors":[2,3],"current_hp_per_floor":[62,62,62,62,67,67,67,67,67,63,63,52,36,19,39,8,54,44,0,0],"gold":316,"neow_bonus":"HUNDRED_GOLD","is_daily":false,"chose_seed":false,"campfire_upgraded":2,"win_rate":0.0,"timestamp":1611769990,"path_taken":["M","?","$","?","?","R","?","?","T","M","R","E","?","E","R","BOSS","M","?"],"items_purchased_type":["Card","Relic"],"build_version":"2020-12-22","purchased_purges":0,"victory":false,"max_hp_per_floor":[71,71,71,64,69,69,69,69,69,69,69,69,69,69,69,69,69,69,69,69],"relic_stats":{"Shovel":0,"counters":[9,39],"Golden Idol":75,"Pandora\u0027s Box":["Recycle","Force Field","Hologram","Compile Driver","Skim","Chill","Redo","Coolheaded"],"Pen Nib":[3],"Boot":[16],"obtain_stats":[{"Anchor":13,"Shovel":14,"Golden Idol":4,"Orrery":3,"Pandora\u0027s Box":17,"Pen Nib":9,"Cracked Core":0,"Boot":12},{"Anchor":4,"Shovel":6,"Golden Idol":1,"Orrery":1,"Pandora\u0027s Box":7,"Pen Nib":2,"Cracked Core":0,"Boot":4},{"Anchor":14,"Shovel":22,"Golden Idol":4,"Orrery":4,"Pandora\u0027s Box":29,"Pen Nib":5,"Cracked Core":0,"Boot":14}]},"card_choices":[{"not_picked":["Streamline","Melter"],"picked":"Reinforced Body","floor":1},{"not_picked":["Compile Driver","Go for the Eyes"],"picked":"Electrodynamics","floor":3},{"not_picked":["Aggregate","Rebound"],"picked":"Rip and Tear","floor":3},{"not_picked":["Barrage","Beam Cell"],"picked":"Machine Learning","floor":3},{"not_picked":["Streamline","Scrape"],"picked":"Turbo","floor":3},{"not_picked":["Beam Cell","Streamline"],"picked":"Barrage","floor":3},{"not_picked":["Turbo","Steam Power"],"picked":"Leap","floor":8},{"not_picked":["Go for the Eyes","Redo"],"picked":"Multi-Cast","floor":10},{"not_picked":["Sunder","Hyperbeam"],"picked":"Biased Cognition","floor":12},{"not_picked":["Chaos","Redo"],"picked":"Coolheaded","floor":13},{"not_picked":["Turbo","Leap"],"picked":"Compile Driver","floor":14},{"not_picked":["Meteor Strike","Thunder Strike"],"picked":"Seek","floor":16},{"not_picked":["Melter","Hologram","Reprogram"],"picked":"SKIP","floor":18}],"player_experience":1389566,"relics_obtained":[{"floor":9,"key":"Pen Nib"},{"floor":12,"key":"Boot"},{"floor":14,"key":"Shovel"}],"event_choices":[{"damage_healed":0,"gold_gain":0,"player_choice":"Lose Max HP","damage_taken":0,"relics_obtained":["Golden Idol"],"max_hp_gain":0,"max_hp_loss":7,"event_name":"Golden Idol","floor":4,"gold_loss":0},{"damage_healed":0,"gold_gain":0,"player_choice":"Donut","damage_taken":0,"max_hp_gain":5,"max_hp_loss":0,"event_name":"Big Fish","floor":5,"gold_loss":0},{"damage_healed":0,"gold_gain":0,"player_choice":"Searched \u00272\u0027 times","damage_taken":0,"relics_obtained":["Anchor"],"max_hp_gain":0,"max_hp_loss":0,"event_name":"Dead Adventurer","floor":13,"gold_loss":0},{"damage_healed":0,"gold_gain":0,"player_choice":"Fought Bandits","damage_taken":0,"max_hp_gain":0,"max_hp_loss":0,"event_name":"Masked Bandits","floor":19,"gold_loss":0}],"is_beta":false,"boss_relics":[{"not_picked":["Velvet Choker","Cursed Key"],"picked":"Pandora\u0027s Box"}],"items_purged_floors":[],"is_endless":false,"potions_floor_spawned":[10,12],"killed_by":"Masked Bandits","ascension_level":20}}