{"host":"962joygxjywy31p4","time":1611725871,"event":{"mods":["Act Like it!","BaseMod","Bestiary","Colored Map","Custom Start","Minty Spire (QoL Compilation)","Relic Stats","Replay The Spire","StSLib"],"gold_per_floor":[110,110,129,54,68,99,99,112,161,178,197,34,59,209,209,229,229],"floor_reached":16,"language":"ENG","playtime":502,"items_purged":["Strike_R"],"score":224,"play_id":"a1cc0975-a6ef-42c6-a7ce-1b2f4d755db0","local_time":"20210127133751","is_ascension_mode":true,"campfire_choices":[{"data":"Bash","floor":7,"key":"SMITH"},{"floor":15,"key":"REST"}],"circlet_count":0,"master_deck":["AscendersBane","Strike_R","Strike_R","Strike_R","Defend_R","Defend_R","Defend_R","Defend_R","Bash+1","Wild Strike","Headbutt","Inflame","Sword Boomerang","Rampage","Burning Pact","Dropkick","Doubt","Metallicize"],"relics":["Burning Blood","NeowsBlessing","Replay:Bottled Steam","Dream Catcher","Blue Doll","Replay:Bandana"],"acts_visited":["Exordium"],"potions_floor_usage":[10,11,16],"damage_taken":[{"damage":0,"enemies":"2 Louse","floor":1,"turns":1},{"damage":0,"enemies":"Cultist","floor":3,"turns":1},{"damage":0,"enemies":"Small Slimes","floor":5,"turns":1},{"damage":32,"enemies":"Gremlin Nob","floor":6,"turns":4},{"damage":13,"enemies":"Blue Slaver","floor":8,"turns":3},{"damage":12,"enemies":"Large Slime","floor":10,"turns":1},{"damage":0,"enemies":"2 Fungi Beasts","floor":11,"turns":2},{"damage":57,"enemies":"Lagavulin","floor":13,"turns":9},{"damage":71,"enemies":"Fading Forest","floor":16,"turns":9}],"seed_played":"-2293993129839546190","potions_obtained":[{"floor":6,"key":"Death Potion"},{"floor":8,"key":"BlessingOfTheForge"},{"floor":11,"key":"FairyPotion"},{"floor":13,"key":"ColorlessPotion"}],"is_trial":false,"path_per_floor":["M","?","M","?","M","E","R","M","T","M","M","$","E","?","R","B"],"character_chosen":"IRONCLAD","items_purchased":["Burning Pact"],"campfire_rested":1,"item_purchase_floors":[12],"current_hp_per_floor":[74,74,75,75,75,49,49,42,42,36,42,42,28,28,50,0,0],"gold":229,"neow_bonus":"THREE_ENEMY_KILL","is_daily":false,"chose_seed":false,"campfire_upgraded":1,"win_rate":0.0,"timestamp":1611725871,"path_taken":["M","?","?","?","M","E","R","M","T","M","M","$","E","?","R","BOSS"],"items_purchased_type":["Card"],"build_version":"2020-12-22","purchased_purges":1,"victory":false,"max_hp_per_floor":[75,75,75,75,75,75,75,75,75,75,75,75,75,75,75,75,75],"relic_stats":{"Dream Catcher":1,"counters":[9,31],"obtain_stats":[{"Dream Catcher":6,"Replay:Bandana":13,"NeowsBlessing":0,"Blue Doll":9,"Burning Blood":0,"Replay:Bottled Steam":2},{"Dream Catcher":4,"Replay:Bandana":8,"NeowsBlessing":0,"Blue Doll":5,"Burning Blood":0,"Replay:Bottled Steam":1},{"Dream Catcher":7,"Replay:Bandana":22,"NeowsBlessing":0,"Blue Doll":10,"Burning Blood":0,"Replay:Bottled Steam":1}],"Burning Blood":37},"card_choices":[{"not_picked":["Heavy Blade","Perfected Strike"],"picked":"Havoc","floor":1},{"not_picked":["Feel No Pain","Havoc"],"picked":"Wild Strike","floor":3},{"not_picked":["Life Link","Anger"],"picked":"Headbutt","floor":5},{"not_picked":["Havoc","ReplayTheSpireMod:Stacked"],"picked":"Inflame","floor":6},{"not_picked":["Body Slam","Iron Wave"],"picked":"Sword Boomerang","floor":8},{"not_picked":["ReplayTheSpireMod:Corrosion Curse","Carnage"],"picked":"Rampage","floor":10},{"not_picked":["Entrench","Brutality","Heavy Blade"],"picked":"SKIP","floor":11},{"not_picked":["Clothesline","Clash"],"picked":"Dropkick","floor":13},{"not_picked":["Thunderclap","Massacre"],"picked":"Metallicize","floor":15}],"player_experience":855002,"relics_obtained":[{"floor":6,"key":"Dream Catcher"},{"floor":9,"key":"Blue Doll"},{"floor":13,"key":"Replay:Bandana"}],"event_choices":[{"cards_removed":["Havoc"],"damage_healed":0,"gold_gain":0,"player_choice":"Gave Card","damage_taken":0,"relics_obtained":["Replay:Bottled Steam"],"max_hp_gain":0,"max_hp_loss":0,"event_name":"WeMeetAgain","floor":2,"gold_loss":0},{"cards_removed":["Strike_R"],"damage_healed":0,"gold_gain":0,"player_choice":"Card Removal","damage_taken":0,"max_hp_gain":0,"max_hp_loss":0,"event_name":"The Cleric","floor":4,"gold_loss":75},{"damage_healed":0,"gold_gain":150,"player_choice":"AGREE","damage_taken":0,"max_hp_gain":0,"max_hp_loss":0,"event_name":"Liars Game","floor":14,"gold_loss":0,"cards_obtained":["Doubt"]}],"is_beta":false,"boss_relics":[],"items_purged_floors":[12],"is_endless":false,"potions_floor_spawned":[6,8,11,13],"killed_by":"Fading Forest","ascension_level":20}}