{"host":"io1dje8x8vk5ppfx","time":1611710856,"event":{"mods":["AchievementEnabler","Aspiration","BaseMod","Better Match","Better Silent Start","Better Vampires","Disable Question Mark Monsters","Downfall","Gold Saver","Googly Eyes","Hubris","Jedi Mod","Minty Spire (QoL Compilation)","Reorder Act Four","StSLib","The Bug Knight","The IronCluck","Transform Curses","Treasure Hunter","everything is the same but u backflip on backflip"],"gold_per_floor":[674,14,14,14,32,65,65,65,65,95,112,112,112,123,123,223,223,236,256,256,275,275,275,301,320,320,320,331,352,352,385,385,385,385],"floor_reached":33,"language":"ENG","playtime":11323,"items_purged":[],"score":370,"play_id":"7ba3cc5d-aa85-42a1-b150-84b9f2214762","local_time":"20210126202736","is_ascension_mode":false,"campfire_choices":[{"floor":7,"key":"RECALL"},{"data":"Eruption","floor":13,"key":"SMITH"},{"data":"CarveReality","floor":15,"key":"SMITH"},{"data":"DevaForm","floor":23,"key":"SMITH"},{"floor":30,"key":"REST"},{"floor":32,"key":"REST"}],"circlet_count":0,"master_deck":["Strike_P","Strike_P","Strike_P","Defend_P","Defend_P","Defend_P","Defend_P","Eruption+1","Vigilance","FollowUp+1","Sadistic Nature","CarveReality+1","Protect","Blasphemy","Injury","TH:CopperCoins","SashWhip+1","Consecrate+1","EmptyFist+1","DevaForm+1","Halt","FlurryOfBlows+1","Consecrate+1","TH:CursedSword","ForeignInfluence+1","ReachHeaven+1","TH:DeckOfManyThings","Swivel","Pray","TH:CursedSword","EmptyFist+1"],"relics":["hubris:RunicObelisk","Nunchaku","Bag of Marbles","TheAbacus","jedi:bottledfury","Molten Egg 2","Question Card","Matryoshka","hubris:GrandSneckoEye","jedi:firstaidkit","Orichalcum","Darkstone Periapt","hubris:BottledRain","Oddly Smooth Stone"],"acts_visited":["Exordium","TheCity"],"potions_floor_usage":[16,16,28,31,31],"damage_taken":[{"damage":1,"enemies":"Jaw Worm","floor":1,"turns":3},{"damage":1,"enemies":"2 Louse","floor":5,"turns":2},{"damage":6,"enemies":"Lagavulin","floor":6,"turns":6},{"damage":11,"enemies":"HollowMod:MossKnight","floor":10,"turns":3},{"damage":0,"enemies":"Small Slimes","floor":11,"turns":2},{"damage":0,"enemies":"Red Slaver","floor":14,"turns":3},{"damage":0,"enemies":"Slime Boss","floor":16,"turns":5},{"damage":2,"enemies":"2 Thieves","floor":18,"turns":2},{"damage":0,"enemies":"Cultist and Chosen","floor":19,"turns":3},{"damage":20,"enemies":"Snecko","floor":21,"turns":5},{"damage":18,"enemies":"Book of Stabbing","floor":24,"turns":3},{"damage":22,"enemies":"Centurion and Healer","floor":25,"turns":4},{"damage":4,"enemies":"Cultist and Chosen","floor":28,"turns":3},{"damage":0,"enemies":"Snecko","floor":29,"turns":2},{"damage":0,"enemies":"HollowMod:Nosk","floor":31,"turns":3},{"damage":83,"enemies":"Champ","floor":33,"turns":9}],"seed_played":"-3905880757324706322","potions_obtained":[{"floor":10,"key":"Explosive Potion"},{"floor":11,"key":"champ:CounterPotion"},{"floor":19,"key":"FearPotion"},{"floor":21,"key":"jedi:wingpotion"},{"floor":25,"key":"Explosive Potion"},{"floor":28,"key":"Guardian:BlockOnCardUsePotion"}],"is_trial":false,"path_per_floor":["M","$","?","$","M","E","R","?","T","E","M","?","R","M","R","B",null,"M","M","?","M","?","R","E","M","T","?","M","M","R","E","R","B"],"character_chosen":"WATCHER","items_purchased":["Nunchaku","Bag of Marbles","Sadistic Nature","TheAbacus","PathToVictory"],"campfire_rested":2,"item_purchase_floors":[2,2,2,2,2],"current_hp_per_floor":[71,71,71,71,70,64,64,64,64,53,53,53,53,53,53,53,72,70,70,70,55,72,72,58,39,39,39,37,37,58,58,72,0,0],"gold":385,"neow_bonus":"BOSS_RELIC","is_daily":false,"chose_seed":false,"campfire_upgraded":3,"win_rate":0.0,"timestamp":1611710856,"path_taken":["M","$","?","$","M","E","R","?","T","E","?","?","R","M","R","BOSS","M","M","?","M","?","R","E","?","T","?","M","?","R","E","R","BOSS"],"items_purchased_type":["Relic","Relic","Card","Relic","Card"],"build_version":"2020-12-22","purchased_purges":0,"victory":false,"max_hp_per_floor":[72,72,72,72,72,72,72,72,72,72,72,72,72,72,72,72,72,72,72,72,72,72,72,72,72,72,72,72,72,72,72,72,72,72],"card_choices":[{"not_picked":["JustLucky","SashWhip"],"picked":"FollowUp","floor":1},{"not_picked":["ThirdEye","Nirvana"],"picked":"Protect","floor":5},{"not_picked":["ClearTheMind","TalkToTheHand"],"picked":"Blasphemy","floor":6},{"not_picked":["TH:Mimic","TH:ArmorSpikes"],"picked":"SKIP","floor":6},{"not_picked":["TH:EnergyPotion"],"picked":"TH:CopperCoins","floor":9},{"not_picked":["Collect","FollowUp+1","Meditate"],"picked":"SashWhip+1","floor":10},{"not_picked":["TH:CopperCoins","TH:ElvenBoots","TH:TreasureMap"],"picked":"SKIP","floor":10},{"not_picked":["EmptyBody","ClearTheMind","FlyingSleeves+1"],"picked":"Consecrate+1","floor":11},{"not_picked":["Perseverance","CarveReality+1","Tantrum+1"],"picked":"EmptyFist+1","floor":14},{"not_picked":["DeusExMachina","Judgement","Establishment"],"picked":"DevaForm","floor":16},{"not_picked":["Evaluate","Crescendo+1","SandsOfTime+1"],"picked":"Halt","floor":18},{"not_picked":["Protect","TalkToTheHand+1","Halt"],"picked":"FlurryOfBlows+1","floor":19},{"not_picked":["Halt","FlurryOfBlows+1","Protect"],"picked":"Consecrate+1","floor":21},{"not_picked":["TH:BikiniMail","TH:ArmorSpikes"],"picked":"TH:CursedSword","floor":24},{"not_picked":["Study","CutThroughFate+1","Conclude+1"],"picked":"ForeignInfluence+1","floor":24},{"not_picked":["Study+1","Meditate","FlyingSleeves+1"],"picked":"ReachHeaven+1","floor":25},{"not_picked":["TH:Mimic","TH:ElvenBoots"],"picked":"TH:DeckOfManyThings","floor":26},{"not_picked":["ThirdEye","CutThroughFate+1","Wallop+1"],"picked":"Swivel","floor":28},{"not_picked":["EmptyBody","PathToVictory","EmptyFist+1"],"picked":"Pray","floor":29},{"not_picked":["TH:PixieDust","TH:DeckOfManyThings"],"picked":"TH:CursedSword","floor":31},{"not_picked":["ThirdEye","Tantrum+1","LikeWater"],"picked":"EmptyFist+1","floor":31}],"player_experience":350066,"relics_obtained":[{"floor":6,"key":"jedi:bottledfury"},{"floor":9,"key":"Question Card"},{"floor":10,"key":"Matryoshka"},{"floor":26,"key":"Orichalcum"},{"floor":26,"key":"Darkstone Periapt"},{"floor":31,"key":"Oddly Smooth Stone"}],"event_choices":[{"damage_healed":0,"gold_gain":0,"cards_transformed":["Strike_P"],"player_choice":"Change","damage_taken":0,"max_hp_gain":0,"max_hp_loss":0,"event_name":"Living Wall","floor":3,"gold_loss":0,"cards_obtained":["CarveReality"]},{"damage_healed":0,"gold_gain":0,"player_choice":"Opened","damage_taken":0,"relics_obtained":["jedi:firstaidkit"],"max_hp_gain":0,"max_hp_loss":0,"event_name":"The Mausoleum","floor":20,"gold_loss":0},{"damage_healed":24,"gold_gain":0,"player_choice":"Heal","damage_taken":0,"max_hp_gain":0,"max_hp_loss":0,"event_name":"The Library","floor":22,"gold_loss":0},{"cards_removed":["PathToVictory"],"damage_healed":0,"gold_gain":0,"player_choice":"Gave Card","damage_taken":0,"relics_obtained":["hubris:BottledRain"],"max_hp_gain":0,"max_hp_loss":0,"event_name":"WeMeetAgain","floor":27,"gold_loss":0}],"is_beta":false,"boss_relics":[{"not_picked":["jedi:battlestandard","Astrolabe"],"picked":"hubris:GrandSneckoEye"}],"items_purged_floors":[],"is_endless":false,"potions_floor_spawned":[10,11,19,21,25,28],"killed_by":"Champ","ascension_level":0}}