{"host":"farxtl2u8hmkbdo2","time":1611756981,"event":{"mods":["A Magickal Journey","BaseMod","Better Altar","Better Note","Better Sensory Stone","Better Skull","Better Third Choice","Challenge The Spire","Colored Map","Colored Powertips","Current Relic Mod","Energized Spire","Fox Events","Gremlin Mod","Hermit","Hubris","Mimic Mod","Minty Spire (QoL Compilation)","Quick Restart","READ ME - Guardian Mod","READ ME - Snecko Mod","Rare Cards Sparkle","StSLib","The Bladedancer","The Bug Knight","The Cursed","The Disciple","The Elementalist","The Hierophant","The Marked","The Necromancer","The Runesmith","Transform Curses"],"gold_per_floor":[110,110,0,17,17,43,43,80,80,80,131,189,231,305,305,263,263],"floor_reached":16,"language":"SPA","playtime":768,"items_purged":[],"score":237,"play_id":"b7a6013e-e624-4cb9-9635-48d6a0566f37","local_time":"20210127111621","is_ascension_mode":false,"campfire_choices":[{"data":"hierophant:WrathOfGod","floor":7,"key":"SMITH"},{"data":"1","floor":10,"key":"LIFT"},{"data":"2","floor":15,"key":"LIFT"}],"circlet_count":0,"master_deck":["hierophant:Strike_Hierophant","hierophant:Strike_Hierophant","hierophant:Strike_Hierophant","hierophant:Strike_Hierophant+1","hierophant:Punish+1","hierophant:Defend_Hierophant","hierophant:Defend_Hierophant","hierophant:Defend_Hierophant","hierophant:Defend_Hierophant","hierophant:ChurchCoffers","hierophant:FlamingChariot","Enlightenment","hierophant:RustyCrate","hierophant:Doubloon","hierophant:Doubloon","Blasphemy+1","hierophant:WrathOfGod+1","hierophant:Doubloon","hierophant:RepressedViolence","hierophant:ThreeLashes","hierophant:RustyCrate","hierophant:Doubloon","hierophant:Doubloon","hierophant:DisplayOfPower"],"relics":["hierophant:PropheticMaskRelic","Ice Cream","Girya","Akabeko"],"acts_visited":["Exordium"],"potions_floor_usage":[6,12,14,16],"damage_taken":[{"damage":5.0,"enemies":"Small Slimes","floor":1.0,"turns":4.0},{"damage":1,"enemies":"Cultist","floor":4,"turns":3},{"damage":0,"enemies":"Gremlin Nob","floor":6,"turns":2},{"damage":0,"enemies":"2 Louse","floor":8,"turns":1},{"damage":15,"enemies":"Blue Slaver","floor":11,"turns":1},{"damage":35,"enemies":"Lagavulin","floor":12,"turns":2},{"damage":0,"enemies":"Large Slime","floor":13,"turns":3},{"damage":0,"enemies":"Looter","floor":14,"turns":1}],"seed_played":"-2504428126077929719","potions_obtained":[{"floor":1.0,"key":"DistilledChaos"},{"floor":8,"key":"EntropicBrew"}],"is_trial":false,"path_per_floor":["M","?","?","M","?","E","R","M","T","R","M","E","M","M","R","B"],"character_chosen":"HIEROPHANT","items_purchased":[],"campfire_rested":0,"item_purchase_floors":[],"current_hp_per_floor":[77,61,67,66,66,66,66,66,66,66,51,16,16,16,16,0,0],"gold":263,"neow_bonus":"TEN_PERCENT_HP_BONUS","is_daily":false,"chose_seed":false,"campfire_upgraded":1,"win_rate":0.0,"timestamp":1611756981,"path_taken":["M","?","?","M","?","E","R","?","T","R","M","E","M","M","R","BOSS"],"items_purchased_type":[],"build_version":"2020-12-22","purchased_purges":0,"victory":false,"max_hp_per_floor":[82,82,88,88,88,88,88,88,88,88,88,88,88,88,88,88,88],"card_choices":[{"not_picked":["hierophant:Blessing","hierophant:SealAway"],"picked":"hierophant:FlamingChariot","floor":1.0},{"not_picked":["hierophant:Sermon","hierophant:MorningPrayer"],"picked":"hierophant:RustyCrate","floor":4},{"not_picked":["hierophant:Shelter","hierophant:Alms"],"picked":"hierophant:WrathOfGod","floor":6},{"not_picked":["hierophant:ThreeLashes","hierophant:SealAway"],"picked":"hierophant:Doubloon","floor":8},{"not_picked":["hierophant:EyeForCoin","hierophant:Flagellation"],"picked":"hierophant:RepressedViolence","floor":11},{"not_picked":["hierophant:AuricBeam","hierophant:Purify"],"picked":"hierophant:ThreeLashes","floor":12},{"not_picked":["hierophant:SecretStash","hierophant:AuricBeam"],"picked":"hierophant:RustyCrate","floor":13},{"not_picked":["hierophant:Rebuild","hierophant:CursedGold"],"picked":"hierophant:DisplayOfPower","floor":14}],"player_experience":1903187,"relics_obtained":[{"floor":6,"key":"Ice Cream"},{"floor":9,"key":"Girya"},{"floor":12,"key":"Akabeko"}],"event_choices":[{"damage_healed":77,"gold_gain":0,"player_choice":"Upgrade","damage_taken":16,"max_hp_gain":0,"max_hp_loss":82,"event_name":"betterThird:BetterShining","floor":2,"gold_loss":0,"cards_upgraded":["hierophant:Strike_Hierophant","hierophant:Punish"]},{"damage_healed":0,"gold_gain":0,"player_choice":"RENOUNCE","damage_taken":110,"max_hp_gain":0,"max_hp_loss":0,"event_name":"betterThird:BetterSerpent","floor":3,"gold_loss":110,"cards_obtained":["Enlightenment"]},{"damage_healed":0,"gold_gain":0,"player_choice":"Take","damage_taken":0,"max_hp_gain":0,"max_hp_loss":0,"event_name":"betterNote:BetterNote","floor":5,"gold_loss":0,"cards_obtained":["Blasphemy"]}],"is_beta":false,"boss_relics":[],"items_purged_floors":[],"is_endless":false,"potions_floor_spawned":[1,8,13],"killed_by":"The Guardian","ascension_level":0}}