{"host":"zk71suw73lg2r165","time":1611718578,"event":{"mods":["BaseMod","Colored Map","Minty Spire (QoL Compilation)","Permanent Neow","Relic Stats","StSLib"],"gold_per_floor":[113,113,38,53,53,93,93,136,136,155,155,155,155,173,173,271,271,290,290,290,290,308,308,308],"floor_reached":23,"language":"ENG","playtime":552,"items_purged":[],"score":439,"play_id":"0033c94c-8198-4824-8c93-3ee611f17ae3","local_time":"20210126223618","is_ascension_mode":true,"campfire_choices":[{"floor":7,"key":"REST"},{"floor":11,"key":"REST"},{"data":"Static Discharge","floor":13,"key":"SMITH"},{"floor":15,"key":"REST"}],"circlet_count":0,"master_deck":["AscendersBane","Defend_B+1","Defend_B","Defend_B","Defend_B","Zap","Dualcast","Core Surge","FTL+1","Compile Driver","Static Discharge+1","Cold Snap","Self Repair+1","Ball Lightning","Creative AI+1","Chill","Bite","Bite","Bite","Bite","Bite","Defragment+1","Pain","Coolheaded"],"relics":["Cracked Core","Golden Idol","Unceasing Top","Frozen Egg 2","Ornamental Fan","Inserter","WarpedTongs"],"acts_visited":["Exordium","TheCity"],"potions_floor_usage":[12,12,23],"damage_taken":[{"damage":0,"enemies":"2 Louse","floor":1,"turns":2},{"damage":0,"enemies":"Small Slimes","floor":4,"turns":2},{"damage":24,"enemies":"Lagavulin","floor":6,"turns":5},{"damage":27,"enemies":"3 Sentries","floor":8,"turns":6},{"damage":5,"enemies":"Jaw Worm","floor":10,"turns":2},{"damage":9,"enemies":"Gremlin Nob","floor":12,"turns":3},{"damage":15,"enemies":"Large Slime","floor":14,"turns":3},{"damage":40,"enemies":"Slime Boss","floor":16,"turns":8},{"damage":46,"enemies":"3 Byrds","floor":18,"turns":4},{"damage":15,"enemies":"Chosen","floor":22,"turns":6},{"damage":32,"enemies":"Book of Stabbing","floor":23,"turns":4}],"seed_played":"1220722381829827599","potions_obtained":[{"floor":4,"key":"Swift Potion"},{"floor":6,"key":"SmokeBomb"},{"floor":22,"key":"Fire Potion"}],"is_trial":false,"path_per_floor":["M","?","?","M","?","E","R","E","T","M","R","E","R","M","R","B",null,"M","?","?","?","M","E"],"character_chosen":"DEFECT","items_purchased":[],"campfire_rested":3,"item_purchase_floors":[],"current_hp_per_floor":[64,64,64,64,45,21,40,13,13,8,27,28,28,23,42,12,51,15,15,15,15,23,0,0],"gold":308,"neow_bonus":"ONE_RANDOM_RARE_CARD","is_daily":false,"chose_seed":false,"campfire_upgraded":1,"win_rate":0.0,"timestamp":1611718578,"path_taken":["M","?","?","M","?","E","R","E","T","?","R","E","R","M","R","BOSS","M","?","?","?","?","E"],"items_purchased_type":[],"build_version":"2020-12-22","purchased_purges":0,"victory":false,"max_hp_per_floor":[71,64,64,64,64,64,64,64,64,64,64,64,64,64,64,64,64,64,44,44,44,44,44,44],"relic_stats":{"Inserter":[7],"counters":[11,45],"Golden Idol":65,"Ornamental Fan":[12],"obtain_stats":[{"Inserter":17,"Golden Idol":2,"Ornamental Fan":9,"Frozen Egg 2":8,"Cracked Core":0,"Unceasing Top":6,"WarpedTongs":21},{"Inserter":8,"Golden Idol":1,"Ornamental Fan":4,"Frozen Egg 2":4,"Cracked Core":0,"Unceasing Top":3,"WarpedTongs":9},{"Inserter":31,"Golden Idol":2,"Ornamental Fan":15,"Frozen Egg 2":15,"Cracked Core":0,"Unceasing Top":9,"WarpedTongs":35}],"Unceasing Top":[0],"WarpedTongs":[10]},"card_choices":[{"not_picked":["Barrage","Reprogram"],"picked":"FTL","floor":1},{"not_picked":["Coolheaded","Rebound"],"picked":"Compile Driver","floor":4},{"not_picked":["Heatsinks","Skim"],"picked":"Static Discharge","floor":6},{"not_picked":["Rebound","Chaos"],"picked":"Cold Snap","floor":8},{"not_picked":["Coolheaded","Force Field"],"picked":"Self Repair+1","floor":10},{"not_picked":["Gash","Steam"],"picked":"Ball Lightning","floor":14},{"not_picked":["Rainbow","Meteor Strike"],"picked":"Creative AI+1","floor":16},{"not_picked":["Force Field","Turbo"],"picked":"Chill","floor":18},{"not_picked":["Fusion","Darkness"],"picked":"Coolheaded","floor":22}],"player_experience":1384559,"relics_obtained":[{"floor":6,"key":"Unceasing Top"},{"floor":8,"key":"Frozen Egg 2"},{"floor":9,"key":"Ornamental Fan"}],"event_choices":[{"damage_healed":0,"gold_gain":0,"player_choice":"Lose Max HP","damage_taken":0,"relics_obtained":["Golden Idol"],"max_hp_gain":0,"max_hp_loss":7,"event_name":"Golden Idol","floor":2,"gold_loss":0},{"cards_removed":["Strike_B"],"damage_healed":0,"gold_gain":0,"player_choice":"Card Removal","damage_taken":0,"max_hp_gain":0,"max_hp_loss":0,"event_name":"The Cleric","floor":3,"gold_loss":75},{"damage_healed":0,"gold_gain":0,"player_choice":"Entered Light","damage_taken":19,"max_hp_gain":0,"max_hp_loss":0,"event_name":"Shining Light","floor":5,"gold_loss":0,"cards_upgraded":["Defend_B","FTL"]},{"damage_healed":0,"gold_gain":0,"player_choice":"Became a vampire","damage_taken":0,"max_hp_gain":0,"max_hp_loss":20,"event_name":"Vampires","floor":19,"gold_loss":0,"cards_obtained":["Bite","Bite","Bite","Bite","Bite"]},{"damage_healed":0,"gold_gain":0,"player_choice":"Read","damage_taken":0,"max_hp_gain":0,"max_hp_loss":0,"event_name":"The Library","floor":20,"gold_loss":0,"cards_obtained":["Defragment"]},{"damage_healed":0,"gold_gain":0,"player_choice":"Rummage","damage_taken":0,"relics_obtained":["WarpedTongs"],"max_hp_gain":0,"max_hp_loss":0,"event_name":"Accursed Blacksmith","floor":21,"gold_loss":0,"cards_obtained":["Pain"]}],"is_beta":false,"boss_relics":[{"not_picked":["SacredBark","Velvet Choker"],"picked":"Inserter"}],"items_purged_floors":[],"is_endless":false,"potions_floor_spawned":[4,6,22],"killed_by":"Book of Stabbing","ascension_level":20}}