{"host":"h6t8hbb65u5mbq7r","time":1611780120,"event":{"mods":["AchievementEnabler","BaseMod","Colored Map","Minty Spire (QoL Compilation)","StSLib","SuperFastMode"],"gold_per_floor":[109,109,184,184,202,202,236,236,236,117,142,163,163,163],"floor_reached":13,"language":"JPN","playtime":238,"items_purged":["Regret"],"score":166,"play_id":"99e05859-b698-4c05-8b2b-833c5ea32962","local_time":"20210128054200","is_ascension_mode":true,"campfire_choices":[{"data":"Neutralize","floor":6.0,"key":"SMITH"},{"floor":8.0,"key":"REST"}],"circlet_count":0,"master_deck":["AscendersBane","Strike_G","Strike_G","Strike_G","Strike_G","Strike_G","Defend_G","Defend_G","Defend_G","Defend_G","Defend_G","Survivor","Neutralize+1","Parasite","Slice","Dagger Throw","Underhanded Strike","Footwork+1","Eviscerate","Escape Plan"],"relics":["Ring of the Snake","StoneCalendar","Matryoshka","Golden Idol","Calipers","Frozen Egg 2","Tiny Chest"],"acts_visited":["Exordium"],"potions_floor_usage":[13],"damage_taken":[{"damage":4.0,"enemies":"Small Slimes","floor":1.0,"turns":5.0},{"damage":4.0,"enemies":"Jaw Worm","floor":5.0,"turns":4.0},{"damage":38.0,"enemies":"Lagavulin","floor":7.0,"turns":7.0},{"damage":7.0,"enemies":"2 Louse","floor":11.0,"turns":4.0},{"damage":4.0,"enemies":"Large Slime","floor":12.0,"turns":4.0},{"damage":10,"enemies":"3 Sentries","floor":13,"turns":4}],"seed_played":"-5964549509932176451","potions_obtained":[{"floor":1.0,"key":"DuplicationPotion"}],"is_trial":false,"path_per_floor":["M","?","?","?","M","R","E","R","T","$","M","M","E"],"character_chosen":"THE_SILENT","items_purchased":["Footwork+1"],"campfire_rested":1,"item_purchase_floors":[10],"current_hp_per_floor":[55,55,44,44,40,40,2,20,20,20,13,9,0,0],"gold":163,"neow_bonus":"ONE_RARE_RELIC","is_daily":false,"chose_seed":false,"campfire_upgraded":1,"win_rate":0.0,"timestamp":1611780120,"path_taken":["M","?","?","?","M","R","E","R","T","$","M","M","E"],"items_purchased_type":["Card"],"build_version":"2020-12-22","purchased_purges":1,"victory":false,"max_hp_per_floor":[66,66,66,60,60,60,60,60,60,60,60,60,60,60],"card_choices":[{"not_picked":["Deflect","Prepared"],"picked":"Slice","floor":1.0},{"not_picked":["Predator","Caltrops"],"picked":"Dagger Throw","floor":5.0},{"not_picked":["Deadly Poison","Setup"],"picked":"Underhanded Strike","floor":7.0},{"not_picked":["Endless Agony","Slice"],"picked":"Eviscerate","floor":11.0},{"not_picked":["Quick Slash","Deflect"],"picked":"Escape Plan","floor":12.0}],"player_experience":953424,"relics_obtained":[{"floor":7.0,"key":"Calipers"},{"floor":9.0,"key":"Frozen Egg 2"},{"floor":9.0,"key":"Tiny Chest"}],"event_choices":[{"damage_healed":0.0,"max_hp_gain":0.0,"max_hp_loss":0.0,"gold_gain":0.0,"event_name":"Big Fish","player_choice":"Box","floor":2.0,"gold_loss":0.0,"damage_taken":0.0,"relics_obtained":["Matryoshka"],"cards_obtained":["Regret"]},{"damage_healed":0.0,"max_hp_gain":0.0,"max_hp_loss":0.0,"gold_gain":75.0,"event_name":"World of Goop","player_choice":"Gather Gold","floor":3.0,"gold_loss":0.0,"damage_taken":11.0},{"damage_healed":0.0,"max_hp_gain":0.0,"max_hp_loss":6.0,"gold_gain":0.0,"event_name":"Golden Idol","player_choice":"Lose Max HP","floor":4.0,"gold_loss":0.0,"damage_taken":0.0,"relics_obtained":["Golden Idol"]}],"is_beta":false,"boss_relics":[],"items_purged_floors":[10],"is_endless":false,"potions_floor_spawned":[1],"killed_by":"3 Sentries","ascension_level":20}}