{"host":"ga4s3hj9m6nkn6gp","time":1611766964,"event":{"mods":["AchievementEnabler","BaseMod","Bestiary","Colored Powertips","Highlight Path","Minty Spire (QoL Compilation)","Relic Stats","everything is the same but u backflip on backflip"],"gold_per_floor":[110,124,124,124,49,79,79,79,79],"floor_reached":8,"language":"ENG","playtime":238,"items_purged":["Regret"],"score":92,"play_id":"a3393d4d-bffe-404f-a79c-27c3239d9420","local_time":"20210127180244","is_ascension_mode":true,"campfire_choices":[{"data":"Consume","floor":7,"key":"SMITH"}],"circlet_count":0,"master_deck":["AscendersBane","Strike_B","Strike_B","Strike_B","Strike_B","Defend_B","Defend_B","Defend_B","Defend_B","Zap","Dualcast","Gash","Consume+1","Redo+1"],"relics":["Cracked Core","Strawberry","InkBottle","Singing Bowl","Toxic Egg 2"],"acts_visited":["Exordium"],"potions_floor_usage":[8,8],"damage_taken":[{"damage":0,"enemies":"2 Louse","floor":1,"turns":2},{"damage":2,"enemies":"Small Slimes","floor":2,"turns":4},{"damage":35,"enemies":"3 Sentries","floor":6,"turns":8},{"damage":19,"enemies":"Gremlin Nob","floor":8,"turns":3}],"seed_played":"8754375033518500971","potions_obtained":[{"floor":1,"key":"EssenceOfSteel"},{"floor":6,"key":"FocusPotion"}],"is_trial":false,"path_per_floor":["M","M","?","?","$","E","R","E"],"character_chosen":"DEFECT","items_purchased":[],"campfire_rested":0,"item_purchase_floors":[],"current_hp_per_floor":[71,69,51,51,51,16,16,0,0],"gold":79,"neow_bonus":"RANDOM_COMMON_RELIC","is_daily":false,"chose_seed":false,"campfire_upgraded":1,"win_rate":0.0,"timestamp":1611766964,"path_taken":["M","M","?","?","$","E","R","E"],"items_purchased_type":[],"build_version":"2020-12-22","purchased_purges":1,"victory":false,"max_hp_per_floor":[78,78,78,78,78,78,78,78,78],"relic_stats":{"Singing Bowl":0,"counters":[4,17],"obtain_stats":[{"Singing Bowl":4,"Strawberry":0,"Toxic Egg 2":6,"Cracked Core":0,"InkBottle":3},{"Singing Bowl":2,"Strawberry":0,"Toxic Egg 2":3,"Cracked Core":0,"InkBottle":2},{"Singing Bowl":6,"Strawberry":0,"Toxic Egg 2":14,"Cracked Core":0,"InkBottle":6}],"InkBottle":[2]},"card_choices":[{"not_picked":["Aggregate","Stack"],"picked":"Gash","floor":1},{"not_picked":["Turbo","Chill"],"picked":"Consume","floor":2},{"not_picked":["Skim+1","Cold Snap"],"picked":"Redo+1","floor":6}],"player_experience":703930,"relics_obtained":[{"floor":6,"key":"Toxic Egg 2"}],"event_choices":[{"damage_healed":0,"gold_gain":0,"player_choice":"Success","damage_taken":18,"relics_obtained":["InkBottle"],"max_hp_gain":0,"max_hp_loss":0,"event_name":"Scrap Ooze","floor":3,"gold_loss":0},{"damage_healed":0,"gold_gain":0,"player_choice":"Box","damage_taken":0,"relics_obtained":["Singing Bowl"],"max_hp_gain":0,"max_hp_loss":0,"event_name":"Big Fish","floor":4,"gold_loss":0,"cards_obtained":["Regret"]}],"is_beta":false,"boss_relics":[],"items_purged_floors":[5],"is_endless":false,"potions_floor_spawned":[1,6],"killed_by":"Gremlin Nob","ascension_level":14}}