{"host":"uv5ws9rdk87e8i5k","time":1611777333,"event":{"mods":["AchievementEnabler","BaseMod","Colored Map","Minty Spire (QoL Compilation)","Permanent Neow","Quick Restart","StSLib","SuperFastMode","The Animator","The Cursed","The Hierophant","The Necromancer"],"gold_per_floor":[118,132,132,8,22,56,69,98,171,171,199,210,244,258,258,357,357,369,88,99,198,198,227,227,227,277,277,302,302,322,341,341,438,438,458,471,471,471,471],"floor_reached":38,"language":"ENG","playtime":975,"items_purged":["Regret"],"score":730,"play_id":"796f56bb-5fc7-4795-935c-fe343c88d642","local_time":"20210127135533","is_ascension_mode":true,"campfire_choices":[{"data":"Havoc","floor":10.0,"key":"SMITH"},{"floor":15.0,"key":"REST"},{"floor":24,"key":"REST"},{"data":"Demon Form","floor":27,"key":"SMITH"},{"data":"Heavy Blade","floor":29,"key":"SMITH"},{"floor":32,"key":"REST"}],"circlet_count":0,"master_deck":["Bash","Demon Form+1","Heavy Blade","Infernal Blade","Shrug It Off","Anger","Warcry","Havoc+1","Warcry","Feed","Demon Form+1","Pummel","Rage","Heavy Blade+1","Necronomicurse","Double Tap","Feed","Sever Soul","Whirlwind","True Grit","Immolate","Cleave","Rupture","Clothesline","Ghostly Armor","Second Wind","Havoc+1"],"relics":["Burning Blood","Bottled Lightning","Mango","Darkstone Periapt","Anchor","Unceasing Top","Snecko Eye","Singing Bowl","Necronomicon","Red Skull","Blue Candle","Ancient Tea Set","Orichalcum","Pandora\u0027s Box"],"acts_visited":["Exordium","TheCity","TheBeyond"],"potions_floor_usage":[18,23,30,33,35,38],"damage_taken":[{"damage":13.0,"enemies":"Small Slimes","floor":1.0,"turns":3.0},{"damage":4.0,"enemies":"2 Louse","floor":2.0,"turns":3.0},{"damage":0.0,"enemies":"Jaw Worm","floor":5.0,"turns":3.0},{"damage":10.0,"enemies":"3 Sentries","floor":6.0,"turns":6.0},{"damage":3.0,"enemies":"Looter","floor":7.0,"turns":4.0},{"damage":24.0,"enemies":"Gremlin Nob","floor":8.0,"turns":4.0},{"damage":30.0,"enemies":"Lagavulin","floor":11.0,"turns":6.0},{"damage":13.0,"enemies":"Exordium Thugs","floor":12.0,"turns":4.0},{"damage":25.0,"enemies":"3 Sentries","floor":13.0,"turns":8.0},{"damage":6.0,"enemies":"3 Louse","floor":14.0,"turns":4.0},{"damage":48,"enemies":"The Guardian","floor":16,"turns":9},{"damage":31,"enemies":"2 Thieves","floor":18,"turns":4},{"damage":13,"enemies":"Shell Parasite","floor":20,"turns":4},{"damage":35,"enemies":"Book of Stabbing","floor":23,"turns":4},{"damage":32,"enemies":"Slavers","floor":28,"turns":4},{"damage":0,"enemies":"Cultist and Chosen","floor":30,"turns":2},{"damage":14,"enemies":"Snake Plant","floor":31,"turns":2},{"damage":12,"enemies":"Automaton","floor":33,"turns":4},{"damage":34,"enemies":"3 Shapes","floor":35,"turns":5},{"damage":2,"enemies":"3 Darklings","floor":36,"turns":3},{"damage":17,"enemies":"2 Orb Walkers","floor":38,"turns":2}],"seed_played":"-3163103545900114946","potions_obtained":[{"floor":2.0,"key":"Dexterity Potion"},{"floor":5.0,"key":"AttackPotion"},{"floor":7.0,"key":"EssenceOfSteel"},{"floor":8.0,"key":"LiquidMemories"},{"floor":14.0,"key":"BloodPotion"},{"floor":16,"key":"SmokeBomb"},{"floor":18,"key":"AttackPotion"},{"floor":28,"key":"FearPotion"},{"floor":30,"key":"AttackPotion"},{"floor":36,"key":"AttackPotion"}],"is_trial":false,"path_per_floor":["M","M","?","$","M","E","M","E","T","R","E","M","E","M","R","B",null,"M","$","M","?","?","E","R","?","T","R","E","R","M","M","R","B",null,"M","M","?","?"],"character_chosen":"IRONCLAD","items_purchased":["Shrug It Off","Rage","Singing Bowl"],"campfire_rested":3,"item_purchase_floors":[4,19,19],"current_hp_per_floor":[65,67,67,67,73,69,72,68,68,68,44,37,18,21,50,8,75,69,69,62,62,52,23,53,53,53,53,29,29,37,31,63,57,96,73,80,82,65,65],"gold":471,"neow_bonus":"THREE_RARE_CARDS","is_daily":false,"chose_seed":false,"campfire_upgraded":3,"win_rate":0.0,"timestamp":1611777333,"path_taken":["M","M","?","$","M","E","M","E","T","R","E","M","E","M","R","BOSS","M","$","M","?","?","E","R","?","T","R","E","R","?","M","R","BOSS","M","M","?","?"],"items_purchased_type":["Card","Card","Relic"],"build_version":"2020-12-22","purchased_purges":1,"victory":false,"max_hp_per_floor":[80,80,80,80,80,80,80,94,94,94,94,94,94,97,97,97,97,97,97,97,97,103,103,103,103,103,103,105,105,107,109,109,109,109,114,117,119,119,119],"card_choices":[{"not_picked":["Juggernaut","Limit Break"],"picked":"Demon Form","floor":0.0},{"not_picked":["Bloodletting","Body Slam"],"picked":"Heavy Blade","floor":1.0},{"not_picked":["Sword Boomerang","Reckless Charge"],"picked":"Infernal Blade","floor":2.0},{"not_picked":["Flex","Wild Strike"],"picked":"Anger","floor":5.0},{"not_picked":["Fire Breathing","Perfected Strike","Clash"],"picked":"SKIP","floor":6.0},{"not_picked":["Disarm","Shrug It Off"],"picked":"Warcry","floor":7.0},{"not_picked":["Cleave","Barricade"],"picked":"Havoc","floor":8.0},{"not_picked":["Sentinel","Wild Strike","Clothesline"],"picked":"SKIP","floor":11.0},{"not_picked":["Perfected Strike","Clash"],"picked":"Warcry","floor":12.0},{"not_picked":["Blood for Blood","Shrug It Off"],"picked":"Feed","floor":13.0},{"not_picked":["Thunderclap","Sever Soul","Evolve"],"picked":"SKIP","floor":14.0},{"not_picked":["Offering","Juggernaut"],"picked":"Demon Form","floor":16},{"not_picked":["True Grit","Armaments+1"],"picked":"Pummel","floor":18},{"not_picked":["Sever Soul","Combust"],"picked":"Heavy Blade","floor":20},{"not_picked":["Warcry+1","Spot Weakness"],"picked":"Double Tap","floor":23},{"not_picked":["Rampage","Infernal Blade+1","Clothesline"],"picked":"Singing Bowl","floor":28},{"not_picked":["Anger","Sword Boomerang","Warcry"],"picked":"Singing Bowl","floor":30},{"not_picked":["Clothesline+1","Combust","Headbutt"],"picked":"Singing Bowl","floor":31},{"not_picked":["Berserk","Juggernaut"],"picked":"Feed","floor":33},{"not_picked":["Dual Wield+1","Flex","Headbutt+1"],"picked":"Singing Bowl","floor":35},{"not_picked":["Armaments+1","Flex"],"picked":"Havoc+1","floor":36},{"not_picked":["Enlightenment","Jack Of All Trades","Trip"],"picked":"Singing Bowl","floor":37}],"player_experience":305179,"relics_obtained":[{"floor":6.0,"key":"Bottled Lightning"},{"floor":8.0,"key":"Mango"},{"floor":9.0,"key":"Darkstone Periapt"},{"floor":11.0,"key":"Anchor"},{"floor":13.0,"key":"Unceasing Top"},{"floor":22,"key":"Necronomicon"},{"floor":23,"key":"Red Skull"},{"floor":25,"key":"Blue Candle"},{"floor":26,"key":"Ancient Tea Set"},{"floor":28,"key":"Orichalcum"}],"event_choices":[{"damage_healed":0.0,"max_hp_gain":0.0,"max_hp_loss":0.0,"gold_gain":0.0,"event_name":"Living Wall","player_choice":"Grow","floor":3.0,"gold_loss":0.0,"damage_taken":0.0,"cards_upgraded":["Demon Form"]},{"damage_healed":0,"gold_gain":99,"player_choice":"Stole From Cult","damage_taken":0,"max_hp_gain":0,"max_hp_loss":0,"event_name":"Nest","floor":21,"gold_loss":0},{"damage_healed":0,"gold_gain":0,"player_choice":"Obtained Book","damage_taken":16,"max_hp_gain":0,"max_hp_loss":0,"event_name":"Cursed Tome","floor":22,"gold_loss":0},{"damage_healed":0,"gold_gain":0,"player_choice":"Relic","damage_taken":0,"max_hp_gain":0,"max_hp_loss":0,"event_name":"Wheel of Change","floor":25,"gold_loss":0},{"damage_healed":0,"gold_gain":0,"player_choice":"Memory 1","damage_taken":0,"max_hp_gain":0,"max_hp_loss":0,"event_name":"SensoryStone","floor":37,"gold_loss":0},{"damage_healed":0,"gold_gain":0,"player_choice":"Fight","damage_taken":0,"max_hp_gain":0,"max_hp_loss":0,"event_name":"Mysterious Sphere","floor":38,"gold_loss":0}],"is_beta":false,"boss_relics":[{"not_picked":["SacredBark","Ectoplasm"],"picked":"Snecko Eye"},{"not_picked":["Mark of Pain","Velvet Choker"],"picked":"Pandora\u0027s Box"}],"items_purged_floors":[4],"is_endless":false,"potions_floor_spawned":[2,5,7,8,14,16,18,28,30,36],"killed_by":"2 Orb Walkers","ascension_level":9}}