{"host":"ELF","time":1611726974,"event":{"mods":["BaseMod","Bestiary","Minty Spire (QoL Compilation)","Relic Stats","Slay the Relics Exporter"],"gold_per_floor":[117,133,133,144,144,144,144,144,144,176,176,176,189,206,206,280,280,251,251,65,85,32,66,82,82,82,116,116,127,127,137,137,137,137],"floor_reached":33,"language":"ENG","playtime":4285,"items_purged":[],"score":556,"play_id":"41b9a5d0-038d-4d36-8db6-1bc466f647b9","local_time":"20210126235614","is_ascension_mode":true,"campfire_choices":[{"data":"Rampage","floor":6,"key":"SMITH"},{"data":"Bash","floor":8,"key":"SMITH"},{"data":"Hemokinesis","floor":12,"key":"SMITH"},{"data":"Clothesline","floor":15,"key":"SMITH"},{"floor":25,"key":"REST"},{"floor":28,"key":"REST"},{"floor":32,"key":"RECALL"}],"circlet_count":0,"master_deck":["AscendersBane","Strike_R","Strike_R","Strike_R","Strike_R","Strike_R","Defend_R","Defend_R+1","Defend_R","Defend_R","Bash+1","Anger+1","Armaments+1","Rampage+1","Hemokinesis+1","Clothesline+1","Berserk","Entrench","The Bomb","Dark Embrace","True Grit","Carnage","Headbutt","Berserk","Battle Trance","Pommel Strike","Impervious"],"relics":["Burning Blood","NeowsBlessing","StrikeDummy","Dream Catcher","White Beast Statue","Snecko Eye","Letter Opener","Paper Frog","Bag of Preparation"],"acts_visited":["Exordium","TheCity"],"potions_floor_usage":[10,16,16,18,27,29,31,33],"damage_taken":[{"damage":0,"enemies":"Cultist","floor":1,"turns":1},{"damage":0,"enemies":"Jaw Worm","floor":2,"turns":1},{"damage":0,"enemies":"Small Slimes","floor":4,"turns":1},{"damage":10,"enemies":"Gremlin Nob","floor":10,"turns":3},{"damage":9,"enemies":"Looter","floor":13,"turns":3},{"damage":24,"enemies":"2 Fungi Beasts","floor":14,"turns":4},{"damage":19,"enemies":"Hexaghost","floor":16,"turns":9},{"damage":18,"enemies":"2 Thieves","floor":18,"turns":4},{"damage":7,"enemies":"Chosen","floor":21,"turns":5},{"damage":30,"enemies":"Gremlin Leader","floor":23,"turns":6},{"damage":23,"enemies":"Snecko","floor":24,"turns":6},{"damage":46,"enemies":"Slavers","floor":27,"turns":5},{"damage":24,"enemies":"Centurion and Healer","floor":29,"turns":5},{"damage":19,"enemies":"Snake Plant","floor":31,"turns":2},{"damage":99,"enemies":"Champ","floor":33,"turns":11}],"seed_played":"-8082899898079508906","potions_obtained":[{"floor":1,"key":"AttackPotion"},{"floor":10,"key":"Block Potion"},{"floor":13,"key":"ElixirPotion"},{"floor":14,"key":"LiquidBronze"},{"floor":16,"key":"ColorlessPotion"},{"floor":18,"key":"Explosive Potion"},{"floor":19,"key":"ColorlessPotion"},{"floor":19,"key":"FearPotion"},{"floor":21,"key":"FairyPotion"},{"floor":23,"key":"DistilledChaos"},{"floor":27,"key":"SkillPotion"},{"floor":29,"key":"SneckoOil"},{"floor":31,"key":"PowerPotion"}],"is_trial":false,"path_per_floor":["M","M","?","M","?","R","?","R","T","E","T","R","M","M","R","B",null,"M","?","$","M","$","E","M","R","T","E","R","M","?","M","R","B"],"character_chosen":"IRONCLAD","items_purchased":["The Bomb","True Grit"],"campfire_rested":2,"item_purchase_floors":[20,22],"current_hp_per_floor":[74,75,52,58,58,58,58,58,58,54,54,54,51,33,33,20,61,49,49,49,48,48,24,7,29,29,18,40,22,75,62,62,0,0],"gold":137,"neow_bonus":"THREE_ENEMY_KILL","is_daily":false,"chose_seed":false,"campfire_upgraded":4,"win_rate":0.0,"timestamp":1611726974,"path_taken":["M","?","?","M","?","R","?","R","T","E","?","R","M","M","R","BOSS","M","?","?","M","$","E","M","R","T","E","R","M","?","M","R","BOSS"],"items_purchased_type":["Card","Card"],"build_version":"2020-12-18","purchased_purges":0,"victory":false,"max_hp_per_floor":[75,75,75,75,75,75,75,75,75,75,75,75,75,75,75,75,75,75,75,75,75,75,75,75,75,75,75,75,75,75,75,75,75,75],"relic_stats":{"Dream Catcher":2,"counters":[15,66],"Snecko Eye":[88,74,80,82],"Bag of Preparation":[6],"Letter Opener":[68],"obtain_stats":[{"Dream Catcher":10,"NeowsBlessing":0,"Snecko Eye":17,"Bag of Preparation":27,"Letter Opener":23,"StrikeDummy":9,"Burning Blood":0,"White Beast Statue":11,"Paper Frog":26},{"Dream Catcher":4,"NeowsBlessing":0,"Snecko Eye":7,"Bag of Preparation":12,"Letter Opener":10,"StrikeDummy":3,"Burning Blood":0,"White Beast Statue":4,"Paper Frog":11},{"Dream Catcher":6,"NeowsBlessing":0,"Snecko Eye":22,"Bag of Preparation":48,"Letter Opener":37,"StrikeDummy":3,"Burning Blood":0,"White Beast Statue":6,"Paper Frog":43}],"Burning Blood":79},"card_choices":[{"not_picked":["Seeing Red","Clash"],"picked":"Anger","floor":1},{"not_picked":["Burning Pact","Dropkick"],"picked":"Armaments","floor":2},{"not_picked":["Wild Strike","Feel No Pain"],"picked":"Rampage","floor":4},{"not_picked":["Clash","Flex"],"picked":"Hemokinesis","floor":10},{"not_picked":["Wild Strike","Armaments","Thunderclap"],"picked":"SKIP","floor":13},{"not_picked":["Heavy Blade","Flex"],"picked":"Clothesline","floor":14},{"not_picked":["Bludgeon","Exhume"],"picked":"Berserk","floor":16},{"not_picked":["Twin Strike","Sword Boomerang"],"picked":"Entrench","floor":18},{"not_picked":["Shrug It Off","True Grit"],"picked":"Dark Embrace","floor":21},{"not_picked":["Clothesline","Anger"],"picked":"Carnage","floor":23},{"not_picked":["Sword Boomerang+1","Wild Strike"],"picked":"Headbutt","floor":24},{"not_picked":["Sword Boomerang","Perfected Strike"],"picked":"Berserk","floor":25},{"not_picked":["Pommel Strike","True Grit"],"picked":"Battle Trance","floor":27},{"not_picked":["Havoc+1","Headbutt+1"],"picked":"Pommel Strike","floor":28},{"not_picked":["Warcry","True Grit"],"picked":"Fire Breathing","floor":29},{"not_picked":["Inflame","Sentinel"],"picked":"Impervious","floor":31}],"player_experience":3319700,"relics_obtained":[{"floor":9,"key":"StrikeDummy"},{"floor":10,"key":"Dream Catcher"},{"floor":11,"key":"White Beast Statue"},{"floor":23,"key":"Letter Opener"},{"floor":26,"key":"Paper Frog"},{"floor":27,"key":"Bag of Preparation"}],"event_choices":[{"damage_healed":0,"gold_gain":0,"player_choice":"Entered Light","damage_taken":23,"max_hp_gain":0,"max_hp_loss":0,"event_name":"Shining Light","floor":3,"gold_loss":0,"cards_upgraded":["Anger","Defend_R"]},{"damage_healed":0,"gold_gain":0,"player_choice":"Ignored","damage_taken":0,"max_hp_gain":0,"max_hp_loss":0,"event_name":"Liars Game","floor":5,"gold_loss":0},{"damage_healed":0,"gold_gain":0,"player_choice":"Grow","damage_taken":0,"max_hp_gain":0,"max_hp_loss":0,"event_name":"Living Wall","floor":7,"gold_loss":0,"cards_upgraded":["Armaments"]},{"damage_healed":0,"gold_gain":0,"player_choice":"Got Potions","damage_taken":0,"max_hp_gain":0,"max_hp_loss":0,"event_name":"Lab","floor":19,"gold_loss":0},{"cards_removed":["Fire Breathing"],"damage_healed":53,"gold_gain":0,"player_choice":"Offered Uncommon","damage_taken":0,"max_hp_gain":0,"max_hp_loss":0,"event_name":"Bonfire Elementals","floor":30,"gold_loss":0}],"is_beta":true,"boss_relics":[{"not_picked":["SacredBark","SlaversCollar"],"picked":"Snecko Eye"}],"items_purged_floors":[],"is_endless":false,"potions_floor_spawned":[1,10,13,14,16,18,21,23,24,27,29,31],"killed_by":"Champ","ascension_level":19}}