{"host":"ewns8ifhbubwkcum","time":1611720347,"event":{"mods":["BaseMod","Block Reminder","Colored Map","Colored Powertips","Downfall","Highlight Path","Minty Spire (QoL Compilation)","Permanent Neow","Quick Restart","Random Character Button","StSLib"],"gold_per_floor":[0,16,16,31,46,65,117,117,117,152,180,26,26,68,96,210,237,37,62,71,71,94,94,94,94,122,151,151,151,160,11,31,138,138,138,159,259,598,623,251,251,275,175,201,201,228,260,60,82,82,82,124,12,12,12,12,12,12],"floor_reached":56,"language":"ENG","playtime":6446,"items_purged":["Pride"],"score":882,"play_id":"bf219c50-cd50-4150-ad40-d75d414bf827","local_time":"20210126220547","is_ascension_mode":false,"campfire_choices":[{"data":"champ:Taunt","floor":1.0,"key":"SMITH"},{"floor":8.0,"key":"RECALL"},{"data":"champ:Lariat","floor":13.0,"key":"SMITH"},{"data":"champ:StanceDance","floor":18.0,"key":"SMITH"},{"data":"champ:Backstep","floor":23.0,"key":"SMITH"},{"data":"champ:Shatter","floor":25.0,"key":"SMITH"},{"data":"champ:ShieldSlam","floor":28.0,"key":"SMITH"},{"data":"champ:HeavySlash","floor":35.0,"key":"SMITH"},{"data":"champ:EndlessRage","floor":43.0,"key":"SMITH"},{"data":"champ:HoldFirm","floor":45.0,"key":"SMITH"},{"data":"champ:ArenaPreparation","floor":54.0,"key":"SMITH"}],"circlet_count":0,"master_deck":["champ:Defend","champ:Defend","champ:Execute","champ:Taunt+1","champ:PreciseThrust","champ:Taunt+1","champ:Backstep+1","champ:GutPunch","champ:StanceDance+1","champ:Lariat+1","champ:Shatter+1","champ:RapidStrikes","champ:ShieldSlam+1","champ:AdrenalArmor","champ:TripleStrike","champ:Shatter+1","champ:TripleStrike+1","champ:IgnorePain+1","champ:BringItOn","champ:Duel+1","champ:FocusedBerserking","champ:EnGarde+1","champ:ArenaPreparation+1","champ:CalledShot","champ:HeavySlash+1","champ:FlashCut+1","champ:FlashCut+1","champ:Haymaker+1","champ:EndlessRage+1","champ:TripleStrike+1","champ:HeartStrike+1","champ:HoldFirm+1","champ:ShieldWall+1","champ:Duel","champ:AdrenalArmor+1","champ:FancyFootwork+1"],"relics":["champ:ChampionCrown","Nunchaku","CeramicFish","Blood Vial","InkBottle","Astrolabe","downfall:HeartBlessingRed","downfall:HeartBlessingGreen","Kunai","champ:DefensiveTrainingManual","TungstenRod","SlaversCollar","downfall:GremlinWheel","Potion Belt","DollysMirror","downfall:HeartBlessingBlue","Boot","Anchor","Membership Card","Blue Candle","Toy Ornithopter"],"acts_visited":["Exordium","TheCity","TheBeyond","TheEnding"],"potions_floor_usage":[55,55,55],"damage_taken":[{"damage":15.0,"enemies":"Small Slimes","floor":2.0,"turns":4.0},{"damage":15.0,"enemies":"Cultist","floor":4.0,"turns":5.0},{"damage":22.0,"enemies":"Jaw Worm","floor":5.0,"turns":4.0},{"damage":25.0,"enemies":"Blue Slaver","floor":6.0,"turns":5.0},{"damage":20.0,"enemies":"Gremlin Nob","floor":10.0,"turns":3.0},{"damage":45.0,"enemies":"Large Slime","floor":11.0,"turns":5.0},{"damage":20.0,"enemies":"downfall:FleeingMerchant","floor":12.0,"turns":4.0},{"damage":71.0,"enemies":"Lagavulin","floor":14.0,"turns":7.0},{"damage":38.0,"enemies":"Lots of Slimes","floor":15.0,"turns":6.0},{"damage":55.0,"enemies":"IC_STATUS_ARCHETYPE","floor":16.0,"turns":5.0},{"damage":58.0,"enemies":"3 Byrds","floor":19.0,"turns":6.0},{"damage":0.0,"enemies":"Chosen","floor":20.0,"turns":1.0},{"damage":48.0,"enemies":"Snake Plant","floor":22.0,"turns":3.0},{"damage":40.0,"enemies":"Shelled Parasite and Fungi","floor":26.0,"turns":3.0},{"damage":32.0,"enemies":"Slavers","floor":27.0,"turns":5.0},{"damage":64.0,"enemies":"downfall:FleeingMerchant","floor":31.0,"turns":4.0},{"damage":36.0,"enemies":"Chosen and Byrds","floor":32.0,"turns":4.0},{"damage":68.0,"enemies":"DF_ARCHETYPE_CLAW","floor":33.0,"turns":8.0},{"damage":57.0,"enemies":"3 Darklings","floor":36.0,"turns":4.0},{"damage":0.0,"enemies":"3 Darklings","floor":37.0,"turns":2.0},{"damage":4.0,"enemies":"downfall:FleeingMerchant","floor":38.0,"turns":3.0},{"damage":24.0,"enemies":"3 Shapes","floor":39.0,"turns":3.0},{"damage":46.0,"enemies":"Maw","floor":42.0,"turns":6.0},{"damage":36.0,"enemies":"3 Darklings","floor":44.0,"turns":4.0},{"damage":24.0,"enemies":"4 Shapes","floor":46.0,"turns":5.0},{"damage":12.0,"enemies":"Reptomancer","floor":47.0,"turns":4.0},{"damage":0.0,"enemies":"Jaw Worm Horde","floor":49.0,"turns":3.0},{"damage":115.0,"enemies":"SI_POISON_ARCHETYPE","floor":50.0,"turns":7.0},{"damage":97.0,"enemies":"downfall:CharBossMerchant","floor":52.0,"turns":8.0},{"damage":116,"enemies":"downfall:NeowBoss","floor":55,"turns":19},{"damage":171,"enemies":"downfall:NeowBossFinal","floor":56,"turns":11}],"seed_played":"-1838941190898134815","potions_obtained":[{"floor":5.0,"key":"Fire Potion"},{"floor":6.0,"key":"EssenceOfSteel"},{"floor":14.0,"key":"SteroidPotion"},{"floor":15.0,"key":"Ancient Potion"},{"floor":16.0,"key":"Fire Potion"},{"floor":26.0,"key":"Explosive Potion"},{"floor":27.0,"key":"Explosive Potion"},{"floor":32.0,"key":"LiquidMemories"},{"floor":33.0,"key":"SpeedPotion"},{"floor":39.0,"key":"hexamod:SoulburnPotion"},{"floor":42.0,"key":"champ:OpenerPotion"},{"floor":46.0,"key":"ColorlessPotion"},{"floor":49.0,"key":"DistilledChaos"},{"floor":52.0,"key":"SneckoOil"}],"is_trial":false,"path_per_floor":["R","M","?","M","M","M","T","R","?","E","M","$","R","E","M","B",null,"R","M","M","?","M","R","T","R","M","E","R","?","?","$","M","B",null,"R","M","?","$","M","$","T","M","R","M","R","M","E","$","M","B",null,"E","$","R","B","B"],"character_chosen":"THE_CHAMP","items_purchased":["Blood Vial","champ:ArenaPreparation","Potion Belt","champ:EndlessRage","DollysMirror","Membership Card","champ:TechniquePotion","champ:Duel","Toy Ornithopter","Ancient Potion"],"campfire_rested":0,"item_purchase_floors":[12,31,40,40,40,48,48,48,53,53],"current_hp_per_floor":[90,85,85,80,78,73,73,73,73,73,73,73,73,59,53,40,90,90,90,90,90,87,87,87,87,89,88,88,88,88,90,90,90,90,90,90,90,90,90,90,90,90,100,100,100,100,100,100,100,37,100,75,75,75,80,0,0,0],"gold":12,"neow_bonus":"REMOVE_TWO","is_daily":false,"chose_seed":false,"campfire_upgraded":10,"win_rate":0.0,"timestamp":1611720347,"path_taken":["R","M","?","M","?","M","T","R","?","E","M","?","R","E","M","BOSS","R","M","M","?","M","R","T","R","M","E","R","?","?","$","M","BOSS","R","M","?","$","?","$","T","M","R","M","R","M","E","?","M","BOSS","E","$","R","BOSS","BOSS"],"items_purchased_type":["Relic","Card","Relic","Card","Relic","Relic","Potion","Card","Relic","Potion"],"build_version":"2020-12-22","purchased_purges":1,"victory":false,"max_hp_per_floor":[90,90,90,90,90,90,90,90,90,90,90,90,90,90,90,90,90,90,90,90,90,90,90,90,90,90,90,90,90,90,90,90,90,90,90,90,90,90,90,90,90,90,100,100,100,100,100,100,100,100,100,100,100,100,100,100,100,100],"card_choices":[{"not_picked":["champ:StanceDance","champ:FlashCut"],"picked":"champ:PreciseThrust","floor":2.0},{"not_picked":["champ:StanceDance","champ:PerfectedStrike"],"picked":"champ:Backstep","floor":4.0},{"not_picked":["champ:FlashCut","champ:Shatter"],"picked":"champ:GutPunch","floor":5.0},{"not_picked":["champ:HeavySlash","champ:CrownThrow"],"picked":"champ:StanceDance","floor":6.0},{"not_picked":["champ:BerserkersShout","champ:RecklessLeap"],"picked":"champ:Lariat","floor":10.0},{"not_picked":["champ:Parry","champ:DefensiveShout"],"picked":"champ:Shatter","floor":11.0},{"not_picked":["champ:CrownThrow","champ:GutPunch"],"picked":"champ:RapidStrikes","floor":12.0},{"not_picked":["champ:SetATrap","champ:Haymaker"],"picked":"champ:ShieldSlam","floor":14.0},{"not_picked":["champ:CalledShot","champ:FocusedDefense"],"picked":"champ:AdrenalArmor","floor":15.0},{"not_picked":["champ:StrikeOfGenius","champ:IgnorePain"],"picked":"champ:TripleStrike","floor":16.0},{"not_picked":["champ:CalledShot","champ:Shatter"],"picked":"champ:BringItOn","floor":19.0},{"not_picked":["champ:Backstep","champ:BladeFlurry+1"],"picked":"champ:Duel+1","floor":20.0},{"not_picked":["champ:Lariat","champ:Haymaker"],"picked":"champ:FocusedBerserking","floor":22.0},{"not_picked":["champ:PreemptiveStrike+1","champ:Backstep"],"picked":"champ:EnGarde+1","floor":26.0},{"not_picked":["champ:IgnorePain","champ:FanOfKnives","champ:GladiatorStyle"],"picked":"SKIP","floor":27.0},{"not_picked":["champ:PreemptiveStrike","champ:Shatter","champ:PreciseThrust+1"],"picked":"SKIP","floor":31.0},{"not_picked":["champ:RecklessLeap","champ:CrownThrow"],"picked":"champ:CalledShot","floor":32.0},{"not_picked":["champ:HoldFirm","champ:DancingMaster"],"picked":"champ:HeavySlash","floor":33.0},{"not_picked":["champ:BringItOn","champ:BerserkersShout"],"picked":"champ:FlashCut+1","floor":36.0},{"not_picked":["champ:Circumvent+1","champ:PreemptiveStrike+1"],"picked":"champ:FlashCut+1","floor":38.0},{"not_picked":["champ:GladiatorStyle+1","champ:Encircle+1"],"picked":"champ:Haymaker+1","floor":39.0},{"not_picked":["champ:DefensiveShout","champ:RisingSlash"],"picked":"champ:HeartStrike+1","floor":42.0},{"not_picked":["champ:Backstep+1","champ:SkillfulDodge"],"picked":"champ:HoldFirm","floor":44.0},{"not_picked":["champ:Shatter+1","champ:SetATrap+1"],"picked":"champ:ShieldWall+1","floor":46.0},{"not_picked":["champ:HeartStrike","champ:Circumvent+1","champ:SkillfulDodge+1"],"picked":"SKIP","floor":47.0},{"not_picked":["champ:GutPunch+1","champ:Backstep"],"picked":"champ:AdrenalArmor+1","floor":49.0},{"not_picked":["champ:CrownThrow+1","champ:GladiatorForm"],"picked":"champ:FancyFootwork+1","floor":52.0}],"player_experience":999955,"relics_obtained":[{"floor":7.0,"key":"Nunchaku"},{"floor":10.0,"key":"CeramicFish"},{"floor":14.0,"key":"InkBottle"},{"floor":24.0,"key":"Kunai"},{"floor":27.0,"key":"champ:DefensiveTrainingManual"},{"floor":37.0,"key":"downfall:GremlinWheel"},{"floor":43.0,"key":"Boot"},{"floor":47.0,"key":"Anchor"},{"floor":52.0,"key":"Blue Candle"}],"event_choices":[{"damage_healed":0.0,"max_hp_gain":0.0,"max_hp_loss":0.0,"gold_gain":0.0,"event_name":"Ghosts","player_choice":"Ignored","floor":29.0,"gold_loss":0.0,"damage_taken":0.0},{"damage_healed":0.0,"max_hp_gain":0.0,"max_hp_loss":0.0,"gold_gain":0.0,"event_name":"Addict","player_choice":"Stole Relic","floor":30.0,"gold_loss":0.0,"damage_taken":0.0,"relics_obtained":["TungstenRod"],"cards_obtained":["Pride"]},{"damage_healed":0.0,"max_hp_gain":0.0,"max_hp_loss":0.0,"gold_gain":0.0,"event_name":"Wheel of Change","player_choice":"Relic","floor":43.0,"gold_loss":0.0,"damage_taken":0.0}],"is_beta":false,"boss_relics":[{"not_picked":["Snecko Eye","champ:ChampionCrownUpgraded"],"picked":"Astrolabe"},{"not_picked":["Pandora\u0027s Box","Empty Cage"],"picked":"SlaversCollar"}],"items_purged_floors":[31],"is_endless":false,"potions_floor_spawned":[5,6,14,15,16,26,27,32,33,39,42,46,49,52],"killed_by":"downfall:NeowBossFinal","ascension_level":0}}