{"host":"fuszjwm6fqgjjp4d","time":1611710346,"event":{"mods":["BaseMod","Bestiary","Colored Map","DeckTracker","Minty Spire (QoL Compilation)","Permanent Neow","Relic Sorter","Relic Stats","StSLib"],"gold_per_floor":[110,110,126,126,5,5,17,35,62,84,117,117,42,82,82,82,82],"floor_reached":16,"language":"ENG","playtime":481,"items_purged":["Decay"],"score":270,"play_id":"abf6d558-44b3-4811-843a-5582e6a67ddc","local_time":"20210126191906","is_ascension_mode":true,"campfire_choices":[{"data":"Eruption","floor":6.0,"key":"SMITH"},{"floor":12,"key":"REST"},{"data":"CarveReality","floor":15,"key":"SMITH"}],"circlet_count":0,"master_deck":["AscendersBane","Strike_P","Strike_P","Strike_P+1","Strike_P","Defend_P","Defend_P","Defend_P+1","Defend_P","Eruption+1","Vigilance","Indignation","CarveReality+1","CutThroughFate","Adaptation","FlyingSleeves","EmptyBody+1"],"relics":["Runic Dome","Pen Nib","CeramicFish","Singing Bowl","Toxic Egg 2"],"acts_visited":["Exordium"],"potions_floor_usage":[11],"damage_taken":[{"damage":0.0,"enemies":"Jaw Worm","floor":1.0,"turns":4.0},{"damage":21.0,"enemies":"Cultist","floor":3.0,"turns":4.0},{"damage":4.0,"enemies":"Small Slimes","floor":7.0,"turns":3.0},{"damage":3.0,"enemies":"Blue Slaver","floor":8.0,"turns":4.0},{"damage":1.0,"enemies":"Gremlin Gang","floor":10.0,"turns":2.0},{"damage":10,"enemies":"Gremlin Nob","floor":11,"turns":3},{"damage":0,"enemies":"Lagavulin","floor":14,"turns":3},{"damage":27,"enemies":"Hexaghost","floor":16,"turns":9}],"seed_played":"-2831261529759869268","potions_obtained":[{"floor":3.0,"key":"EntropicBrew"},{"floor":7.0,"key":"DistilledChaos"},{"floor":14,"key":"Dexterity Potion"}],"is_trial":false,"path_per_floor":["M","?","M","?","?","R","M","M","T","M","E","R","$","E","R","B"],"character_chosen":"WATCHER","items_purchased":[],"campfire_rested":1,"item_purchase_floors":[],"current_hp_per_floor":[61,61,40,20,20,20,16,13,13,12,4,25,25,25,25,0,0],"gold":82,"neow_bonus":"BOSS_RELIC","is_daily":false,"chose_seed":false,"campfire_upgraded":2,"win_rate":0.0,"timestamp":1611710346,"path_taken":["M","?","?","?","?","R","?","M","T","M","E","R","$","E","R","BOSS"],"items_purchased_type":[],"build_version":"2020-12-22","purchased_purges":1,"victory":false,"max_hp_per_floor":[68,68,68,68,68,68,68,68,68,68,70,70,70,70,70,70,70],"relic_stats":{"Singing Bowl":2,"counters":[8,32],"CeramicFish":18,"Pen Nib":[4],"obtain_stats":[{"Runic Dome":0,"Singing Bowl":11,"CeramicFish":9,"Pen Nib":5,"PureWater":0,"Toxic Egg 2":14},{"Runic Dome":0,"Singing Bowl":6,"CeramicFish":4,"Pen Nib":2,"PureWater":0,"Toxic Egg 2":7},{"Runic Dome":0,"Singing Bowl":20,"CeramicFish":15,"Pen Nib":8,"PureWater":0,"Toxic Egg 2":23}]},"card_choices":[{"not_picked":["CrushJoints","JustLucky"],"picked":"Indignation","floor":1.0},{"not_picked":["DeceiveReality","Worship"],"picked":"CarveReality","floor":3.0},{"not_picked":["WreathOfFlame","Weave"],"picked":"CutThroughFate","floor":7.0},{"not_picked":["WindmillStrike","Prostrate"],"picked":"Adaptation","floor":8.0},{"not_picked":["Wireheading","Collect"],"picked":"FlyingSleeves","floor":10.0},{"not_picked":["Fasting2","BattleHymn","BowlingBash"],"picked":"Singing Bowl","floor":11},{"not_picked":["EmptyMind+1","Fasting2"],"picked":"EmptyBody+1","floor":14}],"player_experience":1355677,"relics_obtained":[{"floor":9.0,"key":"CeramicFish"},{"floor":11,"key":"Singing Bowl"},{"floor":14,"key":"Toxic Egg 2"}],"event_choices":[{"damage_healed":0.0,"max_hp_gain":0.0,"max_hp_loss":0.0,"gold_gain":0.0,"event_name":"Wheel of Change","player_choice":"Cursed","floor":2.0,"gold_loss":0.0,"damage_taken":0.0,"cards_obtained":["Decay"]},{"damage_healed":0.0,"max_hp_gain":0.0,"max_hp_loss":0.0,"gold_gain":0.0,"event_name":"Shining Light","player_choice":"Entered Light","floor":4.0,"gold_loss":0.0,"damage_taken":20.0,"cards_upgraded":["Defend_P","Strike_P"]},{"damage_healed":0.0,"max_hp_gain":0.0,"max_hp_loss":0.0,"gold_gain":0.0,"event_name":"WeMeetAgain","player_choice":"Paid Gold","floor":5.0,"gold_loss":121.0,"damage_taken":0.0,"relics_obtained":["Pen Nib"]}],"is_beta":false,"boss_relics":[],"items_purged_floors":[13],"is_endless":false,"potions_floor_spawned":[3,7,14],"killed_by":"Hexaghost","ascension_level":20}}