{"host":"Koishi","time":1611770068,"event":{"mods":["2.2 Compatiblity","AchievementEnabler","Act Like it!","BaseMod","Better Match","Better Note","Better Sensory Stone","Better Third Choice","Colored Powertips","Minty Spire (QoL Compilation)","Quick Restart","Relic Stats","StSLib","everything is the same but u backflip on backflip","slay the spire mod where everything is the same but ironclad has a cowboy hat"],"gold_per_floor":[109,128,128,142,142,175,185,165,165,53,53,65,65,75,75,152,152,165,189,189,104,18,18,32,32,32,32,32],"floor_reached":27,"language":"ENG","playtime":779,"items_purged":[],"score":422,"play_id":"fffb7bb6-26db-4504-a140-1428cbf11453","local_time":"20210127125428","is_ascension_mode":true,"campfire_choices":[{"data":"Eruption","floor":11,"key":"SMITH"},{"data":"ClearTheMind","floor":15,"key":"SMITH"},{"data":"Study","floor":23,"key":"SMITH"}],"circlet_count":0,"master_deck":["AscendersBane","Strike_P","Strike_P","Strike_P","Defend_P+1","Defend_P+1","Defend_P","Defend_P+1","Eruption+1","Vigilance","EmptyMind","Consecrate","ClearTheMind+1","EmptyBody","Adaptation","ReachHeaven+1","CutThroughFate","SandsOfTime","Ragnarok+1","CutThroughFate","RitualDagger","Study+1"],"relics":["PureWater","NeowsBlessing","Tiny Chest","Mummified Hand","SlaversCollar","Whetstone","TeardropLocket","InkBottle"],"acts_visited":["Exordium","TheCity"],"potions_floor_usage":[18,27],"damage_taken":[{"damage":0,"enemies":"2 Louse","floor":1,"turns":1},{"damage":0,"enemies":"Cultist","floor":2,"turns":1},{"damage":0,"enemies":"Jaw Worm","floor":4,"turns":1},{"damage":50,"enemies":"Lagavulin","floor":6,"turns":9},{"damage":2,"enemies":"3 Louse","floor":7,"turns":6},{"damage":7,"enemies":"Red Slaver","floor":12,"turns":2},{"damage":0,"enemies":"Large Slime","floor":14,"turns":6},{"damage":51,"enemies":"The Guardian","floor":16,"turns":12},{"damage":34,"enemies":"Shell Parasite","floor":18,"turns":5},{"damage":18,"enemies":"Chosen","floor":24,"turns":4},{"damage":18,"enemies":"Slavers","floor":27,"turns":1}],"seed_played":"-3509582216995895402","potions_obtained":[{"floor":1,"key":"Dexterity Potion"},{"floor":6,"key":"Ancient Potion"},{"floor":8,"key":"DuplicationPotion"},{"floor":24,"key":"SkillPotion"}],"is_trial":false,"path_per_floor":["M","M","?","M","?","E","M","?","T","$","R","M","?","M","R","B",null,"M","T","?","?","$","R","M","T","T","E"],"character_chosen":"WATCHER","items_purchased":["Adaptation","ReachHeaven","Study"],"campfire_rested":0,"item_purchase_floors":[10,10,22],"current_hp_per_floor":[61,61,68,68,68,18,16,16,16,16,16,9,78,78,78,27,65,31,31,25,25,25,25,7,7,7,0,0],"gold":32,"neow_bonus":"THREE_ENEMY_KILL","is_daily":false,"chose_seed":false,"campfire_upgraded":3,"win_rate":0.0,"timestamp":1611770068,"path_taken":["M","M","?","?","?","E","M","?","T","$","R","?","?","M","R","BOSS","M","?","?","?","?","R","M","?","T","E"],"items_purchased_type":["Card","Card","Card"],"build_version":"2020-12-18","purchased_purges":0,"victory":false,"max_hp_per_floor":[68,68,68,68,68,68,68,68,68,68,68,68,78,78,78,78,78,78,78,78,78,78,78,78,78,78,78,78],"relic_stats":{"counters":[11,48],"Mummified Hand":[12],"Tiny Chest":2,"Whetstone":["ReachHeaven","Ragnarok"],"obtain_stats":[{"SlaversCollar":17,"NeowsBlessing":0,"Mummified Hand":9,"Tiny Chest":6,"Whetstone":19,"TeardropLocket":21,"PureWater":0,"InkBottle":26},{"SlaversCollar":8,"NeowsBlessing":0,"Mummified Hand":5,"Tiny Chest":4,"Whetstone":9,"TeardropLocket":9,"PureWater":0,"InkBottle":10},{"SlaversCollar":38,"NeowsBlessing":0,"Mummified Hand":18,"Tiny Chest":12,"Whetstone":43,"TeardropLocket":43,"PureWater":0,"InkBottle":47}],"InkBottle":[0]},"card_choices":[{"not_picked":["Collect","JustLucky"],"picked":"EmptyMind","floor":1},{"not_picked":["WaveOfTheHand","Crescendo"],"picked":"Consecrate","floor":2},{"not_picked":["ClearTheMind","Worship"],"picked":"LessonLearned","floor":4},{"not_picked":["Worship","ClearTheMind"],"picked":"EmptyBody","floor":6},{"not_picked":["ClearTheMind","WreathOfFlame","EmptyFist"],"picked":"SKIP","floor":7},{"not_picked":["FlyingSleeves","Consecrate"],"picked":"CutThroughFate","floor":12},{"not_picked":["ReachHeaven","WaveOfTheHand"],"picked":"SandsOfTime","floor":14},{"not_picked":["Judgement","DeusExMachina"],"picked":"Ragnarok","floor":16},{"not_picked":["Consecrate","ClearTheMind"],"picked":"CutThroughFate","floor":18},{"not_picked":["JustLucky+1","Crescendo","Protect"],"picked":"SKIP","floor":24}],"player_experience":137113,"relics_obtained":[{"floor":6,"key":"Tiny Chest"},{"floor":9,"key":"Mummified Hand"},{"floor":19,"key":"Whetstone"},{"floor":26,"key":"InkBottle"}],"event_choices":[{"damage_healed":7,"gold_gain":0,"player_choice":"Full Heal","damage_taken":0,"max_hp_gain":0,"max_hp_loss":0,"event_name":"Wheel of Change","floor":3,"gold_loss":0},{"damage_healed":0,"gold_gain":0,"cards_transformed":["Strike_P"],"player_choice":"Change","damage_taken":0,"max_hp_gain":0,"max_hp_loss":0,"event_name":"Living Wall","floor":5,"gold_loss":0,"cards_obtained":["ClearTheMind"]},{"damage_healed":0,"gold_gain":0,"player_choice":"Bought 1 Potion","damage_taken":0,"max_hp_gain":0,"max_hp_loss":0,"event_name":"The Woman in Blue","floor":8,"gold_loss":0},{"cards_removed":["LessonLearned"],"damage_healed":59,"gold_gain":0,"player_choice":"Offered Rare","damage_taken":0,"max_hp_gain":10,"max_hp_loss":0,"event_name":"Bonfire Elementals","floor":13,"gold_loss":0},{"damage_healed":0,"gold_gain":0,"player_choice":"Dagger","damage_taken":6,"max_hp_gain":0,"max_hp_loss":0,"event_name":"betterThird:BetterNest","floor":20,"gold_loss":0,"cards_obtained":["RitualDagger"]},{"damage_healed":0,"gold_gain":0,"player_choice":"Obtained Relic","damage_taken":0,"relics_obtained":["TeardropLocket"],"max_hp_gain":0,"max_hp_loss":0,"event_name":"Addict","floor":21,"gold_loss":85}],"is_beta":true,"boss_relics":[{"not_picked":["Astrolabe","HolyWater"],"picked":"SlaversCollar"}],"items_purged_floors":[],"is_endless":false,"potions_floor_spawned":[1,6,7,16,24],"killed_by":"Slavers","ascension_level":20}}