{"host":"og21o26alpnbwmz8","time":1611766276,"event":{"mods":["Act Like it!","Aspiration","BaseMod","Conspire","Downfall","Halation","Hallownest","Hubris","Jedi Mod","Mimic Mod","Minty Spire (QoL Compilation)","Pale of the Ancients","Replay The Spire","Shop Mod","Spikes Relics","StSLib","The Alterego","The Blue Laboratory","The Death Knight","The Wild Card","Waifu the Spire"],"gold_per_floor":[115,115,115,130,146,172,172,200,200,200,200,50,124,139,139,244,344,361,371,371,391,391,391],"floor_reached":22,"language":"ENG","playtime":988,"items_purged":["theWildCard:BasicStrike","Predator"],"score":294,"play_id":"5afba23a-3334-44b7-b30b-4d804c7167d3","local_time":"20210127115116","is_ascension_mode":false,"campfire_choices":[{"data":"ReplayTheSpireMod:From All Sides","floor":7.0,"key":"SMITH"},{"data":"Masterful Stab","floor":10.0,"key":"SMITH"},{"data":"theWildCard:Arsene","floor":15.0,"key":"SMITH"}],"circlet_count":0,"master_deck":["Master of Strategy","theWildCard:BasicDefend","theWildCard:BasicDefend","theWildCard:CallToAdventure+1","theWildCard:Arsene+1","theWildCard:SeveringSlash","Masterful Stab+1","ReplayTheSpireMod:From All Sides+1","theWildCard:MagicMettle","theWildCard:MagicalMight","theWildCard:PowerOfTheArcana","theWildCard:TheGreatSeal","theWildCard:TheGreatSeal","ReplayTheSpireMod:Scrap Shanks","InfectiousVector","hubris:Sniper"],"relics":["theWildCard:VelvetContract","hubris:Towel","Oddly Smooth Stone","jedi:cryingmask","hubris:PeanutButter","Replay:Wanted Poster"],"acts_visited":["Exordium","Hallownest:Greenpath"],"potions_floor_usage":[],"damage_taken":[{"damage":0.0,"enemies":"Hallownest:2_Tiktiks_and_1_Crawlid","floor":1.0,"turns":3.0},{"damage":0.0,"enemies":"2_ Uuma","floor":4.0,"turns":2.0},{"damage":0.0,"enemies":"Hallownest:2_MossCreeps","floor":5.0,"turns":3.0},{"damage":0.0,"enemies":"Hallownest:eliteVengeflyKing","floor":6.0,"turns":4.0},{"damage":0.0,"enemies":"Hallownest:eliteCrystalGuardian","floor":8.0,"turns":5.0},{"damage":0.0,"enemies":"Hallownest:monsterAspidMother","floor":11.0,"turns":2.0},{"damage":0.0,"enemies":"Hallownest:monsterMossCharger","floor":14.0,"turns":3.0},{"damage":0.0,"enemies":"Hallownest:BossBrokenVessel","floor":16.0,"turns":7.0},{"damage":0,"enemies":"Hallownest:Guard_and_Sentry","floor":18,"turns":3},{"damage":0,"enemies":"Hallownest:Flukemon_and_Top","floor":19,"turns":5},{"damage":0,"enemies":"Hallownest:2_Flukemon","floor":21,"turns":5}],"seed_played":"-2593231842623207657","potions_obtained":[{"floor":4.0,"key":"Doom Potion"},{"floor":5.0,"key":"blueLaboratory:SavagePotion"},{"floor":6.0,"key":"BlessingOfTheForge"}],"is_trial":false,"path_per_floor":["M","?","?","M","M","E","R","E","T","R","M","$","T","M","R","B",null,"M","M","?","M","?"],"character_chosen":"THE_WILD_CARD","items_purchased":[],"campfire_rested":0,"item_purchase_floors":[],"current_hp_per_floor":[60,60,60,60,60,60,60,60,60,60,60,60,60,60,60,60,60,60,60,60,60,0,0],"gold":391,"neow_bonus":"UPGRADE_CARD","is_daily":false,"chose_seed":false,"campfire_upgraded":3,"win_rate":0.0,"timestamp":1611766276,"path_taken":["M","?","?","M","?","E","R","E","T","R","M","$","?","M","R","BOSS","M","M","?","?","?"],"items_purchased_type":[],"build_version":"2020-12-22","purchased_purges":2,"victory":false,"max_hp_per_floor":[60,60,60,60,60,60,60,60,60,60,60,60,60,60,60,60,60,60,60,60,60,60,60],"card_choices":[{"not_picked":["theWildCard:Polydeuces","theWildCard:Safeguard"],"picked":"theWildCard:SeveringSlash","floor":1.0},{"not_picked":["theWildCard:StingingStrike","theWildCard:Unburden","theWildCard:SeveringSlash"],"picked":"SKIP","floor":4.0},{"not_picked":["theWildCard:StingingStrike","theWildCard:SeveringSlash","theWildCard:SacrificialStroke"],"picked":"SKIP","floor":5.0},{"not_picked":["theWildCard:StingingStrike","theWildCard:Proficiency"],"picked":"theWildCard:MagicMettle","floor":6.0},{"not_picked":["theWildCard:StingingStrike","theWildCard:SacrificialStroke"],"picked":"theWildCard:MagicalMight","floor":8.0},{"not_picked":["theWildCard:Patience","theWildCard:Safeguard"],"picked":"theWildCard:PowerOfTheArcana","floor":11.0},{"not_picked":["theWildCard:Patience","theWildCard:SeveringSlash"],"picked":"theWildCard:TheGreatSeal","floor":14.0},{"not_picked":["theWildCard:Amaterasu","theWildCard:Satanael"],"picked":"theWildCard:TheUniverse","floor":16.0},{"not_picked":["theWildCard:Alice","theWildCard:SeveringSlash+1","theWildCard:Michael"],"picked":"SKIP","floor":18},{"not_picked":["theWildCard:Alice","theWildCard:Patience"],"picked":"theWildCard:TheGreatSeal","floor":19},{"not_picked":["theWildCard:LadyLuck","theWildCard:StingingStrike","theWildCard:MagicMettle"],"picked":"SKIP","floor":21}],"player_experience":181378,"relics_obtained":[{"floor":6.0,"key":"Oddly Smooth Stone"},{"floor":8.0,"key":"jedi:cryingmask"},{"floor":9.0,"key":"hubris:PeanutButter"}],"event_choices":[],"is_beta":false,"boss_relics":[{"not_picked":["hubris:RunicObelisk","Snecko Eye"],"picked":"Replay:Wanted Poster"}],"items_purged_floors":[12,12],"is_endless":false,"potions_floor_spawned":[4,5,6,16],"ascension_level":0}}