{"host":"cjhtzh7tp54jdfyv","time":1611744440,"event":{"mods":["AchievementEnabler","BaseMod","Colored Map","Colored Powertips","Curses Come First","DeckTracker","Minty Spire (QoL Compilation)","RNG Fix","Relic Sorter","Relic Stats","StSLib","UnlockEverythingMod","ojb\u0027s Better Paths Mod","ojb\u0027s Info Mod"],"gold_per_floor":[18,30,30,0,0,44,44,44,44],"floor_reached":8,"language":"ENG","playtime":638,"items_purged":[],"score":108,"play_id":"5356843b-935d-4b1c-9dbb-9e6379557e97","local_time":"20210127054720","is_ascension_mode":true,"campfire_choices":[{"floor":7,"key":"REST"}],"circlet_count":0,"master_deck":["AscendersBane","Strike_G+1","Strike_G","Strike_G","Strike_G","Strike_G","Defend_G+1","Defend_G","Defend_G","Defend_G","Defend_G","Survivor","Neutralize","Poisoned Stab","Cloak And Dagger","Malaise"],"relics":["Ring of the Snake","Dead Branch","Golden Idol","Bag of Preparation"],"acts_visited":["Exordium"],"potions_floor_usage":[],"damage_taken":[{"damage":0,"enemies":"Cultist","floor":1,"turns":4},{"damage":1,"enemies":"Small Slimes","floor":2,"turns":4},{"damage":12,"enemies":"3 Sentries","floor":6,"turns":8},{"damage":60,"enemies":"Gremlin Nob","floor":8,"turns":4}],"seed_played":"3057703066844676638","potions_obtained":[],"is_trial":false,"path_per_floor":["M","M","?","?","?","E","R","E"],"character_chosen":"THE_SILENT","items_purchased":[],"campfire_rested":1,"item_purchase_floors":[],"current_hp_per_floor":[59,58,38,38,38,26,44,0,0],"gold":44,"neow_bonus":"ONE_RARE_RELIC","is_daily":false,"chose_seed":false,"campfire_upgraded":0,"win_rate":0.0,"timestamp":1611744440,"path_taken":["M","M","?","?","?","E","R","E"],"items_purchased_type":[],"build_version":"2020-12-22","purchased_purges":0,"victory":false,"max_hp_per_floor":[66,66,66,66,60,60,60,60,60],"relic_stats":{"counters":[4,20],"Golden Idol":9,"Dead Branch":[21],"Bag of Preparation":[2],"obtain_stats":[{"Golden Idol":5,"Dead Branch":0,"Bag of Preparation":6,"Ring of the Snake":0},{"Golden Idol":2,"Dead Branch":0,"Bag of Preparation":3,"Ring of the Snake":0},{"Golden Idol":8,"Dead Branch":0,"Bag of Preparation":16,"Ring of the Snake":0}],"Ring of the Snake":[8]},"card_choices":[{"not_picked":["Quick Slash","Caltrops"],"picked":"Poisoned Stab","floor":1},{"not_picked":["Expertise","Backflip"],"picked":"Cloak And Dagger","floor":2},{"not_picked":["Poisoned Stab","Backflip"],"picked":"Malaise","floor":6}],"player_experience":4552920,"relics_obtained":[{"floor":6,"key":"Bag of Preparation"}],"event_choices":[{"damage_healed":0,"gold_gain":0,"player_choice":"Entered Light","damage_taken":20,"max_hp_gain":0,"max_hp_loss":0,"event_name":"Shining Light","floor":3,"gold_loss":0,"cards_upgraded":["Strike_G","Defend_G"]},{"damage_healed":0,"gold_gain":0,"player_choice":"Left Gold","damage_taken":0,"max_hp_gain":0,"max_hp_loss":0,"event_name":"World of Goop","floor":4,"gold_loss":30},{"damage_healed":0,"gold_gain":0,"player_choice":"Lose Max HP","damage_taken":0,"relics_obtained":["Golden Idol"],"max_hp_gain":0,"max_hp_loss":6,"event_name":"Golden Idol","floor":5,"gold_loss":0}],"is_beta":false,"boss_relics":[],"items_purged_floors":[],"is_endless":false,"potions_floor_spawned":[],"killed_by":"Gremlin Nob","ascension_level":20}}