{"host":"254qdhpnbonm8z0p","time":1611741828,"event":{"mods":["AchievementEnabler","BaseMod","Block Reminder","Colored Map","Colored Powertips","Minty Spire (QoL Compilation)","ojb\u0027s Better Paths Mod"],"gold_per_floor":[116,116,116,191,207,241,241,275,323,354,354,354,388,5,5,5,5],"floor_reached":16,"language":"ENG","playtime":794,"items_purged":["Defend_R"],"score":156,"play_id":"96e8adfc-3cad-4ece-89f1-3c6d7103945a","local_time":"20210127020348","is_ascension_mode":true,"campfire_choices":[{"floor":7,"key":"RECALL"},{"floor":11,"key":"REST"},{"floor":15,"key":"REST"}],"circlet_count":0,"master_deck":["Strike_R","Strike_R","Strike_R","Strike_R+1","Strike_R","Defend_R","Defend_R","Defend_R","Bash+1","Feed","Inflame"],"relics":["Burning Blood","NeowsBlessing","Nunchaku","Mummified Hand","Gremlin Horn","Bronze Scales","Smiling Mask","Whetstone","Molten Egg 2"],"acts_visited":["Exordium"],"potions_floor_usage":[8],"damage_taken":[{"damage":0,"enemies":"Jaw Worm","floor":1,"turns":1},{"damage":0,"enemies":"2 Louse","floor":5,"turns":1},{"damage":0,"enemies":"3 Sentries","floor":6,"turns":2},{"damage":57,"enemies":"Lagavulin","floor":8,"turns":7},{"damage":15,"enemies":"Gremlin Nob","floor":10,"turns":4},{"damage":52,"enemies":"3 Sentries","floor":13,"turns":8},{"damage":43,"enemies":"The Guardian","floor":16,"turns":5}],"seed_played":"-1151733049293014048","potions_obtained":[{"floor":5,"key":"LiquidBronze"},{"floor":10,"key":"AttackPotion"}],"is_trial":false,"path_per_floor":["M","?","T","?","M","E","R","E","T","E","R","?","E","$","R","B"],"character_chosen":"IRONCLAD","items_purchased":["Molten Egg 2","Inflame"],"campfire_rested":2,"item_purchase_floors":[14,14],"current_hp_per_floor":[80,68,68,57,63,69,69,18,18,9,33,59,16,16,40,0,0],"gold":5,"neow_bonus":"THREE_ENEMY_KILL","is_daily":false,"chose_seed":false,"campfire_upgraded":0,"win_rate":0.0,"timestamp":1611741828,"path_taken":["M","?","?","?","M","E","R","E","T","E","R","?","E","$","R","BOSS"],"items_purchased_type":["Relic","Card"],"build_version":"2020-12-22","purchased_purges":1,"victory":false,"max_hp_per_floor":[80,80,80,80,80,80,80,80,80,80,80,80,83,83,83,83,83],"card_choices":[{"not_picked":["Body Slam","Flex","Rage"],"picked":"SKIP","floor":1},{"not_picked":["Bloodletting","Warcry","Thunderclap"],"picked":"SKIP","floor":5},{"not_picked":["Burning Pact","Dual Wield","Fire Breathing"],"picked":"SKIP","floor":6},{"not_picked":["Whirlwind","Blood for Blood","Brutality"],"picked":"SKIP","floor":8},{"not_picked":["Fire Breathing","Bloodletting"],"picked":"Feed","floor":10},{"not_picked":["Cleave","True Grit","Perfected Strike"],"picked":"SKIP","floor":13}],"player_experience":108479,"relics_obtained":[{"floor":3,"key":"Mummified Hand"},{"floor":6,"key":"Gremlin Horn"},{"floor":8,"key":"Bronze Scales"},{"floor":10,"key":"Smiling Mask"},{"floor":13,"key":"Whetstone"}],"event_choices":[{"damage_healed":0,"gold_gain":0,"player_choice":"Success","damage_taken":12,"relics_obtained":["Nunchaku"],"max_hp_gain":0,"max_hp_loss":0,"event_name":"Scrap Ooze","floor":2,"gold_loss":0},{"damage_healed":0,"gold_gain":75,"player_choice":"Gather Gold","damage_taken":11,"max_hp_gain":0,"max_hp_loss":0,"event_name":"World of Goop","floor":4,"gold_loss":0},{"damage_healed":26,"gold_gain":0,"player_choice":"Banana","damage_taken":0,"max_hp_gain":0,"max_hp_loss":0,"event_name":"Big Fish","floor":12,"gold_loss":0}],"is_beta":false,"boss_relics":[],"items_purged_floors":[14],"is_endless":false,"potions_floor_spawned":[5,10],"killed_by":"The Guardian","ascension_level":1}}