{"host":"vumwfieg2b2mnrfl","time":1611786121,"event":{"mods":["AchievementEnabler","BaseMod","Minty Spire (QoL Compilation)","Rare Cards Sparkle","Relic Stats"],"gold_per_floor":[363,381,400,414,414,414,458,143,167,167,191,226,255,287,287,398,398,419,442,451,451,470,470,370,370,370,404,427,427,456,497,497,497,497],"floor_reached":33,"language":"ENG","playtime":1069,"items_purged":["Regret","Defend_P"],"score":570,"play_id":"2abb9117-07fa-4ddf-8687-db125f01ea6a","local_time":"20210127162201","is_ascension_mode":true,"campfire_choices":[{"data":"Eruption","floor":6,"key":"SMITH"},{"floor":10,"key":"REST"},{"data":"Wallop","floor":15,"key":"SMITH"},{"floor":23,"key":"REST"},{"data":"Vigilance","floor":25,"key":"SMITH"},{"data":"SandsOfTime","floor":29,"key":"SMITH"},{"floor":32,"key":"REST"}],"circlet_count":0,"master_deck":["Strike_P","Strike_P","Strike_P","Strike_P","Defend_P","Defend_P+1","Defend_P+1","Eruption+1","Vigilance+1","BowlingBash","SandsOfTime+1","Wallop+1","FlurryOfBlows","EmptyFist+1","CutThroughFate+1","FollowUp+1","Establishment","Evaluate","ReachHeaven+1","Writhe","Halt","FearNoEvil+1","Wallop+1","MasterReality"],"relics":["PureWater","CultistMask","CeramicFish","Molten Egg 2","Boot","PreservedInsect","Bag of Marbles","Black Star","Singing Bowl","HornCleat","Oddly Smooth Stone","Potion Belt","War Paint"],"acts_visited":["Exordium","TheCity"],"potions_floor_usage":[13,14,16,28],"damage_taken":[{"damage":3,"enemies":"Small Slimes","floor":1,"turns":3},{"damage":6,"enemies":"Cultist","floor":2,"turns":3},{"damage":3,"enemies":"Jaw Worm","floor":3,"turns":3},{"damage":0,"enemies":"Exordium Wildlife","floor":4,"turns":3},{"damage":17,"enemies":"Gremlin Nob","floor":7,"turns":3},{"damage":2,"enemies":"Blue Slaver","floor":11,"turns":4},{"damage":6,"enemies":"Lagavulin","floor":12,"turns":5},{"damage":3,"enemies":"Gremlin Gang","floor":13,"turns":4},{"damage":0,"enemies":"3 Sentries","floor":14,"turns":2},{"damage":0,"enemies":"Slime Boss","floor":16,"turns":3},{"damage":16,"enemies":"Shell Parasite","floor":18,"turns":4},{"damage":22,"enemies":"Spheric Guardian","floor":19,"turns":4},{"damage":1,"enemies":"Centurion and Healer","floor":22,"turns":4},{"damage":2,"enemies":"Slavers","floor":27,"turns":4},{"damage":4,"enemies":"3 Cultists","floor":28,"turns":4},{"damage":12,"enemies":"Chosen and Byrds","floor":30,"turns":4},{"damage":0,"enemies":"Gremlin Leader","floor":31,"turns":4},{"damage":72,"enemies":"Automaton","floor":33,"turns":6}],"seed_played":"6433492052427637226","potions_obtained":[{"floor":1,"key":"ColorlessPotion"},{"floor":4,"key":"AttackPotion"},{"floor":12,"key":"FearPotion"},{"floor":13,"key":"Dexterity Potion"},{"floor":27,"key":"Energy Potion"},{"floor":31,"key":"PowerPotion"}],"is_trial":false,"path_per_floor":["M","M","M","M","?","R","E","$","T","R","M","E","M","E","R","B",null,"M","M","?","?","M","R","$","R","T","E","M","R","M","E","R","B"],"character_chosen":"WATCHER","items_purchased":["Molten Egg 2"],"campfire_rested":3,"item_purchase_floors":[8],"current_hp_per_floor":[62,56,53,53,53,53,36,36,36,57,55,49,46,46,46,46,66,50,28,28,28,27,48,48,48,48,48,44,44,32,32,54,0,0],"gold":497,"neow_bonus":"TWO_FIFTY_GOLD","is_daily":false,"chose_seed":false,"campfire_upgraded":4,"win_rate":0.0,"timestamp":1611786121,"path_taken":["M","M","M","M","?","R","E","$","T","R","?","E","M","E","R","BOSS","M","M","?","?","M","R","?","R","T","E","M","R","M","E","R","BOSS"],"items_purchased_type":["Relic"],"build_version":"2020-12-22","purchased_purges":2,"victory":false,"max_hp_per_floor":[72,72,72,72,72,72,72,72,72,72,72,72,72,72,72,72,72,72,72,72,72,72,72,72,72,72,74,74,74,74,74,74,74,74],"relic_stats":{"Singing Bowl":2,"counters":[18,67],"CeramicFish":108,"PreservedInsect":121,"Black Star":2,"War Paint":["Defend_P","Defend_P"],"Boot":[15],"obtain_stats":[{"Potion Belt":31,"Singing Bowl":20,"CeramicFish":7,"Oddly Smooth Stone":27,"PreservedInsect":12,"War Paint":31,"Boot":9,"HornCleat":26,"Molten Egg 2":8,"CultistMask":5,"Bag of Marbles":14,"Black Star":17,"PureWater":0},{"Potion Belt":17,"Singing Bowl":12,"CeramicFish":5,"Oddly Smooth Stone":14,"PreservedInsect":7,"War Paint":17,"Boot":5,"HornCleat":13,"Molten Egg 2":5,"CultistMask":4,"Bag of Marbles":9,"Black Star":10,"PureWater":0},{"Potion Belt":61,"Singing Bowl":41,"CeramicFish":15,"Oddly Smooth Stone":49,"PreservedInsect":24,"War Paint":61,"Boot":15,"HornCleat":45,"Molten Egg 2":15,"CultistMask":12,"Bag of Marbles":30,"Black Star":33,"PureWater":0}]},"card_choices":[{"not_picked":["Halt","FlurryOfBlows"],"picked":"BowlingBash","floor":1},{"not_picked":["Prostrate","SashWhip"],"picked":"SandsOfTime","floor":2},{"not_picked":["Adaptation","BowlingBash"],"picked":"Wallop","floor":3},{"not_picked":["EmptyBody","JustLucky","Halt"],"picked":"SKIP","floor":4},{"not_picked":["Indignation","Halt"],"picked":"FlurryOfBlows","floor":7},{"not_picked":["DevaForm","WaveOfTheHand"],"picked":"EmptyFist+1","floor":11},{"not_picked":["PathToVictory","Prostrate"],"picked":"CutThroughFate+1","floor":12},{"not_picked":["Weave+1","BowlingBash+1"],"picked":"FollowUp+1","floor":13},{"not_picked":["BowlingBash+1","EmptyFist+1","Pray"],"picked":"SKIP","floor":14},{"not_picked":["ConjureBlade","Judgement"],"picked":"Establishment","floor":16},{"not_picked":["ForeignInfluence","CrushJoints+1"],"picked":"Evaluate","floor":18},{"not_picked":["Evaluate+1","ClearTheMind"],"picked":"ReachHeaven+1","floor":19},{"not_picked":["BowlingBash+1","FlurryOfBlows+1"],"picked":"Halt","floor":22},{"not_picked":["CrushJoints+1","Evaluate","PathToVictory"],"picked":"Singing Bowl","floor":27},{"not_picked":["PathToVictory","WaveOfTheHand+1"],"picked":"FearNoEvil+1","floor":28},{"not_picked":["FlyingSleeves+1","BowlingBash+1"],"picked":"Wallop+1","floor":30},{"not_picked":["Vault","Adaptation"],"picked":"MasterReality","floor":31}],"player_experience":476945,"relics_obtained":[{"floor":7,"key":"CeramicFish"},{"floor":9,"key":"Boot"},{"floor":12,"key":"PreservedInsect"},{"floor":14,"key":"Bag of Marbles"},{"floor":26,"key":"HornCleat"},{"floor":27,"key":"Oddly Smooth Stone"},{"floor":31,"key":"Potion Belt"},{"floor":31,"key":"War Paint"}],"event_choices":[{"damage_healed":0,"gold_gain":0,"player_choice":"Trade","damage_taken":0,"relics_obtained":["CultistMask"],"max_hp_gain":0,"max_hp_loss":0,"event_name":"FaceTrader","floor":5,"gold_loss":0},{"damage_healed":0,"gold_gain":0,"player_choice":"Opened","damage_taken":0,"relics_obtained":["Singing Bowl"],"max_hp_gain":0,"max_hp_loss":0,"event_name":"The Mausoleum","floor":20,"gold_loss":0,"cards_obtained":["Writhe"]},{"damage_healed":0,"gold_gain":0,"player_choice":"Ignored","damage_taken":0,"max_hp_gain":0,"max_hp_loss":0,"event_name":"Vampires","floor":21,"gold_loss":0}],"is_beta":false,"boss_relics":[{"not_picked":["Ectoplasm","Fusion Hammer"],"picked":"Black Star"}],"items_purged_floors":[8,24],"is_endless":false,"potions_floor_spawned":[1,4,12,13,27,31],"killed_by":"Automaton","ascension_level":8}}