{"host":"Qube","time":1611791385,"event":{"mods":["AchievementEnabler","BaseMod","Colored Map","Colored Powertips","Highlight Path","Minty Spire (QoL Compilation)","Permanent Neow","Quick Restart","Random Character Button","StSLib"],"gold_per_floor":[368,518,533,547,23,58,7,7,34,57,57,79,9,29,29,115,115,134,161,161,161],"floor_reached":20,"language":"ENG","playtime":589,"items_purged":["Doubt"],"score":348,"play_id":"bdfb4de3-fe90-42e1-a48e-825ab985f5e4","local_time":"20210127154945","is_ascension_mode":true,"campfire_choices":[{"data":"Creative AI","floor":8,"key":"SMITH"},{"floor":11,"key":"REST"},{"data":"Double Energy","floor":15,"key":"SMITH"}],"circlet_count":0,"master_deck":["AscendersBane","Strike_B","Strike_B","Strike_B","Strike_B","Defend_B","Defend_B","Defend_B","Defend_B","Zap","Dualcast","Parasite","Double Energy+1","Steam","Ball Lightning","Creative AI+1","Cold Snap","FTL","Auto Shields","Hologram","Ball Lightning","Leap","Echo Form","Ghostly","Ghostly","Ghostly"],"relics":["Cracked Core","Mango","Boot","CeramicFish","Inserter"],"acts_visited":["Exordium","TheCity"],"potions_floor_usage":[10,10,14,16],"damage_taken":[{"damage":15,"enemies":"Small Slimes","floor":1,"turns":4},{"damage":14,"enemies":"Jaw Worm","floor":3,"turns":4},{"damage":7,"enemies":"Cultist","floor":4,"turns":4},{"damage":32,"enemies":"Gremlin Nob","floor":6,"turns":4},{"damage":1,"enemies":"Exordium Wildlife","floor":10,"turns":2},{"damage":1,"enemies":"2 Fungi Beasts","floor":12,"turns":3},{"damage":16,"enemies":"Exordium Thugs","floor":14,"turns":4},{"damage":13,"enemies":"Hexaghost","floor":16,"turns":10},{"damage":32,"enemies":"Chosen","floor":18,"turns":5},{"damage":25,"enemies":"Shell Parasite","floor":20,"turns":3}],"seed_played":"-9035734642582649820","potions_obtained":[{"floor":1,"key":"Explosive Potion"},{"floor":6,"key":"Fire Potion"},{"floor":12,"key":"PotionOfCapacity"},{"floor":18,"key":"Explosive Potion"}],"is_trial":false,"path_per_floor":["M","?","M","M","$","E","?","R","T","M","R","M","$","M","R","B",null,"M","?","M"],"character_chosen":"DEFECT","items_purchased":["Mango","Creative AI","Cold Snap","Ball Lightning","Explosive Potion"],"campfire_rested":1,"item_purchase_floors":[5,5,5,13,13],"current_hp_per_floor":[49,49,35,28,42,10,10,10,10,9,34,33,33,17,17,4,65,33,33,8,8],"gold":161,"neow_bonus":"TWO_FIFTY_GOLD","is_daily":false,"chose_seed":false,"campfire_upgraded":2,"win_rate":0.0,"timestamp":1611791385,"path_taken":["M","?","M","M","$","E","?","R","T","M","R","M","$","M","R","BOSS","M","?","M"],"items_purchased_type":["Relic","Card","Card","Card","Potion"],"build_version":"2020-12-18","purchased_purges":1,"victory":false,"max_hp_per_floor":[71,71,71,71,85,85,85,85,85,85,85,85,85,85,85,85,85,85,42,42,42],"card_choices":[{"not_picked":["Beam Cell","Recycle"],"picked":"Double Energy","floor":1},{"not_picked":["Barrage","Hyperbeam"],"picked":"Steam","floor":3},{"not_picked":["Rebound","Redo"],"picked":"Ball Lightning","floor":4},{"not_picked":["Hologram","Stack"],"picked":"FTL","floor":6},{"not_picked":["Capacitor","Redo"],"picked":"Auto Shields","floor":10},{"not_picked":["Rip and Tear","Steam Power"],"picked":"Hologram","floor":12},{"not_picked":["Streamline","Rip and Tear"],"picked":"Leap","floor":14},{"not_picked":["Creative AI","Reboot"],"picked":"Echo Form","floor":16},{"not_picked":["Streamline","Beam Cell","Ball Lightning"],"picked":"SKIP","floor":18}],"player_experience":984186,"relics_obtained":[{"floor":6,"key":"Boot"},{"floor":9,"key":"CeramicFish"}],"event_choices":[{"damage_healed":0,"gold_gain":150,"player_choice":"AGREE","damage_taken":0,"max_hp_gain":0,"max_hp_loss":0,"event_name":"Liars Game","floor":2,"gold_loss":0,"cards_obtained":["Doubt"]},{"damage_healed":0,"gold_gain":0,"player_choice":"Left Gold","damage_taken":0,"max_hp_gain":0,"max_hp_loss":0,"event_name":"World of Goop","floor":7,"gold_loss":51},{"damage_healed":0,"gold_gain":0,"player_choice":"Became a Ghost","damage_taken":0,"max_hp_gain":0,"max_hp_loss":43,"event_name":"Ghosts","floor":19,"gold_loss":0,"cards_obtained":["Ghostly","Ghostly","Ghostly"]}],"is_beta":true,"boss_relics":[{"not_picked":["SacredBark","Pandora\u0027s Box"],"picked":"Inserter"}],"items_purged_floors":[5],"is_endless":false,"potions_floor_spawned":[1,6,12,18],"killed_by":"Shell Parasite","ascension_level":20}}