{"host":"v711dtdb46xe9u7l","time":1611711208,"event":{"mods":["BaseMod","Bestiary","Highlight Path","Minty Spire (QoL Compilation)","Quick Restart","StSLib"],"gold_per_floor":[119,119,137,149,24,24,53,53,53,84,84,101,126,138,138,241,241,261,261,277,277,290,290,323,343,370,384,483,483,32,65,65,162,162,178,178,193,20,37,37,57,84,107,125,141,141,160,160,160],"floor_reached":48,"language":"ENG","playtime":2363,"items_purged":["Regret","Defend_R"],"score":756,"play_id":"eb4b6782-6b28-4b70-986e-067524818c43","local_time":"20210127013328","is_ascension_mode":true,"campfire_choices":[{"data":"Perfected Strike","floor":6.0,"key":"SMITH"},{"data":"Bash","floor":8.0,"key":"SMITH"},{"data":"Blood for Blood","floor":15.0,"key":"SMITH"},{"data":"Rage","floor":23.0,"key":"SMITH"},{"data":"Immolate","floor":32,"key":"SMITH"},{"floor":40,"key":"RECALL"},{"floor":46,"key":"REST"}],"circlet_count":0,"master_deck":["AscendersBane","Strike_R","Strike_R","Strike_R","Strike_R","Bash+1","Wild Strike","Perfected Strike+1","Clash","Dual Wield","Disarm+1","Offering","Blood for Blood+1","Immolate+1","Perfected Strike+1","Combust","Rage+1","Burning Pact","Burning Pact","Ghostly Armor+1","Battle Trance","Cleave+1","Shrug It Off","Dark Embrace","Battle Trance","Wild Strike","Armaments+1","Clash+1","Perfected Strike+1","Wild Strike+1","Warcry+1"],"relics":["Burning Blood","NeowsBlessing","Pantograph","Akabeko","Happy Flower","Anchor","Blood Vial","Busted Crown","Enchiridion","Dream Catcher","Orrery","Red Skull","Toy Ornithopter","Red Mask","Empty Cage","Bottled Flame","Bag of Preparation"],"acts_visited":["Exordium","TheCity","TheBeyond"],"potions_floor_usage":[33,42,42,45,48,48],"damage_taken":[{"damage":0.0,"enemies":"Cultist","floor":1.0,"turns":1.0},{"damage":0.0,"enemies":"Small Slimes","floor":3.0,"turns":1.0},{"damage":0.0,"enemies":"Jaw Worm","floor":4.0,"turns":1.0},{"damage":25.0,"enemies":"Lagavulin","floor":7.0,"turns":6.0},{"damage":16.0,"enemies":"Gremlin Nob","floor":10.0,"turns":3.0},{"damage":1.0,"enemies":"Looter","floor":12.0,"turns":2.0},{"damage":16.0,"enemies":"Lagavulin","floor":13.0,"turns":6.0},{"damage":15.0,"enemies":"Exordium Thugs","floor":14.0,"turns":3.0},{"damage":36.0,"enemies":"Hexaghost","floor":16.0,"turns":8.0},{"damage":6.0,"enemies":"Shell Parasite","floor":18.0,"turns":1.0},{"damage":6.0,"enemies":"Chosen","floor":20.0,"turns":3.0},{"damage":6.0,"enemies":"Shelled Parasite and Fungi","floor":22.0,"turns":3.0},{"damage":1.0,"enemies":"Gremlin Leader","floor":24.0,"turns":3.0},{"damage":12.0,"enemies":"3 Cultists","floor":25.0,"turns":3.0},{"damage":9.0,"enemies":"Cultist and Chosen","floor":27.0,"turns":4.0},{"damage":0,"enemies":"Masked Bandits","floor":31,"turns":2},{"damage":79,"enemies":"Automaton","floor":33,"turns":9},{"damage":20,"enemies":"3 Darklings","floor":35,"turns":4},{"damage":0,"enemies":"3 Shapes","floor":37,"turns":1},{"damage":29,"enemies":"Jaw Worm Horde","floor":39,"turns":4},{"damage":21,"enemies":"Spire Growth","floor":41,"turns":4},{"damage":28,"enemies":"Giant Head","floor":42,"turns":6},{"damage":12,"enemies":"Transient","floor":44,"turns":5},{"damage":12,"enemies":"Sphere and 2 Shapes","floor":45,"turns":3},{"damage":17,"enemies":"Spire Growth","floor":47,"turns":4},{"damage":85,"enemies":"Nemesis","floor":48,"turns":5}],"seed_played":"-778357999302452019","potions_obtained":[{"floor":3.0,"key":"ColorlessPotion"},{"floor":7.0,"key":"Dexterity Potion"},{"floor":13.0,"key":"Fire Potion"},{"floor":18.0,"key":"Fruit Juice"},{"floor":20.0,"key":"EssenceOfSteel"},{"floor":22.0,"key":"SpeedPotion"},{"floor":27.0,"key":"AttackPotion"},{"floor":37,"key":"Weak Potion"},{"floor":41,"key":"SkillPotion"},{"floor":42,"key":"DuplicationPotion"},{"floor":45,"key":"Regen Potion"}],"is_trial":false,"path_per_floor":["M","?","M","M","$","R","E","R","T","E","?","M","E","M","R","B",null,"M","?","M","?","M","R","E","M","T","M","?","?","$","?","R","B",null,"M","?","M","$","M","R","M","E","T","M","M","R","M","E"],"character_chosen":"IRONCLAD","items_purchased":["Weak Potion","Orrery","Red Skull","Toy Ornithopter","Battle Trance"],"campfire_rested":1,"item_purchase_floors":[5,30,30,30,38],"current_hp_per_floor":[78,78,80,80,80,80,61,61,61,51,51,56,46,39,39,36,69,76,60,62,62,64,64,71,67,67,66,66,50,50,58,58,17,72,60,60,68,68,47,47,34,24,24,20,21,48,39,0,0],"gold":160,"neow_bonus":"THREE_ENEMY_KILL","is_daily":false,"chose_seed":false,"campfire_upgraded":5,"win_rate":0.0,"timestamp":1611711208,"path_taken":["M","?","M","M","$","R","E","R","T","E","?","M","E","M","R","BOSS","M","?","M","?","M","R","E","?","T","M","?","?","$","?","R","BOSS","M","?","M","$","M","R","M","E","T","M","M","R","?","E"],"items_purchased_type":["Potion","Relic","Relic","Relic","Card"],"build_version":"2020-12-22","purchased_purges":2,"victory":false,"max_hp_per_floor":[80,80,80,80,80,80,80,80,80,80,80,80,80,80,80,80,80,85,85,85,85,85,85,85,85,85,85,85,90,90,90,90,90,90,90,90,90,90,90,90,90,90,90,90,90,90,90,90,90],"card_choices":[{"not_picked":["Havoc","True Grit"],"picked":"Wild Strike","floor":1.0},{"not_picked":["Evolve","Havoc"],"picked":"Perfected Strike","floor":3.0},{"not_picked":["Warcry","Bloodletting"],"picked":"Clash","floor":4.0},{"not_picked":["Shockwave","Whirlwind"],"picked":"Dual Wield","floor":7.0},{"not_picked":["True Grit","Feed"],"picked":"Disarm","floor":10.0},{"not_picked":["Clash","Cleave","True Grit"],"picked":"SKIP","floor":12.0},{"not_picked":["Rupture","Blood for Blood"],"picked":"Offering","floor":13.0},{"not_picked":["Heavy Blade","Thunderclap"],"picked":"Blood for Blood","floor":14.0},{"not_picked":["Bludgeon","Offering"],"picked":"Immolate","floor":16.0},{"not_picked":[],"picked":"Perfected Strike+1","floor":18.0},{"not_picked":["Reckless Charge+1"],"picked":"SKIP","floor":20.0},{"not_picked":["Anger+1"],"picked":"SKIP","floor":22.0},{"not_picked":[],"picked":"Burning Pact","floor":24.0},{"not_picked":[],"picked":"Burning Pact","floor":25.0},{"not_picked":["Sword Boomerang"],"picked":"SKIP","floor":27.0},{"not_picked":[],"picked":"Ghostly Armor+1","floor":30.0},{"not_picked":[],"picked":"Battle Trance","floor":30.0},{"not_picked":[],"picked":"Cleave+1","floor":30.0},{"not_picked":[],"picked":"Limit Break","floor":33},{"not_picked":[],"picked":"Shrug It Off","floor":35},{"not_picked":["Carnage"],"picked":"SKIP","floor":37},{"not_picked":["Spot Weakness"],"picked":"SKIP","floor":39},{"not_picked":[],"picked":"Wild Strike","floor":41},{"not_picked":[],"picked":"Armaments+1","floor":42},{"not_picked":[],"picked":"Clash+1","floor":44},{"not_picked":[],"picked":"Perfected Strike+1","floor":45},{"not_picked":[],"picked":"Wild Strike+1","floor":46},{"not_picked":[],"picked":"Warcry+1","floor":47}],"player_experience":389572,"relics_obtained":[{"floor":7.0,"key":"Akabeko"},{"floor":9.0,"key":"Happy Flower"},{"floor":10.0,"key":"Anchor"},{"floor":13.0,"key":"Blood Vial"},{"floor":19.0,"key":"Enchiridion"},{"floor":24.0,"key":"Dream Catcher"},{"floor":31,"key":"Red Mask"},{"floor":42,"key":"Bottled Flame"},{"floor":43,"key":"Bag of Preparation"}],"event_choices":[{"damage_healed":0.0,"max_hp_gain":0.0,"max_hp_loss":0.0,"gold_gain":0.0,"event_name":"Big Fish","player_choice":"Box","floor":2.0,"gold_loss":0.0,"damage_taken":0.0,"relics_obtained":["Pantograph"],"cards_obtained":["Regret"]},{"damage_healed":0.0,"max_hp_gain":0.0,"max_hp_loss":0.0,"gold_gain":0.0,"event_name":"Living Wall","player_choice":"Grow","floor":11.0,"gold_loss":0.0,"damage_taken":0.0,"cards_upgraded":["Disarm"]},{"damage_healed":0.0,"max_hp_gain":0.0,"max_hp_loss":0.0,"gold_gain":0.0,"event_name":"Cursed Tome","player_choice":"Obtained Book","floor":19.0,"gold_loss":0.0,"damage_taken":16.0},{"damage_healed":0.0,"max_hp_gain":0.0,"max_hp_loss":0.0,"gold_gain":0.0,"cards_transformed":["Defend_R","Strike_R"],"event_name":"Drug Dealer","player_choice":"Became Test Subject","floor":21.0,"gold_loss":0.0,"damage_taken":0.0,"cards_obtained":["Combust","Rage"]},{"damage_healed":0.0,"max_hp_gain":0.0,"max_hp_loss":0.0,"gold_gain":99.0,"event_name":"Nest","player_choice":"Stole From Cult","floor":28.0,"gold_loss":0.0,"damage_taken":0.0},{"damage_healed":0.0,"max_hp_gain":5.0,"max_hp_loss":0.0,"gold_gain":0.0,"event_name":"Forgotten Altar","player_choice":"Shed Blood","floor":29.0,"gold_loss":0.0,"damage_taken":21.0},{"damage_healed":0,"gold_gain":0,"player_choice":"Fought Bandits","damage_taken":0,"max_hp_gain":0,"max_hp_loss":0,"event_name":"Masked Bandits","floor":31,"gold_loss":0},{"damage_healed":0,"gold_gain":0,"cards_transformed":["Limit Break"],"player_choice":"Transformed","damage_taken":0,"max_hp_gain":0,"max_hp_loss":0,"event_name":"Transmorgrifier","floor":36,"gold_loss":0,"cards_obtained":["Dark Embrace"]}],"is_beta":false,"boss_relics":[{"not_picked":["Snecko Eye","Runic Dome"],"picked":"Busted Crown"},{"not_picked":["Coffee Dripper","Pandora\u0027s Box"],"picked":"Empty Cage"}],"items_purged_floors":[5,38],"is_endless":false,"potions_floor_spawned":[3,7,13,18,20,22,27,37,41,42,45],"killed_by":"Nemesis","ascension_level":10}}