{"host":"9j472d1lqxyi8fmj","time":1611780345,"event":{"mods":["AchievementEnabler","Aspiration","BaseMod","Better Note","BetterRewards","Block Reminder","Colored Powertips","Downfall","Hermit","Hubris","Minty Spire (QoL Compilation)","Potion Indicator Mod","Rare Cards Sparkle","Relic Filter","Spicy Shops","StSLib","The Runesmith","Virulent Crown"],"gold_per_floor":[116,129,204,204,2,15,15,15,84,109,126,126,126,145,145,241,241,223,223,238,238,238],"floor_reached":21,"language":"ENG","playtime":515,"items_purged":[],"score":224,"play_id":"76e81923-8968-4197-825f-1719902dfe35","local_time":"20210127154545","is_ascension_mode":true,"campfire_choices":[{"data":"Consume","floor":7,"key":"SMITH"},{"floor":13,"key":"REST"},{"floor":15,"key":"REST"}],"circlet_count":0,"master_deck":["Strike_B","Strike_B","Strike_B","Strike_B","Defend_B","Defend_B","Defend_B","Defend_B","Zap","Dualcast","Ball Lightning","Capacitor","Coolheaded","Consume+1","Capacitor","hubris:Ukulele","Conserve Battery","Echo Form","Coolheaded","hubris:Ukulele","Conserve Battery"],"relics":["Cracked Core","Tiny Chest","The Courier","Pen Nib","aspiration:RunesmithSkillbook"],"acts_visited":["Exordium","TheCity"],"potions_floor_usage":[10,10],"damage_taken":[{"damage":1,"enemies":"Cultist","floor":1,"turns":3},{"damage":7,"enemies":"Jaw Worm","floor":2,"turns":2},{"damage":1,"enemies":"2 Louse","floor":6,"turns":3},{"damage":12,"enemies":"3 Sentries","floor":10,"turns":5},{"damage":12,"enemies":"2 Fungi Beasts","floor":11,"turns":4},{"damage":15,"enemies":"Looter","floor":14,"turns":3},{"damage":31,"enemies":"Hexaghost","floor":16,"turns":6},{"damage":35,"enemies":"2 Thieves","floor":18,"turns":4},{"damage":7,"enemies":"Chosen","floor":20,"turns":4},{"damage":45,"enemies":"Shelled Parasite and Fungi","floor":21,"turns":4}],"seed_played":"4883732073662672085","potions_obtained":[{"floor":1,"key":"Fire Potion"},{"floor":2,"key":"Dexterity Potion"},{"floor":6,"key":"Swift Potion"},{"floor":14,"key":"Ancient Potion"}],"is_trial":false,"path_per_floor":["M","M","?","?","$","M","R","$","T","E","M","?","R","M","R","B",null,"M","?","M","M"],"character_chosen":"DEFECT","items_purchased":["Tiny Chest","Coolheaded"],"campfire_rested":2,"item_purchase_floors":[5,5],"current_hp_per_floor":[74,67,56,56,56,55,55,55,55,43,31,31,53,38,60,29,64,29,29,22,0,0],"gold":238,"neow_bonus":"","is_daily":false,"chose_seed":false,"campfire_upgraded":1,"win_rate":0.0,"timestamp":1611780345,"path_taken":["M","?","?","?","$","M","R","$","T","E","M","?","R","M","R","BOSS","M","?","?","M"],"items_purchased_type":["Relic","Card"],"build_version":"2020-12-22","purchased_purges":0,"victory":false,"max_hp_per_floor":[75,75,75,75,75,75,75,75,75,75,75,75,75,75,75,75,75,75,75,75,75,75],"card_choices":[{"not_picked":["Compile Driver","Hologram"],"picked":"Ball Lightning","floor":1},{"not_picked":["Beam Cell","Coolheaded"],"picked":"Capacitor","floor":2},{"not_picked":["Aggregate","hubris:PowerSurge"],"picked":"Consume","floor":6},{"not_picked":["Turbo","Steam"],"picked":"Capacitor","floor":10},{"not_picked":["Coolheaded","hubris:PowerSurge"],"picked":"hubris:Ukulele","floor":11},{"not_picked":["Rebound","Streamline"],"picked":"Conserve Battery","floor":14},{"not_picked":["hubris:DoWhile","Meteor Strike"],"picked":"Echo Form","floor":16},{"not_picked":["Runesmith:CraftProtectio","Compile Driver+1","Stack"],"picked":"Coolheaded","floor":18},{"not_picked":["Runesmith:UnstableHammer+1","Gash+1","Runesmith:Terraform"],"picked":"Conserve Battery","floor":20}],"player_experience":347640,"relics_obtained":[{"floor":9,"key":"The Courier"},{"floor":10,"key":"Pen Nib"}],"event_choices":[{"damage_healed":0,"gold_gain":75,"player_choice":"Gather Gold","damage_taken":11,"max_hp_gain":0,"max_hp_loss":0,"event_name":"World of Goop","floor":3,"gold_loss":0},{"damage_healed":0,"gold_gain":0,"player_choice":"Ignored","damage_taken":0,"max_hp_gain":0,"max_hp_loss":0,"event_name":"Golden Wing","floor":4,"gold_loss":0},{"damage_healed":0,"gold_gain":0,"player_choice":"Searched \u00270\u0027 times","damage_taken":0,"max_hp_gain":0,"max_hp_loss":0,"event_name":"Dead Adventurer","floor":12,"gold_loss":0},{"damage_healed":0,"gold_gain":0,"player_choice":"Copied","damage_taken":0,"max_hp_gain":0,"max_hp_loss":0,"event_name":"Duplicator","floor":19,"gold_loss":0,"cards_obtained":["hubris:Ukulele"]}],"is_beta":false,"boss_relics":[{"not_picked":["aspiration:PoetsPen","Philosopher\u0027s Stone"],"picked":"aspiration:RunesmithSkillbook"}],"items_purged_floors":[],"is_endless":false,"potions_floor_spawned":[1,2,6,14],"killed_by":"Shelled Parasite and Fungi","ascension_level":5}}