{"host":"1gh1pdv85cipbjj7","time":1611770370,"event":{"mods":["BaseMod","Colored Map","Downfall","GifTheSpireLib","Infinite Spire","Minty Spire (QoL Compilation)","Permanent Neow","StSLib","The Jungle"],"gold_per_floor":[99,114,144,144,157,173,173,173,207,17,17,34,59,159,170,170,170,170],"floor_reached":16,"language":"ENG","playtime":1193,"items_purged":["bronze:Defend"],"score":110,"play_id":"04a8f495-b2b4-4ed3-9406-3e7c75451178","local_time":"20210127115930","is_ascension_mode":false,"campfire_choices":[{"data":"bronze:Replicate","floor":1,"key":"SMITH"},{"data":"bronze:Frontload","floor":8,"key":"SMITH"},{"data":"bronze:Repulsor","floor":11,"key":"SMITH"}],"circlet_count":0,"master_deck":["bronze:Strike","bronze:Strike","bronze:Strike","bronze:Defend","bronze:Defend","bronze:Defend","bronze:Replicate+1","bronze:Goto+1","bronze:DelayedSlice","bronze:Frontload+1","bronze:Iterate","bronze:Branch","bronze:FindAndReplace","bronze:CutThrough","bronze:WhirlingStrike","bronze:Repulsor+1","bronze:Overheat","bronze:Philosophize","bronze:BuggyMess"],"relics":["bronze:BronzeCore","Akabeko","Letter Opener","Oddly Smooth Stone","bronze:SilverBullet"],"acts_visited":["Exordium"],"potions_floor_usage":[16],"damage_taken":[{"damage":0,"enemies":"Small Slimes","floor":2,"turns":4},{"damage":0,"enemies":"Jaw Worm","floor":5,"turns":2},{"damage":0,"enemies":"Cultist","floor":6,"turns":2},{"damage":2,"enemies":"Lagavulin","floor":9,"turns":5},{"damage":1,"enemies":"downfall:FleeingMerchant","floor":10,"turns":4},{"damage":1,"enemies":"Exordium Thugs","floor":12,"turns":4},{"damage":24,"enemies":"3 Sentries","floor":13,"turns":5},{"damage":0,"enemies":"Large Slime","floor":15,"turns":3},{"damage":45,"enemies":"SI_SHIV_ARCHETYPE","floor":16,"turns":8}],"seed_played":"-4349004367802591676","potions_obtained":[{"floor":2,"key":"hexamod:SoulburnPotion"},{"floor":6,"key":"Dexterity Potion"},{"floor":13,"key":"Explosive Potion"}],"is_trial":false,"path_per_floor":["R","M","?","?","M","M","T","R","E","$","R","M","E","?","M","B"],"character_chosen":"THE_AUTOMATON","items_purchased":["bronze:WhirlingStrike","bronze:Repulsor"],"campfire_rested":0,"item_purchase_floors":[10,10],"current_hp_per_floor":[70,70,70,70,70,70,70,70,68,67,67,66,42,42,42,0,0,0],"gold":170,"neow_bonus":"UPGRADE_CARD","is_daily":false,"chose_seed":false,"campfire_upgraded":3,"win_rate":0.0,"timestamp":1611770370,"path_taken":["R","M","?","?","M","M","T","R","E","$","R","M","E","?","M","BOSS"],"items_purchased_type":["Card","Card"],"build_version":"2020-12-22","purchased_purges":1,"victory":false,"max_hp_per_floor":[70,70,70,70,70,70,70,70,70,70,70,70,70,70,70,70,70,70],"card_choices":[{"not_picked":["bronze:NullPointer","bronze:Overheat"],"picked":"bronze:DelayedSlice","floor":2},{"not_picked":["bronze:Shield","bronze:BitShift"],"picked":"bronze:Iterate","floor":5},{"not_picked":["bronze:BugBarrage","bronze:GetLatest"],"picked":"bronze:Branch","floor":6},{"not_picked":["bronze:BitShift","bronze:SpaghettiCode"],"picked":"bronze:FindAndReplace","floor":9},{"not_picked":["bronze:WildBeam","bronze:Boost"],"picked":"bronze:CutThrough","floor":10},{"not_picked":["bronze:BitShift","bronze:DigitalCarnage"],"picked":"bronze:Overheat","floor":12},{"not_picked":["bronze:BugBarrage","bronze:GetLatest"],"picked":"bronze:Philosophize","floor":13},{"not_picked":["bronze:BitShift","bronze:WildBeam"],"picked":"bronze:BuggyMess","floor":15}],"player_experience":747778,"relics_obtained":[{"floor":7,"key":"Letter Opener"},{"floor":9,"key":"Oddly Smooth Stone"},{"floor":13,"key":"bronze:SilverBullet"}],"event_choices":[],"is_beta":false,"boss_relics":[],"items_purged_floors":[10],"is_endless":false,"potions_floor_spawned":[2,6,13],"killed_by":"SI_SHIV_ARCHETYPE","ascension_level":0}}