{"host":"jo6humee03iui2vn","time":1611760163,"event":{"mods":["AchievementEnabler","Act Like it!","BaseMod","Colored Map","Downfall","Gensokyo","Gold Saver","Hermit","Minty Spire (QoL Compilation)","Replay The Spire","Shop Mod","StSLib","SuperFastMode"],"gold_per_floor":[117,13,13,33,52,81,81,150,150,150,150,163,177,23,23,23,23],"floor_reached":16,"language":"ZHS","playtime":1158,"items_purged":[],"score":150,"play_id":"84f71c72-c3e5-4db8-840b-6f81060a5d48","local_time":"20210127230923","is_ascension_mode":false,"campfire_choices":[{"floor":7,"key":"REST"},{"floor":10,"key":"REST"},{"floor":15,"key":"REST"}],"circlet_count":0,"master_deck":["hermit:Strike_Hermit","hermit:Strike_Hermit","hermit:Strike_Hermit","hermit:Strike_Hermit","hermit:Defend_Hermit","hermit:Defend_Hermit","hermit:Defend_Hermit","hermit:Defend_Hermit","hermit:Snapshot","hermit:Covet+1","hermit:Ricochet","Gensokyo:RustyChest","Gensokyo:TarnishedGold","hermit:ItchyTrigger","hermit:FlashPowder+1","hermit:RoundhouseKick","hermit:Quickdraw","hermit:Maintenance+1","hermit:OverwhelmingPower","hermit:FlashPowder"],"relics":["hermit:Momento","NeowsBlessing","Gensokyo:CelestialsFlawlessClothing","Girya","Happy Flower","Incense Burner","War Paint"],"acts_visited":["Exordium"],"potions_floor_usage":[],"damage_taken":[{"damage":0,"enemies":"Gensokyo:2_Kodama","floor":1,"turns":1},{"damage":0,"enemies":"Gensokyo:3_Fairies","floor":4,"turns":2},{"damage":0,"enemies":"Gensokyo:Gryphon","floor":5,"turns":1},{"damage":56,"enemies":"Gensokyo:Mamizou","floor":6,"turns":10},{"damage":11,"enemies":"Gensokyo:CorruptedTreant","floor":12,"turns":3},{"damage":3,"enemies":"Gensokyo:5_Fairies","floor":13,"turns":4},{"damage":132,"enemies":"Gensokyo:Reimu","floor":16,"turns":17}],"seed_played":"-5423132797406537734","potions_obtained":[{"floor":1,"key":"Strength Potion"},{"floor":5,"key":"Strength Potion"}],"is_trial":false,"path_per_floor":["M","COS","?","M","M","E","R","?","T","R","?","M","M","$","R_BF","B"],"character_chosen":"HERMIT","items_purchased":["War Paint"],"campfire_rested":3,"item_purchase_floors":[14],"current_hp_per_floor":[75,75,57,57,57,5,27,27,27,49,49,38,37,37,59,0,0],"gold":23,"neow_bonus":"THREE_ENEMY_KILL","is_daily":false,"chose_seed":false,"campfire_upgraded":0,"win_rate":0.0,"timestamp":1611760163,"path_taken":["M","COS","?","M","M","E","R","?","T","R","?","M","M","$","R_BF","BOSS"],"items_purchased_type":["Relic"],"build_version":"2020-12-22","purchased_purges":0,"victory":false,"max_hp_per_floor":[75,75,75,75,75,75,75,75,75,75,75,75,75,75,75,75,75],"card_choices":[{"not_picked":["hermit:Desperado","hermit:Coalescence"],"picked":"hermit:Ricochet","floor":1},{"not_picked":["hermit:Ricochet","hermit:Snipe"],"picked":"hermit:ItchyTrigger","floor":4},{"not_picked":["hermit:Desperado","hermit:Roulette"],"picked":"hermit:FlashPowder","floor":5},{"not_picked":["hermit:Quickdraw","hermit:CalledShot"],"picked":"hermit:RoundhouseKick","floor":6},{"not_picked":["hermit:Headshot","hermit:Glare"],"picked":"hermit:Quickdraw","floor":8},{"not_picked":["hermit:TrackingShot","hermit:Vantage"],"picked":"hermit:Maintenance","floor":8},{"not_picked":["hermit:CalledShot","hermit:ShadowCloak"],"picked":"hermit:OverwhelmingPower","floor":12},{"not_picked":["hermit:Manifest","hermit:HighCaliber"],"picked":"hermit:FlashPowder","floor":13}],"player_experience":185704,"relics_obtained":[{"floor":6,"key":"Girya"},{"floor":8,"key":"Happy Flower"},{"floor":9,"key":"Incense Burner"}],"event_choices":[],"is_beta":false,"boss_relics":[],"items_purged_floors":[],"is_endless":false,"potions_floor_spawned":[1,5],"killed_by":"Gensokyo:Reimu","ascension_level":0}}