{"host":"aqym1xxr3lb31d9m","time":1611774555,"event":{"mods":["BaseMod","Block Reminder","Colored Map","Colored Powertips","DeckTracker","Highlight Path","Minty Spire (QoL Compilation)","Quick Restart","Random Character Button","StSLib","SuperFastMode","UnlockEverythingMod"],"gold_per_floor":[119,119,119,132,57,57,68,78,78,78,3,14,14,46,46,121,121,132,143,143,68,84,84,116,116,116,116,126,126,145,180,180,257,257,267,542,114,134,134,134,168,188,188,188,188,202,231,249,249,249,249,249,249,8,34,34],"floor_reached":57,"language":"JPN","playtime":7015,"items_purged":["Writhe","Regret"],"score":2700,"play_id":"8d7e63eb-f805-4633-8ddd-4a6023e4354a","local_time":"20210128040915","is_ascension_mode":true,"campfire_choices":[{"data":"Hologram","floor":6,"key":"SMITH"},{"data":"Melter","floor":10,"key":"SMITH"},{"data":"Recycle","floor":13,"key":"SMITH"},{"floor":15,"key":"REST"},{"data":"Coolheaded","floor":23,"key":"SMITH"},{"data":"Amplify","floor":25,"key":"SMITH"},{"data":"Double Energy","floor":29,"key":"SMITH"},{"data":"Dualcast","floor":32,"key":"SMITH"},{"data":"Coolheaded","floor":40,"key":"SMITH"},{"floor":44,"key":"RECALL"},{"data":"White Noise","floor":49,"key":"SMITH"},{"data":"Consume","floor":53,"key":"SMITH"}],"circlet_count":0,"master_deck":["AscendersBane","Strike_B+1","Strike_B+1","Defend_B+1","Defend_B+1","Defend_B+1","Defend_B+1","Zap","Dualcast+1","Thinking Ahead","Hologram+1","Coolheaded+1","Melter+1","Machine Learning","Recycle+1","Double Energy+1","Core Surge","Hologram","Amplify+1","Self Repair+1","Beam Cell+1","Consume+1","Machine Learning","Turbo","Core Surge","Coolheaded+1","Reinforced Body+1","Chill+1","Madness","Madness","Glacier","Rainbow","White Noise+1","Chill"],"relics":["FrozenCore","Dead Branch","Bird Faced Urn","Bronze Scales","InkBottle","Potion Belt","Inserter","Membership Card","Happy Flower","Pantograph","Kunai","Medical Kit","Anchor","Vajra"],"acts_visited":["Exordium","TheCity","TheBeyond","TheEnding"],"potions_floor_usage":[12,14,24,31,47,47,47,47,47,47,56,56,56,56,56,56,56,56],"damage_taken":[{"damage":1,"enemies":"Cultist","floor":1,"turns":3},{"damage":2,"enemies":"2 Louse","floor":4,"turns":2},{"damage":7,"enemies":"Small Slimes","floor":7,"turns":5},{"damage":6,"enemies":"Looter","floor":8,"turns":4},{"damage":0,"enemies":"3 Louse","floor":12,"turns":2},{"damage":41,"enemies":"Gremlin Nob","floor":14,"turns":4},{"damage":38,"enemies":"The Guardian","floor":16,"turns":13},{"damage":16,"enemies":"Shell Parasite","floor":18,"turns":8},{"damage":0,"enemies":"Spheric Guardian","floor":19,"turns":2},{"damage":7,"enemies":"3 Cultists","floor":22,"turns":5},{"damage":5,"enemies":"Book of Stabbing","floor":24,"turns":8},{"damage":3,"enemies":"Snecko","floor":28,"turns":7},{"damage":14,"enemies":"Centurion and Healer","floor":30,"turns":7},{"damage":22,"enemies":"Gremlin Leader","floor":31,"turns":6},{"damage":76,"enemies":"Collector","floor":33,"turns":13},{"damage":6,"enemies":"3 Shapes","floor":35,"turns":11},{"damage":36,"enemies":"3 Darklings","floor":38,"turns":12},{"damage":33,"enemies":"Nemesis","floor":41,"turns":27},{"damage":17,"enemies":"Maw","floor":42,"turns":9},{"damage":36,"enemies":"Transient","floor":46,"turns":6},{"damage":54,"enemies":"Reptomancer","floor":47,"turns":9},{"damage":5,"enemies":"Writhing Mass","floor":48,"turns":22},{"damage":58,"enemies":"Time Eater","floor":50,"turns":27},{"damage":15,"enemies":"Donu and Deca","floor":51,"turns":17},{"damage":17,"enemies":"Shield and Spear","floor":55,"turns":19},{"damage":29,"enemies":"The Heart","floor":56,"turns":11}],"seed_played":"-4494539404015981601","potions_obtained":[{"floor":1,"key":"FocusPotion"},{"floor":8,"key":"AttackPotion"},{"floor":14,"key":"LiquidMemories"},{"floor":18,"key":"SpeedPotion"},{"floor":27,"key":"Fire Potion"},{"floor":41,"key":"EntropicBrew"},{"floor":46,"key":"FocusPotion"},{"floor":47,"key":"PowerPotion"}],"is_trial":false,"path_per_floor":["M","$","?","M","$","R","M","M","T","R","?","M","R","E","R","B",null,"M","M","?","?","M","R","E","R","T","?","M","R","M","E","R","B",null,"M","?","$","M","?","R","E","M","T","R","?","M","E","M","R","B","B",null,"R","$","E","B",null],"character_chosen":"DEFECT","items_purchased":["Membership Card","Happy Flower","Core Surge","EntropicBrew","Medical Kit","GamblersBrew","AttackPotion","Anchor"],"campfire_rested":1,"item_purchase_floors":[37,37,37,37,54,54,54,54],"current_hp_per_floor":[63,63,68,66,66,66,59,53,53,53,53,53,53,12,34,34,66,54,56,56,56,57,57,58,58,58,58,57,57,67,67,67,41,67,76,76,76,62,62,62,61,72,72,72,58,46,30,76,76,76,76,76,76,76,76,71],"gold":34,"neow_bonus":"RANDOM_COLORLESS_2","is_daily":false,"chose_seed":false,"campfire_upgraded":10,"win_rate":0.0,"timestamp":1611774555,"path_taken":["M","?","?","M","$","R","M","M","T","R","?","M","R","E","R","BOSS","M","M","?","?","M","R","E","R","T","?","M","R","?","E","R","BOSS","M","?","$","?","?","R","E","M","T","R","?","M","E","M","R","BOSS","BOSS","R","$","E","BOSS"],"items_purchased_type":["Relic","Relic","Card","Potion","Relic","Potion","Potion","Relic"],"build_version":"2020-12-22","purchased_purges":2,"victory":true,"max_hp_per_floor":[71,71,76,76,76,76,76,76,76,76,76,76,76,76,76,76,76,76,76,76,76,76,76,76,76,76,76,76,76,76,76,76,76,76,76,76,76,76,76,76,76,76,76,76,76,76,76,76,76,76,76,76,76,76,76,76],"card_choices":[{"not_picked":["Sadistic Nature","Panache"],"picked":"Thinking Ahead","floor":0},{"not_picked":["Static Discharge","Steam"],"picked":"Hologram","floor":1},{"not_picked":["Leap","Hologram"],"picked":"Coolheaded","floor":4},{"not_picked":["Turbo","Stack"],"picked":"Melter","floor":7},{"not_picked":["Hologram","Go for the Eyes"],"picked":"Machine Learning","floor":8},{"not_picked":["Steam","Cold Snap"],"picked":"Recycle","floor":12},{"not_picked":["Barrage","Go for the Eyes"],"picked":"Double Energy","floor":14},{"not_picked":["Buffer","Biased Cognition"],"picked":"Core Surge","floor":16},{"not_picked":["Storm","Ball Lightning","Beam Cell"],"picked":"SKIP","floor":18},{"not_picked":["Chaos","Blizzard"],"picked":"Hologram","floor":19},{"not_picked":["Go for the Eyes","Reinforced Body","Gash"],"picked":"SKIP","floor":22},{"not_picked":["Meteor Strike","Compile Driver"],"picked":"Amplify","floor":24},{"not_picked":["Ball Lightning","Darkness"],"picked":"Self Repair+1","floor":28},{"not_picked":["Steam","Chaos"],"picked":"Beam Cell+1","floor":30},{"not_picked":["Rebound","Stack"],"picked":"Consume","floor":31},{"not_picked":["Buffer","Reboot"],"picked":"Machine Learning","floor":33},{"not_picked":["Barrage","Go for the Eyes"],"picked":"Turbo","floor":35},{"not_picked":["Leap+1","Storm"],"picked":"Coolheaded","floor":38},{"not_picked":["Turbo","Steam Power"],"picked":"Reinforced Body+1","floor":41},{"not_picked":["Sweeping Beam+1","Heatsinks+1"],"picked":"Chill+1","floor":42},{"not_picked":["Steam+1","Blizzard+1"],"picked":"Glacier","floor":46},{"not_picked":["Rip and Tear","Ball Lightning+1"],"picked":"Rainbow","floor":47},{"not_picked":["Hologram","Static Discharge"],"picked":"White Noise","floor":48},{"not_picked":["Fusion","Self Repair"],"picked":"Chill","floor":55}],"player_experience":4109026,"relics_obtained":[{"floor":9,"key":"Dead Branch"},{"floor":14,"key":"Bird Faced Urn"},{"floor":24,"key":"Bronze Scales"},{"floor":26,"key":"InkBottle"},{"floor":31,"key":"Potion Belt"},{"floor":41,"key":"Pantograph"},{"floor":47,"key":"Kunai"},{"floor":55,"key":"Vajra"}],"event_choices":[{"damage_healed":0,"gold_gain":0,"player_choice":"Donut","damage_taken":0,"max_hp_gain":5,"max_hp_loss":0,"event_name":"Big Fish","floor":3,"gold_loss":0},{"cards_removed":["Strike_B"],"damage_healed":0,"gold_gain":0,"player_choice":"Card Removal","damage_taken":0,"max_hp_gain":0,"max_hp_loss":0,"event_name":"The Cleric","floor":11,"gold_loss":75},{"damage_healed":0,"gold_gain":0,"player_choice":"Simplicity","damage_taken":0,"max_hp_gain":0,"max_hp_loss":0,"event_name":"Back to Basics","floor":20,"gold_loss":0,"cards_upgraded":["Strike_B","Strike_B","Strike_B","Defend_B","Defend_B","Defend_B","Defend_B"]},{"cards_removed":["Strike_B"],"damage_healed":0,"gold_gain":0,"player_choice":"Gave Gold","damage_taken":0,"max_hp_gain":0,"max_hp_loss":0,"event_name":"Beggar","floor":21,"gold_loss":75},{"damage_healed":0,"gold_gain":0,"player_choice":"Got Potions","damage_taken":0,"max_hp_gain":0,"max_hp_loss":0,"event_name":"Lab","floor":27,"gold_loss":0},{"damage_healed":0,"gold_gain":275,"player_choice":"Desecrate","damage_taken":0,"max_hp_gain":0,"max_hp_loss":0,"event_name":"Golden Shrine","floor":36,"gold_loss":0,"cards_obtained":["Regret"]},{"damage_healed":0,"gold_gain":0,"player_choice":"Ignored","damage_taken":0,"max_hp_gain":0,"max_hp_loss":0,"event_name":"Tomb of Lord Red Mask","floor":39,"gold_loss":0},{"damage_healed":0,"gold_gain":0,"player_choice":"Embrace Madness","damage_taken":14,"max_hp_gain":0,"max_hp_loss":0,"event_name":"Winding Halls","floor":45,"gold_loss":0,"cards_obtained":["Madness","Madness"]}],"is_beta":false,"boss_relics":[{"not_picked":["Snecko Eye","Runic Dome"],"picked":"FrozenCore"},{"not_picked":["SacredBark","Runic Pyramid"],"picked":"Inserter"}],"items_purged_floors":[5,37],"is_endless":false,"potions_floor_spawned":[1,8,14,18,22,30,41,46,47],"ascension_level":20}}