{"host":"clf2hd4adhiiw0zf","time":1611735504,"event":{"mods":["AchievementEnabler","BaseMod","Beaked The Cultist","Bestiary","Dark Map","Downfall","Gremlin Mod","Hermit","Jorbs\u0027s Wanderer Trilogy","Marisa????????","Minty Spire (QoL Compilation)","Shop Mod","StSLib","The Cursed","The Servant 0.9.4","Wide Potions"],"gold_per_floor":[111,126,145,145,145,174,201,201,201,221,221,232,266,39,39,142,142,159,159,159,172,189,216,236,236,236,250,265,291,291,309,309,309,309,309],"floor_reached":33,"language":"ENG","playtime":1349,"items_purged":[],"score":364,"play_id":"ed3256d0-671a-45dc-b4e3-e760762ed9cb","local_time":"20210127011824","is_ascension_mode":true,"campfire_choices":[{"floor":8,"key":"REST"},{"floor":11,"key":"REST"},{"floor":15,"key":"REST"},{"floor":32,"key":"RECALL"}],"circlet_count":0,"master_deck":["bronze:Replicate","bronze:Goto","bronze:ItsAFeature","bronze:BuggyMess","bronze:DigitalCarnage","bronze:Shield","bronze:Spike","bronze:DazingPulse","bronze:Explode","bronze:Boost","bronze:TinkerersToolbox","bronze:Branch","bronze:BronzeOrb","bronze:Repulsor","bronze:SpaghettiCode","bronze:Branch","bronze:MaxOutput","bronze:BronzeOrb","bronze:ForLoop","bronze:InfiniteBeams","bronze:Allocate","bronze:Mutator","bronze:DigitalCarnage+1","Ghostly","Ghostly","Ghostly","Ghostly","Ghostly","bronze:Optimize","bronze:Flail","bronze:Overheat+1","bronze:HardenedForm+1","bronze:Overload+1","bronze:Repulsor+1","bronze:CleanCode+1"],"relics":["bronze:BronzeCore","Toy Ornithopter","Bottled Flame","Pen Nib","Bag of Marbles","Pandora\u0027s Box","Frozen Egg 2","MutagenicStrength","FossilizedHelix","Boot"],"acts_visited":["Exordium","TheCity"],"potions_floor_usage":[6,16,23,33],"damage_taken":[{"damage":0.0,"enemies":"Cultist","floor":1.0,"turns":4.0},{"damage":4.0,"enemies":"2 Louse","floor":2.0,"turns":3.0},{"damage":11.0,"enemies":"Jaw Worm","floor":3.0,"turns":2.0},{"damage":43,"enemies":"Jaw Worm","floor":4,"turns":7},{"damage":2,"enemies":"3 Sentries","floor":6,"turns":6},{"damage":27,"enemies":"Gremlin Gang","floor":10,"turns":5},{"damage":0,"enemies":"Looter","floor":12,"turns":2},{"damage":16,"enemies":"Gremlin Nob","floor":13,"turns":4},{"damage":26,"enemies":"Slime Boss","floor":16,"turns":11},{"damage":0,"enemies":"Spheric Guardian","floor":18,"turns":2},{"damage":2,"enemies":"3 Byrds","floor":21,"turns":3},{"damage":5,"enemies":"Snecko","floor":22,"turns":5},{"damage":6,"enemies":"Gremlin Leader","floor":23,"turns":6},{"damage":4,"enemies":"Centurion and Healer","floor":24,"turns":5},{"damage":0,"enemies":"Snake Plant","floor":27,"turns":1},{"damage":0,"enemies":"Shelled Parasite and Fungi","floor":28,"turns":1},{"damage":2,"enemies":"Slavers","floor":29,"turns":4},{"damage":0,"enemies":"3 Cultists","floor":31,"turns":4},{"damage":28,"enemies":"Automaton","floor":33,"turns":10}],"seed_played":"5918082705129788840","potions_obtained":[{"floor":2.0,"key":"Block Potion"},{"floor":3.0,"key":"bronze:CleanCodePotion"},{"floor":16,"key":"ColorlessPotion"},{"floor":18,"key":"Strength Potion"},{"floor":22,"key":"SkillPotion"},{"floor":23,"key":"Explosive Potion"},{"floor":24,"key":"bronze:FreeFunctionsPotion"}],"is_trial":false,"path_per_floor":["M","M","M","?","?","E","T","R","T","M","R","M","E","$","R","B",null,"M","?","?","M","M","E","M","?","T","M","M","E","?","M","R","B"],"character_chosen":"THE_AUTOMATON","items_purchased":["Bag of Marbles","bronze:Repulsor"],"campfire_rested":3,"item_purchase_floors":[14,14],"current_hp_per_floor":[70,66,55,12,12,10,10,31,31,4,25,25,9,9,30,9,70,70,35,35,33,28,27,23,23,23,23,23,21,21,21,21,0,0,0],"gold":309,"neow_bonus":"THREE_CARDS","is_daily":false,"chose_seed":false,"campfire_upgraded":0,"win_rate":0.0,"timestamp":1611735504,"path_taken":["M","M","M","?","?","E","?","R","T","M","R","?","E","$","R","BOSS","M","?","?","M","M","E","M","?","T","?","M","E","?","M","R","BOSS"],"items_purchased_type":["Relic","Card"],"build_version":"2020-12-22","purchased_purges":0,"victory":false,"max_hp_per_floor":[70,70,70,70,70,70,70,70,70,70,70,70,70,70,70,70,70,70,35,35,35,35,35,35,35,35,35,35,35,35,35,35,35,35,35],"card_choices":[{"not_picked":["bronze:DelayedGuard","bronze:MaxOutput"],"picked":"bronze:ItsAFeature","floor":0.0},{"not_picked":["bronze:Turbo","bronze:Shell"],"picked":"bronze:BuggyMess","floor":1.0},{"not_picked":["bronze:Branch","bronze:BitShift"],"picked":"bronze:DigitalCarnage","floor":2.0},{"not_picked":["bronze:DelayedSlice","bronze:BitShift"],"picked":"bronze:Shield","floor":3.0},{"not_picked":[],"picked":"bronze:Spike","floor":4},{"not_picked":[],"picked":"bronze:DazingPulse","floor":4},{"not_picked":[],"picked":"bronze:Explode","floor":4},{"not_picked":["bronze:WildBeam","bronze:Backtrace"],"picked":"bronze:Boost","floor":4},{"not_picked":["bronze:NullPointer","bronze:Optimize"],"picked":"bronze:TinkerersToolbox","floor":6},{"not_picked":["bronze:Invalidate","bronze:WhirlingStrike"],"picked":"bronze:Branch","floor":10},{"not_picked":["bronze:OilSpill","bronze:WildBeam"],"picked":"bronze:Constructor","floor":12},{"not_picked":["bronze:ForLoop","bronze:DelayedSlice"],"picked":"bronze:BronzeOrb","floor":13},{"not_picked":["bronze:Assembly","bronze:Break"],"picked":"bronze:SpaghettiCode","floor":16},{"not_picked":["bronze:BugBarrage","bronze:DelayedGuard"],"picked":"bronze:DigitalCarnage+1","floor":18},{"not_picked":["bronze:Branch+1","bronze:Invalidate+1"],"picked":"bronze:Optimize","floor":21},{"not_picked":["bronze:Separator","bronze:DigitalCarnage"],"picked":"bronze:Flail","floor":22},{"not_picked":["bronze:Optimize+1","bronze:DelayedGuard"],"picked":"bronze:Overheat+1","floor":23},{"not_picked":["bronze:Iterate","bronze:Frontload"],"picked":"bronze:HardenedForm+1","floor":24},{"not_picked":["bronze:BugBarrage","bronze:Shell+1"],"picked":"bronze:Overload+1","floor":27},{"not_picked":["bronze:WhirlingStrike+1","bronze:DelayedGuard","bronze:Turbo+1"],"picked":"SKIP","floor":28},{"not_picked":["bronze:BugBarrage","bronze:Branch","bronze:Separator+1"],"picked":"SKIP","floor":29},{"not_picked":["bronze:BitShift","bronze:Frontload"],"picked":"bronze:CleanCode+1","floor":31}],"player_experience":133944,"relics_obtained":[{"floor":6,"key":"Toy Ornithopter"},{"floor":9,"key":"Bottled Flame"},{"floor":13,"key":"Pen Nib"},{"floor":23,"key":"Frozen Egg 2"},{"floor":26,"key":"FossilizedHelix"},{"floor":29,"key":"Boot"}],"event_choices":[{"damage_healed":0,"gold_gain":0,"player_choice":"Became a Ghost","damage_taken":0,"max_hp_gain":0,"max_hp_loss":35,"event_name":"Ghosts","floor":19,"gold_loss":0,"cards_obtained":["Ghostly","Ghostly","Ghostly","Ghostly","Ghostly"]},{"damage_healed":0,"gold_gain":0,"player_choice":"Inject Mutagens","damage_taken":0,"relics_obtained":["MutagenicStrength"],"max_hp_gain":0,"max_hp_loss":0,"event_name":"Drug Dealer","floor":25,"gold_loss":0},{"damage_healed":0,"gold_gain":0,"cards_transformed":["bronze:Replicate"],"player_choice":"Transformed","damage_taken":0,"max_hp_gain":0,"max_hp_loss":0,"event_name":"Transmorgrifier","floor":30,"gold_loss":0,"cards_obtained":["bronze:Repulsor"]}],"is_beta":false,"boss_relics":[{"not_picked":["Astrolabe","Snecko Eye"],"picked":"Pandora\u0027s Box"}],"items_purged_floors":[],"is_endless":false,"potions_floor_spawned":[2,3,16,18,22,23,24,29],"killed_by":"Automaton","ascension_level":1}}