{"host":"m4pe905ae9bldoe7","time":1611747737,"event":{"mods":["BaseMod","Bestiary","Block Reminder","Downfall","Minty Spire (QoL Compilation)","StSLib"],"gold_per_floor":[99,115,129,129,147,182,182,194,257,257,127,127,138,148,162,162,162,162],"floor_reached":16,"language":"ENG","playtime":1224,"items_purged":["downfall:Malfunctioning"],"score":104,"play_id":"74d7315c-126d-47ef-89e0-3453662303a1","local_time":"20210127124217","is_ascension_mode":false,"campfire_choices":[{"data":"bronze:Goto","floor":1,"key":"SMITH"},{"data":"bronze:Fortify","floor":10,"key":"SMITH"},{"floor":12,"key":"REST"}],"circlet_count":0,"master_deck":["bronze:Strike+1","bronze:Strike","bronze:Strike","bronze:Strike+1","bronze:Defend","bronze:Defend","bronze:Defend","bronze:Defend","bronze:Replicate","bronze:Goto+1","bronze:NullPointer+1","bronze:ChildClass","bronze:Branch","bronze:Branch","bronze:Fortify+1","bronze:CloningBeam","bronze:Flail","bronze:ChosenStrike","bronze:WhirlingStrike","bronze:DelayedSlice"],"relics":["bronze:BronzeCore","TungstenRod","Calipers","Bottled Flame"],"acts_visited":["Exordium"],"potions_floor_usage":[9],"damage_taken":[{"damage":5,"enemies":"Jaw Worm","floor":2,"turns":6},{"damage":0,"enemies":"Small Slimes","floor":3,"turns":3},{"damage":0,"enemies":"Cultist","floor":5,"turns":3},{"damage":21,"enemies":"3 Sentries","floor":6,"turns":12},{"damage":6,"enemies":"3 Louse","floor":8,"turns":4},{"damage":24,"enemies":"Lagavulin Event","floor":9,"turns":7},{"damage":0,"enemies":"downfall:FleeingMerchant","floor":11,"turns":4},{"damage":0,"enemies":"Gremlin Gang","floor":13,"turns":2},{"damage":0,"enemies":"Large Slime","floor":14,"turns":5},{"damage":5,"enemies":"2 Fungi Beasts","floor":15,"turns":2},{"damage":39,"enemies":"SI_SHIV_ARCHETYPE","floor":16,"turns":10}],"seed_played":"-4550761244037465807","potions_obtained":[{"floor":5,"key":"ColorlessPotion"},{"floor":8,"key":"Ancient Potion"},{"floor":9,"key":"SkillPotion"},{"floor":14,"key":"champ:CounterPotion"},{"floor":15,"key":"bronze:FreeFunctionsPotion"}],"is_trial":false,"path_per_floor":["R","M","M","?","M","E","T","M","?","R","$","R","M","M","M","B"],"character_chosen":"THE_AUTOMATON","items_purchased":["bronze:ChosenStrike"],"campfire_rested":1,"item_purchase_floors":[11],"current_hp_per_floor":[77,72,72,72,72,51,51,45,21,21,21,44,44,44,39,0,0,0],"gold":162,"neow_bonus":"TEN_PERCENT_HP_BONUS","is_daily":false,"chose_seed":false,"campfire_upgraded":2,"win_rate":0.0,"timestamp":1611747737,"path_taken":["R","M","M","?","M","E","T","M","?","R","$","R","M","M","M","BOSS"],"items_purchased_type":["Card"],"build_version":"2020-12-22","purchased_purges":1,"victory":false,"max_hp_per_floor":[77,77,77,77,77,77,77,77,77,77,77,77,77,77,77,77,77,77],"card_choices":[{"not_picked":["bronze:CutThrough","bronze:WildBeam"],"picked":"bronze:NullPointer","floor":2},{"not_picked":["bronze:Frontload","bronze:ForceShield"],"picked":"bronze:ChildClass","floor":3},{"not_picked":["bronze:CutThrough","bronze:Safeguard"],"picked":"bronze:Branch","floor":5},{"not_picked":["bronze:BronzeArmor","bronze:ClassDefault"],"picked":"bronze:Branch","floor":6},{"not_picked":["bronze:Deprecate","bronze:Optimize"],"picked":"bronze:Fortify","floor":8},{"not_picked":["bronze:DelayedGuard","bronze:Invalidate"],"picked":"bronze:CloningBeam","floor":9},{"not_picked":["bronze:Branch","bronze:Mutator"],"picked":"bronze:Flail","floor":11},{"not_picked":["bronze:OilSpill","bronze:BugBarrage"],"picked":"bronze:WhirlingStrike","floor":13},{"not_picked":["bronze:ChildClass","bronze:DarkDash","bronze:BronzeOrb"],"picked":"SKIP","floor":14},{"not_picked":["bronze:WhirlingStrike","bronze:OilSpill"],"picked":"bronze:DelayedSlice","floor":15}],"player_experience":494791,"relics_obtained":[{"floor":6,"key":"TungstenRod"},{"floor":7,"key":"Calipers"},{"floor":9,"key":"Bottled Flame"}],"event_choices":[],"is_beta":false,"boss_relics":[],"items_purged_floors":[11],"is_endless":false,"potions_floor_spawned":[5,8,9,14,15],"killed_by":"SI_SHIV_ARCHETYPE","ascension_level":0}}