{"host":"kg61lsvem4dxoat8","time":1611723294,"event":{"mods":["BaseMod","Colored Powertips","Minty Spire (QoL Compilation)","Quick Restart","Rare Cards Sparkle","Relic Stats","slay the spire mod where everything is the same but ironclad has a cowboy hat"],"gold_per_floor":[112,112,187,187,23,49,60,60,60,87,101,101,131,148,148,148,148],"floor_reached":16,"language":"ENG","playtime":363,"items_purged":[],"score":279,"play_id":"27bd391d-dcf8-4974-a273-555136ef2f10","local_time":"20210127125454","is_ascension_mode":true,"campfire_choices":[{"floor":12,"key":"REST"},{"data":"A Thousand Cuts","floor":15,"key":"SMITH"}],"circlet_count":0,"master_deck":["AscendersBane","Strike_G","Strike_G+1","Strike_G","Strike_G","Strike_G","Defend_G","Defend_G","Defend_G","Defend_G","Defend_G+1","Survivor","Neutralize","Cloak And Dagger+1","Cloak And Dagger","A Thousand Cuts+1","After Image"],"relics":["Ring of the Snake","NeowsBlessing","Boot","Mercury Hourglass","Peace Pipe","Tough Bandages","Torii","Pantograph"],"acts_visited":["Exordium"],"potions_floor_usage":[13,16],"damage_taken":[{"damage":0,"enemies":"Small Slimes","floor":1,"turns":1},{"damage":0,"enemies":"Lagavulin","floor":6,"turns":1},{"damage":0,"enemies":"2 Louse","floor":7,"turns":1},{"damage":10,"enemies":"3 Sentries","floor":10,"turns":7},{"damage":0,"enemies":"Cultist","floor":11,"turns":3},{"damage":11,"enemies":"Lagavulin","floor":13,"turns":5},{"damage":0,"enemies":"2 Fungi Beasts","floor":14,"turns":4},{"damage":51,"enemies":"Slime Boss","floor":16,"turns":8}],"seed_played":"7323121573418849138","potions_obtained":[{"floor":11,"key":"SkillPotion"},{"floor":14,"key":"GamblersBrew"}],"is_trial":false,"path_per_floor":["M","?","?","?","$","E","M","?","T","E","M","R","E","M","R","B"],"character_chosen":"THE_SILENT","items_purchased":["Boot"],"campfire_rested":1,"item_purchase_floors":[5],"current_hp_per_floor":[59,39,28,28,28,28,28,23,23,13,13,32,21,21,21,0,0],"gold":148,"neow_bonus":"THREE_ENEMY_KILL","is_daily":false,"chose_seed":false,"campfire_upgraded":1,"win_rate":0.0,"timestamp":1611723294,"path_taken":["M","?","?","?","$","E","?","?","T","E","M","R","E","M","R","BOSS"],"items_purchased_type":["Relic"],"build_version":"2020-12-22","purchased_purges":0,"victory":false,"max_hp_per_floor":[66,66,66,66,66,66,66,66,66,66,66,66,66,66,66,66,66],"relic_stats":{"Peace Pipe":0,"Tough Bandages":[27],"Torii":4,"counters":[8,30],"Pantograph":25,"Boot":[53],"obtain_stats":[{"Peace Pipe":8,"Tough Bandages":9,"NeowsBlessing":0,"Torii":10,"Pantograph":13,"Boot":5,"Ring of the Snake":0,"Mercury Hourglass":6},{"Peace Pipe":3,"Tough Bandages":3,"NeowsBlessing":0,"Torii":4,"Pantograph":6,"Boot":1,"Ring of the Snake":0,"Mercury Hourglass":2},{"Peace Pipe":3,"Tough Bandages":3,"NeowsBlessing":0,"Torii":10,"Pantograph":18,"Boot":1,"Ring of the Snake":0,"Mercury Hourglass":2}],"Ring of the Snake":[16],"Mercury Hourglass":[122]},"card_choices":[{"not_picked":["PiercingWail","Backflip"],"picked":"Cloak And Dagger","floor":1},{"not_picked":["Escape Plan","Flying Knee"],"picked":"Cloak And Dagger","floor":6},{"not_picked":["Terror","Backflip","Endless Agony"],"picked":"SKIP","floor":7},{"not_picked":["Dodge and Roll","Flying Knee","PiercingWail"],"picked":"SKIP","floor":10},{"not_picked":["Backflip","Flying Knee"],"picked":"A Thousand Cuts","floor":11},{"not_picked":["Well Laid Plans","Quick Slash"],"picked":"After Image","floor":13},{"not_picked":["Skewer","Catalyst","Flying Knee"],"picked":"SKIP","floor":14}],"player_experience":1400969,"relics_obtained":[{"floor":6,"key":"Mercury Hourglass"},{"floor":9,"key":"Tough Bandages"},{"floor":10,"key":"Torii"},{"floor":13,"key":"Pantograph"}],"event_choices":[{"damage_healed":0,"gold_gain":0,"player_choice":"Entered Light","damage_taken":20,"max_hp_gain":0,"max_hp_loss":0,"event_name":"Shining Light","floor":2,"gold_loss":0,"cards_upgraded":["Defend_G","Strike_G"]},{"damage_healed":0,"gold_gain":75,"player_choice":"Gather Gold","damage_taken":11,"max_hp_gain":0,"max_hp_loss":0,"event_name":"World of Goop","floor":3,"gold_loss":0},{"damage_healed":0,"gold_gain":0,"player_choice":"Forge","damage_taken":0,"max_hp_gain":0,"max_hp_loss":0,"event_name":"Accursed Blacksmith","floor":4,"gold_loss":0,"cards_upgraded":["Cloak And Dagger"]},{"damage_healed":0,"gold_gain":0,"player_choice":"Success","damage_taken":5,"relics_obtained":["Peace Pipe"],"max_hp_gain":0,"max_hp_loss":0,"event_name":"Scrap Ooze","floor":8,"gold_loss":0}],"is_beta":false,"boss_relics":[],"items_purged_floors":[],"is_endless":false,"potions_floor_spawned":[11,14],"killed_by":"Slime Boss","ascension_level":19}}