{"host":"spdqkj9ykratwava","time":1611767344,"event":{"mods":["BaseMod","Block Reminder","Minty Spire (QoL Compilation)","Remilia??????","Slay the Relics Exporter","StSLib"],"gold_per_floor":[112,130,150,170,170,205,205,205,232,232,270,270,285,26,26,154,154,177,201,221,221,237,237,278,278,278,292,307,338,362,378,378,498,498,511,511,261,274,299,299,389,389,413,429,460,560,200,223,223,223,223,223,173,211,211],"floor_reached":56,"language":"ENG","playtime":3780,"items_purged":["Defend_RM","Defend_RM","SuperhumanBloodyKnife"],"score":1411,"play_id":"8015ccd0-636c-4eb1-aae7-4dd060235c8a","local_time":"20210127090904","is_ascension_mode":false,"campfire_choices":[{"data":"RedMoon","floor":7,"key":"SMITH"},{"data":"ScarletSymphony","floor":10,"key":"SMITH"},{"data":"BloodySeventeenLaser","floor":12,"key":"SMITH"},{"data":"ScarletNetherworld","floor":15,"key":"SMITH"},{"data":"BloodAndWine","floor":23,"key":"SMITH"},{"data":"BloodyCatastrophe","floor":25,"key":"SMITH"},{"data":"FitfulNightmare","floor":32,"key":"SMITH"},{"data":"CeilingFear","floor":40,"key":"SMITH"},{"data":"ScarletGensokyo","floor":42,"key":"SMITH"},{"floor":49,"key":"RECALL"},{"data":"EternalNight","floor":52,"key":"SMITH"}],"circlet_count":0,"master_deck":["RedMoon+1","ScarletShoot","ScarletNetherworld+1","ScarletSymphony+1","VampireKiss","RedRainbow","BloodyCatastrophe+1","BloodySeventeenLaser+1","DiffusionOfMisfortune","CeilingFear+1","CharismaGuard+1","ScarletGensokyo+1","BloodAndWine+1","ChainGang+1","ScarletNetherworld","MiserableFate+1","MastersStateliness","Septette","CharismaGuard","FitfulNightmare+1","UnderTheZenith","Maim+1","BloodyCatastrophe","Septette","EternalNight+1","Maim","ScarletNetherworld+1"],"relics":["ScarletHat","Toy Ornithopter","Golden Idol","Bag of Preparation","Dream Catcher","Gremlin Horn","APieceOfRedMist","Strawberry","Shuriken","ScarletEmblem","StoneCalendar","PreservedInsect","Smiling Mask","Dead Branch","Pen Nib"],"acts_visited":["Exordium","TheCity","TheBeyond","TheEnding"],"potions_floor_usage":[6,11,22,30,31,44,48,50,55],"damage_taken":[{"damage":0,"enemies":"Small Slimes","floor":1,"turns":4},{"damage":0,"enemies":"2 Louse","floor":2,"turns":7},{"damage":1,"enemies":"Jaw Worm","floor":3,"turns":8},{"damage":2,"enemies":"Looter","floor":4,"turns":4},{"damage":26,"enemies":"Lagavulin","floor":6,"turns":5},{"damage":4,"enemies":"Gremlin Nob","floor":11,"turns":4},{"damage":10,"enemies":"Exordium Thugs","floor":13,"turns":3},{"damage":4,"enemies":"Slime Boss","floor":16,"turns":4},{"damage":5,"enemies":"Spheric Guardian","floor":18,"turns":3},{"damage":0,"enemies":"Shell Parasite","floor":19,"turns":4},{"damage":44,"enemies":"Snake Plant","floor":20,"turns":6},{"damage":4,"enemies":"3 Cultists","floor":22,"turns":6},{"damage":18,"enemies":"Gremlin Leader","floor":24,"turns":6},{"damage":7,"enemies":"Cultist and Chosen","floor":27,"turns":7},{"damage":12,"enemies":"Shelled Parasite and Fungi","floor":28,"turns":4},{"damage":52,"enemies":"Book of Stabbing","floor":29,"turns":6},{"damage":0,"enemies":"Chosen and Byrds","floor":30,"turns":4},{"damage":0,"enemies":"Sentry and Sphere","floor":31,"turns":6},{"damage":16,"enemies":"Champ","floor":33,"turns":6},{"damage":24,"enemies":"3 Darklings","floor":35,"turns":2},{"damage":22,"enemies":"Orb Walker","floor":38,"turns":4},{"damage":8,"enemies":"Jaw Worm Horde","floor":39,"turns":1},{"damage":50,"enemies":"Nemesis","floor":41,"turns":7},{"damage":12,"enemies":"Writhing Mass","floor":44,"turns":3},{"damage":9,"enemies":"Giant Head","floor":45,"turns":8},{"damage":0,"enemies":"Spire Growth","floor":48,"turns":6},{"damage":121,"enemies":"Donu and Deca","floor":50,"turns":3},{"damage":51,"enemies":"Shield and Spear","floor":54,"turns":2},{"damage":173,"enemies":"The Heart","floor":55,"turns":6}],"seed_played":"-900072230803930803","potions_obtained":[{"floor":2,"key":"Explosive Potion"},{"floor":3,"key":"ColorlessPotion"},{"floor":6,"key":"AttackPotion"},{"floor":19,"key":"Dexterity Potion"},{"floor":22,"key":"LiquidBronze"},{"floor":30,"key":"LiquidMemories"},{"floor":33,"key":"BlessingOfTheForge"},{"floor":39,"key":"Energy Potion"},{"floor":44,"key":"AttackPotion"}],"is_trial":false,"path_per_floor":["M","M","M","M","?","E","R","?","T","R","E","R","M","$","R","B",null,"M","M","M","?","M","R","E","R","T","M","M","E","M","M","R","B",null,"M","?","$","M","M","R","E","R","T","M","E","?","$","M","R","B",null,"R","$","E","B",null],"character_chosen":"REMILIA","items_purchased":["Gremlin Horn","Septette","DestinyDice","Dead Branch"],"campfire_rested":0,"item_purchase_floors":[14,37,37,47],"current_hp_per_floor":[56,56,57,57,50,29,29,29,29,29,35,35,26,26,26,23,69,64,67,25,25,35,35,30,30,30,42,39,4,13,22,22,41,76,52,52,52,38,33,33,7,7,7,6,21,21,21,43,43,76,76,76,76,40,76],"gold":211,"neow_bonus":"TRANSFORM_TWO_CARDS","is_daily":false,"chose_seed":false,"campfire_upgraded":10,"win_rate":0.0,"timestamp":1611767344,"path_taken":["M","M","M","M","?","E","R","?","T","R","E","R","M","$","R","BOSS","M","M","M","?","M","R","E","R","T","M","M","E","M","M","R","BOSS","M","?","?","M","M","R","E","R","T","M","E","?","$","M","R","BOSS","R","$","E","BOSS"],"items_purchased_type":["Relic","Card","Potion","Relic"],"build_version":"2020-12-22","purchased_purges":3,"victory":true,"max_hp_per_floor":[75,75,75,75,75,75,75,69,69,69,69,69,69,69,69,69,69,69,69,69,69,69,69,76,76,76,76,76,76,76,76,76,76,76,76,76,76,76,76,76,76,76,76,76,76,76,76,76,76,76,76,76,76,76,76],"card_choices":[{"not_picked":["BlasphemousPunishment","ForbiddenFruit"],"picked":"VampireKiss","floor":1},{"not_picked":["BombardNight","BlasphemousPunishment"],"picked":"RedRainbow","floor":2},{"not_picked":["Stigmanizer","ScarletDream","EndlessAdversity"],"picked":"SKIP","floor":3},{"not_picked":["Stigmanizer","VampireKiss"],"picked":"SuperhumanBloodyKnife","floor":4},{"not_picked":["ScarletImprint","Stigmanizer"],"picked":"BloodyCatastrophe","floor":6},{"not_picked":["ChainGang","ScarletDevilSign"],"picked":"BloodySeventeenLaser","floor":11},{"not_picked":["BlasphemousPunishment","BloodyTrap"],"picked":"DiffusionOfMisfortune","floor":13},{"not_picked":["ChaoticDestiny","BloodyCatastrophe"],"picked":"CeilingFear","floor":16},{"not_picked":["BadLadyScramble","LeisurelyOfLord"],"picked":"CharismaGuard","floor":18},{"not_picked":["FavorOfDestiny","RedRainbow"],"picked":"ScarletGensokyo","floor":19},{"not_picked":["VampirishNight","BloodHunter"],"picked":"BloodAndWine","floor":20},{"not_picked":["ScarletSymphony","CharismaGuard"],"picked":"MiserableFate+1","floor":22},{"not_picked":["ScarletDevil+1","UnstableMagic"],"picked":"MastersStateliness","floor":24},{"not_picked":["ScarletDevil","SuperhumanBloodyKnife"],"picked":"Septette","floor":27},{"not_picked":["BlasphemousPunishment+1","FavorOfDestiny"],"picked":"CharismaGuard","floor":28},{"not_picked":["BloodySeventeenLaser","ScarletDevil+1"],"picked":"FitfulNightmare","floor":29},{"not_picked":["VampireFantasy","CharismaGuard"],"picked":"UnderTheZenith","floor":30},{"not_picked":["VampireFantasy+1","EmergencyRegeneration+1"],"picked":"Maim+1","floor":31},{"not_picked":["CeilingFear","ScarletCoffin"],"picked":"BloodyCatastrophe","floor":33},{"not_picked":["ScarletImprint","StarOfDavid","ScarletDream"],"picked":"SKIP","floor":35},{"not_picked":["ScarletDevil","ScarletDevilSign+1","RedNightlessCastle"],"picked":"SKIP","floor":38},{"not_picked":["Stigmanizer","ScarletDream+1","BlasphemousPunishment+1"],"picked":"SKIP","floor":39},{"not_picked":["NightDance","BombardNight","RedNightlessCastle"],"picked":"SKIP","floor":41},{"not_picked":["VampireKiss","LeisurelyOfLord"],"picked":"EternalNight","floor":44},{"not_picked":["BloodyCatastrophe","ForbiddenFruit","StarOfDavid+1"],"picked":"SKIP","floor":45},{"not_picked":["ScarletImprint+1","BlasphemousPunishment+1"],"picked":"Maim","floor":48},{"not_picked":["MillenniumVampire+1","UltimateOffering"],"picked":"ScarletNetherworld+1","floor":54}],"player_experience":520144,"relics_obtained":[{"floor":6,"key":"Toy Ornithopter"},{"floor":9,"key":"Bag of Preparation"},{"floor":11,"key":"Dream Catcher"},{"floor":24,"key":"Strawberry"},{"floor":29,"key":"Shuriken"},{"floor":41,"key":"StoneCalendar"},{"floor":43,"key":"PreservedInsect"},{"floor":45,"key":"Smiling Mask"},{"floor":54,"key":"Pen Nib"}],"event_choices":[{"cards_removed":["Strike_RM"],"damage_healed":0,"gold_gain":0,"player_choice":"Card Removal","damage_taken":7,"max_hp_gain":0,"max_hp_loss":0,"event_name":"Golden Wing","floor":5,"gold_loss":0},{"damage_healed":0,"gold_gain":0,"player_choice":"Lose Max HP","damage_taken":0,"relics_obtained":["Golden Idol"],"max_hp_gain":0,"max_hp_loss":6,"event_name":"Golden Idol","floor":8,"gold_loss":0},{"damage_healed":0,"gold_gain":0,"cards_transformed":["Strike_RM","Strike_RM"],"player_choice":"Became Test Subject","damage_taken":0,"max_hp_gain":0,"max_hp_loss":0,"event_name":"Drug Dealer","floor":21,"gold_loss":0,"cards_obtained":["ChainGang","ScarletNetherworld"]},{"cards_removed":["Defend_RM"],"damage_healed":0,"gold_gain":0,"player_choice":"Card Removal","damage_taken":0,"max_hp_gain":0,"max_hp_loss":0,"event_name":"Wheel of Change","floor":36,"gold_loss":0},{"damage_healed":0,"gold_gain":100,"player_choice":"Pray","damage_taken":0,"max_hp_gain":0,"max_hp_loss":0,"event_name":"Golden Shrine","floor":46,"gold_loss":0}],"is_beta":false,"boss_relics":[{"not_picked":["Fusion Hammer","Calling Bell"],"picked":"APieceOfRedMist"},{"not_picked":["Runic Dome","Pandora\u0027s Box"],"picked":"ScarletEmblem"}],"items_purged_floors":[37,47,53],"is_endless":false,"potions_floor_spawned":[2,3,6,19,22,24,29,30,33,39,44],"ascension_level":0}}