{"host":"jut1dta95hmxx5jm","time":1611728749,"event":{"mods":["AchievementEnabler","BaseMod","BetterRewards","Colored Map","Colored Powertips","Minty Spire (QoL Compilation)","Quick Restart","StSLib","The Cursed"],"gold_per_floor":[110,127,19,38,57,57,71,84,108,119,119,137,172,192,192,192,192],"floor_reached":16,"language":"ENG","playtime":791,"items_purged":[],"score":108,"play_id":"c35d0dbd-e21d-403b-a344-7f2745989f7f","local_time":"20210127002549","is_ascension_mode":false,"campfire_choices":[{"data":"WreathOfFlame","floor":6.0,"key":"SMITH"},{"data":"FollowUp","floor":11,"key":"SMITH"},{"floor":15,"key":"REST"}],"circlet_count":0,"master_deck":["Strike_P","Strike_P","Strike_P","Strike_P","Defend_P","Defend_P","Defend_P","Defend_P","Eruption","Vigilance","ClearTheMind","Crescendo","WreathOfFlame+1","FollowUp+1","FollowUp","LikeWater","SandsOfTime","Vengeance","Establishment","MentalFortress"],"relics":["PureWater","NeowsBlessing","Thread and Needle","Omamori"],"acts_visited":["Exordium"],"potions_floor_usage":[8,12,13,13],"damage_taken":[{"damage":0.0,"enemies":"Cultist","floor":1.0,"turns":1.0},{"damage":0.0,"enemies":"2 Louse","floor":2.0,"turns":2.0},{"damage":0.0,"enemies":"Jaw Worm","floor":4.0,"turns":1.0},{"damage":16.0,"enemies":"Large Slime","floor":5.0,"turns":4.0},{"damage":0,"enemies":"2 Fungi Beasts","floor":7,"turns":3},{"damage":10,"enemies":"Exordium Thugs","floor":8,"turns":5},{"damage":8,"enemies":"Exordium Wildlife","floor":10,"turns":5},{"damage":0,"enemies":"3 Louse","floor":12,"turns":2},{"damage":32,"enemies":"Lagavulin","floor":13,"turns":5},{"damage":0,"enemies":"Looter","floor":14,"turns":3},{"damage":39,"enemies":"The Guardian","floor":16,"turns":5}],"seed_played":"-4344179745425730032","potions_obtained":[{"floor":2.0,"key":"CultistPotion"},{"floor":7,"key":"EssenceOfSteel"},{"floor":8,"key":"Energy Potion"},{"floor":10,"key":"Explosive Potion"},{"floor":12,"key":"DuplicationPotion"}],"is_trial":false,"path_per_floor":["M","M","?","M","M","R","M","M","T","M","R","M","E","M","R","B"],"character_chosen":"WATCHER","items_purchased":[],"campfire_rested":1,"item_purchase_floors":[],"current_hp_per_floor":[72,72,72,72,56,56,56,46,46,38,38,38,6,6,27,0,0],"gold":192,"neow_bonus":"THREE_ENEMY_KILL","is_daily":false,"chose_seed":false,"campfire_upgraded":2,"win_rate":0.0,"timestamp":1611728749,"path_taken":["M","?","?","M","M","R","?","M","T","M","R","?","E","M","R","BOSS"],"items_purchased_type":[],"build_version":"2020-12-22","purchased_purges":0,"victory":false,"max_hp_per_floor":[72,72,72,72,72,72,72,72,72,72,72,72,72,72,72,72,72],"card_choices":[{"not_picked":["CutThroughFate","Meditate"],"picked":"ClearTheMind","floor":1.0},{"not_picked":["WaveOfTheHand","EmptyFist"],"picked":"Crescendo","floor":2.0},{"not_picked":["CarveReality","ForeignInfluence"],"picked":"WreathOfFlame","floor":4.0},{"not_picked":["CrushJoints","Weave"],"picked":"FollowUp","floor":5.0},{"not_picked":["EmptyFist","PathToVictory"],"picked":"FollowUp","floor":7},{"not_picked":["Perseverance","WheelKick"],"picked":"LikeWater","floor":8},{"not_picked":["Crescendo","MentalFortress"],"picked":"SandsOfTime","floor":10},{"not_picked":["Weave","PathToVictory"],"picked":"Vengeance","floor":12},{"not_picked":["Consecrate","Protect"],"picked":"Establishment","floor":13},{"not_picked":["FlyingSleeves","Nirvana"],"picked":"MentalFortress","floor":14}],"player_experience":331154,"relics_obtained":[{"floor":13,"key":"Omamori"}],"event_choices":[{"damage_healed":0.0,"max_hp_gain":0.0,"max_hp_loss":0.0,"gold_gain":0.0,"event_name":"WeMeetAgain","player_choice":"Paid Gold","floor":3.0,"gold_loss":108.0,"damage_taken":0.0,"relics_obtained":["Thread and Needle"]}],"is_beta":false,"boss_relics":[],"items_purged_floors":[],"is_endless":false,"potions_floor_spawned":[2,7,8,10,12],"killed_by":"The Guardian","ascension_level":0}}