{"host":"vddnn8yddbh0df4g","time":1611774838,"event":{"mods":["Act Like it!","BaseMod","Beaked The Cultist","Bestiary","Clockwork Mod","Downfall","Filter the Spire","Minty Spire (QoL Compilation)","Shop Mod","StSLib","SuperFastMode","The Construct","The Runesmith"],"gold_per_floor":[99,113,133,133,152,169,216,216,234,234,260,271,289,289,304,409,409,309,323,341,359,371,371,395,408,408,440,340,340,358,458,468,468,468],"floor_reached":33,"language":"ENG","playtime":1824,"items_purged":[],"score":341,"play_id":"41316bbb-a5b6-4ff7-867d-cc926ddb1e0d","local_time":"20210127141358","is_ascension_mode":true,"campfire_choices":[{"data":"construct:AttackMode","floor":1,"key":"SMITH"},{"data":"construct:DefenseMode","floor":8,"key":"SMITH"},{"floor":10,"key":"REST"},{"data":"construct:ClockworkEgg+1","floor":18,"key":"SMITH"},{"data":"construct:HammerDown+1","floor":23,"key":"SMITH"},{"data":"construct:Enhance+1","floor":26,"key":"SMITH"},{"data":"construct:Versatility+1","floor":28,"key":"SMITH"}],"circlet_count":0,"master_deck":["construct:Strike_Gold","construct:Strike_Gold","construct:Strike_Gold","construct:Strike_Gold","construct:Defend_Gold","construct:Defend_Gold","construct:Defend_Gold","construct:Defend_Gold","construct:Defend_Gold","construct:AttackMode+1","construct:DefenseMode+1","construct:SaveState+1","construct:FlameCore+1","construct:Enhance+2","construct:Autoturret+1","construct:Disrupt+1","construct:Backfire+1","construct:Construct_Overclock+1","construct:Versatility+2","construct:Forcefield+1","construct:ElectricArmor+1","construct:HammerDown+2","construct:ElectricArmor+1","construct:HastyRepair+1","construct:FlakBarrage+1"],"relics":["construct:Cogwheel","Frozen Egg 2","Molten Egg 2","Toxic Egg 2","Happy Flower","Ancient Tea Set","Sozu","downfall:HeartBlessingGreen","construct:ClockworkPhoenix","Du-Vu Doll","downfall:HeartBlessingBlue","White Beast Statue"],"acts_visited":["Exordium","TheCity"],"potions_floor_usage":[11,12,16,16],"damage_taken":[{"damage":0,"enemies":"2 Louse","floor":2,"turns":2},{"damage":6,"enemies":"Cultist","floor":3,"turns":3},{"damage":5,"enemies":"Small Slimes","floor":5,"turns":3},{"damage":4,"enemies":"Gremlin Gang","floor":6,"turns":9},{"damage":13,"enemies":"2 Fungi Beasts","floor":9,"turns":5},{"damage":36,"enemies":"3 Sentries","floor":11,"turns":13},{"damage":6,"enemies":"3 Louse","floor":12,"turns":5},{"damage":2,"enemies":"Exordium Thugs","floor":13,"turns":8},{"damage":4,"enemies":"Large Slime","floor":15,"turns":6},{"damage":12,"enemies":"WA_ARCHETYPE_RETAIN","floor":16,"turns":16},{"damage":20,"enemies":"3 Byrds","floor":19,"turns":9},{"damage":48,"enemies":"Cultist and Chosen","floor":20,"turns":7},{"damage":0,"enemies":"Centurion and Healer","floor":21,"turns":11},{"damage":9,"enemies":"Shelled Parasite and Fungi","floor":22,"turns":10},{"damage":13,"enemies":"Snecko","floor":25,"turns":8},{"damage":0,"enemies":"Slavers","floor":27,"turns":4},{"damage":1,"enemies":"Centurion and Healer","floor":30,"turns":10},{"damage":7,"enemies":"downfall:LadyInBlue","floor":31,"turns":12},{"damage":13,"enemies":"Chosen and Byrds","floor":32,"turns":6},{"damage":45,"enemies":"IC_MUSHROOM_ARCHETYPE","floor":33,"turns":6}],"seed_played":"-2642641857344298166","potions_obtained":[{"floor":5,"key":"GamblersBrew"},{"floor":6,"key":"hexamod:SoulburnPotion"},{"floor":9,"key":"Swift Potion"},{"floor":12,"key":"FearPotion"},{"floor":15,"key":"SkillPotion"}],"is_trial":false,"path_per_floor":["R","M","M","?","M","M","T","R","M","R","E","M","M","?","M","B",null,"R","M","M","M","M","R","T","M","R","E","R","?","M","?","M","B"],"character_chosen":"THE_CONSTRUCT_MOD","items_purchased":[],"campfire_rested":1,"item_purchase_floors":[],"current_hp_per_floor":[93,93,87,87,82,78,78,78,65,92,56,50,48,48,44,32,93,93,73,25,25,16,16,16,3,3,3,13,13,28,37,40,0,0],"gold":468,"neow_bonus":"TEN_PERCENT_HP_BONUS","is_daily":false,"chose_seed":false,"campfire_upgraded":6,"win_rate":0.0,"timestamp":1611774838,"path_taken":["R","M","M","?","M","?","T","R","M","R","E","M","M","?","M","BOSS","R","M","?","M","M","R","T","M","R","E","R","?","M","?","M","BOSS"],"items_purchased_type":[],"build_version":"2020-12-22","purchased_purges":0,"victory":false,"max_hp_per_floor":[93,93,93,93,93,93,93,93,93,93,93,93,93,93,93,93,93,93,93,93,93,93,93,93,93,93,93,103,103,101,99,97,97,97],"card_choices":[{"not_picked":["construct:ScrapCannon+1","construct:SyphonStrike+1"],"picked":"construct:SaveState+1","floor":2},{"not_picked":["construct:HeavyBolt+1","construct:VentSteam+1"],"picked":"construct:FlameCore+1","floor":3},{"not_picked":["construct:Missile+1","construct:QuickAttack+1"],"picked":"construct:BatteryAcid+1","floor":5},{"not_picked":["construct:Reinforce+1","construct:Anticipate+1"],"picked":"construct:Enhance+1","floor":6},{"not_picked":["construct:HeavyBolt+1","construct:Antimatter+1"],"picked":"construct:Autoturret+1","floor":9},{"not_picked":["construct:ScrapCannon+1","construct:GoldenBullet+1","construct:ShiftStrike+1"],"picked":"SKIP","floor":11},{"not_picked":["construct:Electrocute+1","construct:FierceBash+1"],"picked":"construct:Disrupt+1","floor":12},{"not_picked":["construct:ShiftStrike+1","construct:VentSteam+1"],"picked":"construct:Backfire+1","floor":13},{"not_picked":["construct:Forcefield+1","construct:Analyze+1"],"picked":"construct:Versatility+1","floor":15},{"not_picked":["construct:GatlingGun+1","construct:Bunker+1"],"picked":"construct:ClockworkEgg+1","floor":16},{"not_picked":["construct:Backfire+1","construct:ModeShift+1","construct:Analyze+1"],"picked":"SKIP","floor":19},{"not_picked":["construct:ShiftStrike+1","construct:FlameCore+1"],"picked":"construct:Forcefield+1","floor":20},{"not_picked":["construct:ModeShift+1","construct:Boost+1"],"picked":"construct:ElectricArmor+1","floor":21},{"not_picked":["construct:Autoturret+1","construct:Accumulate+1"],"picked":"construct:HammerDown+1","floor":22},{"not_picked":["construct:Tumble+1","construct:OneWayMirror+1"],"picked":"construct:ElectricArmor+1","floor":25},{"not_picked":["construct:ElectricArmor+1","construct:OneWayMirror+1"],"picked":"construct:HastyRepair+1","floor":27},{"not_picked":["construct:Backfire+1","construct:PowerUp+1"],"picked":"construct:FlakBarrage+1","floor":30},{"not_picked":["construct:Disrupt+1","construct:OmegaCannon+1","construct:Overcharge+1"],"picked":"SKIP","floor":32}],"player_experience":712608,"relics_obtained":[{"floor":7,"key":"Happy Flower"},{"floor":11,"key":"Ancient Tea Set"},{"floor":27,"key":"Du-Vu Doll"},{"floor":31,"key":"White Beast Statue"}],"event_choices":[],"is_beta":false,"boss_relics":[{"not_picked":["bronze:MakeshiftBattery","Runesmith:UraniumAnvil"],"picked":"Sozu"}],"items_purged_floors":[],"is_endless":false,"potions_floor_spawned":[5,6,9,12,15,20,22,27,32],"killed_by":"IC_MUSHROOM_ARCHETYPE","ascension_level":1}}