{"host":"6v2706mfck5g68yr","time":1611791563,"event":{"mods":["BaseMod","BetterRewards","Card Forge","Colored Map","Minty Spire (QoL Compilation)","Shop Mod","StSLib","SuperFastMode"],"gold_per_floor":[109,126,141,157,157,188,198,211,259,259,259,285,301,334,334,439,439,450,462,462,462,462,492,504,517,517,528,528,547,245,345,345,442,442,452,502,502,514,230,556,569,569,569,569,452,482,16,16,16,16],"floor_reached":51,"language":"ENG","playtime":3316,"items_purged":["Reprogram","Gash"],"score":972,"play_id":"dc7a2b76-2d0a-47bf-8bd4-bbd18835d119","local_time":"20210127175243","is_ascension_mode":true,"campfire_choices":[{"data":"Zap","floor":10,"key":"SMITH"},{"data":"Redo","floor":15,"key":"SMITH"},{"data":"Creative AI","floor":28,"key":"SMITH"},{"data":"Reboot","floor":32,"key":"SMITH"},{"floor":42,"key":"RECALL"}],"circlet_count":0,"master_deck":["Zap+1","Dualcast","Self Repair","Rebound+1","Turbo","Conserve Battery","Cold Snap","Redo+1","All For One+1","Glacier+1","Double Energy+1","Buffer+1","Rebound+1","Machine Learning+1","Cold Snap","Cold Snap","Steam Power","White Noise","Creative AI+1","Ball Lightning+1","Capacitor+1","Hello World+1","Reboot+1","Self Repair+1","Defragment+1","Blizzard+1","FTL+1","Blind","Mayhem+1"],"relics":["Hammer of Thor","Seething Fire","Anvil of the Gods","Coffee Dripper","FaceOfCleric","Eternal Feather","Oddly Smooth Stone","WarpedTongs","Nunchaku","Mercury Hourglass","Pandora\u0027s Box","Enchiridion","Strawberry","Bottled Flame","Whetstone","Unceasing Top","Darkstone Periapt","Fusion Hammer","Prayer Wheel","The Courier","Frozen Egg 2","Old Coin","Symbiotic Virus","DataDisk","Centennial Puzzle","Sling","Cables"],"acts_visited":["Exordium","TheCity","TheBeyond"],"potions_floor_usage":[6,12,16,24,25,29,40],"damage_taken":[{"damage":3,"enemies":"Small Slimes","floor":1,"turns":3},{"damage":1,"enemies":"Cultist","floor":2,"turns":4},{"damage":2,"enemies":"Jaw Worm","floor":3,"turns":3},{"damage":33,"enemies":"Exordium Thugs","floor":4,"turns":6},{"damage":39,"enemies":"Gremlin Nob","floor":6,"turns":5},{"damage":13,"enemies":"3 Louse","floor":7,"turns":4},{"damage":0,"enemies":"2 Fungi Beasts","floor":8,"turns":3},{"damage":17,"enemies":"Lagavulin","floor":12,"turns":7},{"damage":16,"enemies":"Gremlin Gang","floor":13,"turns":5},{"damage":6,"enemies":"Gremlin Nob","floor":14,"turns":4},{"damage":13,"enemies":"Hexaghost","floor":16,"turns":10},{"damage":6,"enemies":"Spheric Guardian","floor":18,"turns":3},{"damage":29,"enemies":"2 Thieves","floor":19,"turns":4},{"damage":43,"enemies":"Slavers","floor":23,"turns":8},{"damage":0,"enemies":"Cultist and Chosen","floor":24,"turns":4},{"damage":0,"enemies":"Sentry and Sphere","floor":25,"turns":6},{"damage":0,"enemies":"3 Cultists","floor":27,"turns":5},{"damage":6,"enemies":"Snecko","floor":29,"turns":5},{"damage":0,"enemies":"Colosseum Slavers","floor":31,"turns":4},{"damage":27,"enemies":"Colosseum Nobs","floor":31,"turns":4},{"damage":24,"enemies":"Automaton","floor":33,"turns":10},{"damage":9,"enemies":"3 Shapes","floor":35,"turns":3},{"damage":40,"enemies":"Mind Bloom Boss Battle","floor":36,"turns":6},{"damage":8,"enemies":"3 Darklings","floor":38,"turns":4},{"damage":33,"enemies":"Reptomancer","floor":40,"turns":5},{"damage":22,"enemies":"4 Shapes","floor":41,"turns":3},{"damage":0,"enemies":"Giant Head","floor":46,"turns":6},{"damage":11,"enemies":"Donu and Deca","floor":50,"turns":7}],"seed_played":"6245434772419867418","potions_obtained":[{"floor":1,"key":"Energy Potion"},{"floor":2,"key":"FocusPotion"},{"floor":3,"key":"PotionOfCapacity"},{"floor":7,"key":"Block Potion"},{"floor":23,"key":"DistilledChaos"},{"floor":27,"key":"Regen Potion"},{"floor":33,"key":"Regen Potion"},{"floor":36,"key":"DuplicationPotion"},{"floor":40,"key":"Block Potion"},{"floor":46,"key":"PotionOfCapacity"}],"is_trial":false,"path_per_floor":["M","M","M","M","?","E","M","M","T","R","?","E","M","E","R","B",null,"M","M","?","?","?","E","M","M","T","M","R","M","$","?","R","B",null,"M","?","T","M","$","E","M","R","T","?","$","E","$","?","R","B",null],"character_chosen":"DEFECT","items_purchased":["Whetstone","Hello World","Frozen Egg 2","DataDisk","Mayhem+1","Sling","Cables"],"campfire_rested":0,"item_purchase_floors":[30,30,39,45,47,47,47],"current_hp_per_floor":[72,75,75,49,49,18,13,21,21,30,30,21,13,18,30,28,82,83,62,62,46,46,18,26,34,34,45,57,71,71,53,65,49,99,98,79,79,82,82,82,78,93,93,93,93,105,105,111,111,112],"gold":16,"neow_bonus":"BOSS_RELIC","is_daily":false,"chose_seed":false,"campfire_upgraded":4,"win_rate":0.0,"timestamp":1611791563,"path_taken":["M","M","M","M","?","E","M","?","T","R","?","E","M","E","R","BOSS","M","M","?","?","?","E","?","M","T","M","R","M","$","?","R","BOSS","M","?","?","M","$","E","M","R","T","?","$","E","$","?","R","BOSS"],"items_purchased_type":["Relic","Card","Relic","Relic","Card","Relic","Relic"],"build_version":"2020-12-22","purchased_purges":2,"victory":true,"max_hp_per_floor":[75,75,75,75,75,76,77,78,78,78,78,79,80,81,81,82,82,83,84,84,84,84,92,93,94,94,95,95,96,96,98,98,99,99,100,101,101,102,102,103,104,104,104,104,104,105,105,111,111,112],"card_choices":[{"not_picked":["Reprogram","Blizzard"],"picked":"Self Repair","floor":1},{"not_picked":["Hologram","Capacitor"],"picked":"Rebound","floor":2},{"not_picked":["Hologram","Streamline","Go for the Eyes"],"picked":"SKIP","floor":3},{"not_picked":["Go for the Eyes","Conserve Battery"],"picked":"Turbo","floor":4},{"not_picked":["Creative AI","Leap"],"picked":"Conserve Battery","floor":6},{"not_picked":["Turbo","Darkness"],"picked":"Gash","floor":7},{"not_picked":["Storm","Go for the Eyes"],"picked":"Cold Snap","floor":8},{"not_picked":["Gash","Chaos"],"picked":"Redo","floor":12},{"not_picked":["Go for the Eyes","Hologram"],"picked":"All For One","floor":13},{"not_picked":["Conserve Battery","All For One"],"picked":"Glacier","floor":14},{"not_picked":["Streamline","Ball Lightning"],"picked":"White Noise","floor":18},{"not_picked":["Rebound","Go for the Eyes+1","Beam Cell"],"picked":"SKIP","floor":19},{"not_picked":["Beam Cell","Buffer","Coolheaded"],"picked":"SKIP","floor":23},{"not_picked":["Sweeping Beam","Beam Cell"],"picked":"Ball Lightning","floor":24},{"not_picked":["Streamline","Skim"],"picked":"Capacitor","floor":25},{"not_picked":["Redo","Rebound","Go for the Eyes"],"picked":"SKIP","floor":27},{"not_picked":["Hologram+1","Coolheaded","Scrape+1"],"picked":"SKIP","floor":29},{"not_picked":["FTL","Genetic Algorithm"],"picked":"Reboot","floor":31},{"not_picked":["Sweeping Beam","Steam+1"],"picked":"Self Repair+1","floor":35},{"not_picked":["Steam+1","Sweeping Beam"],"picked":"Defragment+1","floor":38},{"not_picked":["Leap+1","Redo","Scrape"],"picked":"SKIP","floor":38},{"not_picked":["Go for the Eyes","Aggregate+1"],"picked":"Blizzard+1","floor":40},{"not_picked":["Rip and Tear+1","Skim"],"picked":"FTL+1","floor":41},{"not_picked":["Chill","Leap+1","Hologram"],"picked":"SKIP","floor":41},{"not_picked":["Finesse","Jack Of All Trades"],"picked":"Blind","floor":44},{"not_picked":["Streamline+1","Steam+1","Fusion"],"picked":"SKIP","floor":46}],"player_experience":259914,"relics_obtained":[{"floor":6,"key":"Eternal Feather"},{"floor":9,"key":"Oddly Smooth Stone"},{"floor":12,"key":"Nunchaku"},{"floor":14,"key":"Mercury Hourglass"},{"floor":21,"key":"Enchiridion"},{"floor":23,"key":"Strawberry"},{"floor":26,"key":"Bottled Flame"},{"floor":31,"key":"Unceasing Top"},{"floor":31,"key":"Darkstone Periapt"},{"floor":36,"key":"Prayer Wheel"},{"floor":37,"key":"The Courier"},{"floor":40,"key":"Old Coin"},{"floor":43,"key":"Symbiotic Virus"},{"floor":46,"key":"Centennial Puzzle"}],"event_choices":[{"damage_healed":0,"gold_gain":0,"player_choice":"Trade","damage_taken":0,"relics_obtained":["FaceOfCleric"],"max_hp_gain":0,"max_hp_loss":0,"event_name":"FaceTrader","floor":5,"gold_loss":0},{"damage_healed":0,"gold_gain":0,"player_choice":"Rummage","damage_taken":0,"relics_obtained":["WarpedTongs"],"max_hp_gain":0,"max_hp_loss":0,"event_name":"Accursed Blacksmith","floor":11,"gold_loss":0,"cards_obtained":["Pain"]},{"damage_healed":0,"gold_gain":0,"player_choice":"Read","damage_taken":0,"max_hp_gain":0,"max_hp_loss":0,"event_name":"The Library","floor":20,"gold_loss":0,"cards_obtained":["Creative AI"]},{"damage_healed":0,"gold_gain":0,"player_choice":"Obtained Book","damage_taken":16,"max_hp_gain":0,"max_hp_loss":0,"event_name":"Cursed Tome","floor":21,"gold_loss":0},{"cards_removed":["Pain"],"damage_healed":0,"gold_gain":0,"player_choice":"Removed Curses","damage_taken":0,"max_hp_gain":0,"max_hp_loss":0,"event_name":"Fountain of Cleansing","floor":22,"gold_loss":0},{"damage_healed":0,"gold_gain":0,"player_choice":"Fight","damage_taken":0,"max_hp_gain":0,"max_hp_loss":0,"event_name":"Colosseum","floor":31,"gold_loss":0},{"damage_healed":0,"gold_gain":0,"player_choice":"Fought Nobs","damage_taken":0,"max_hp_gain":0,"max_hp_loss":0,"event_name":"Colosseum","floor":31,"gold_loss":0},{"damage_healed":0,"gold_gain":0,"player_choice":"Fight","damage_taken":0,"max_hp_gain":0,"max_hp_loss":0,"event_name":"MindBloom","floor":36,"gold_loss":0},{"damage_healed":0,"gold_gain":0,"player_choice":"Memory 1","damage_taken":0,"max_hp_gain":0,"max_hp_loss":0,"event_name":"SensoryStone","floor":44,"gold_loss":0},{"damage_healed":0,"gold_gain":0,"player_choice":"Cursed","damage_taken":0,"max_hp_gain":0,"max_hp_loss":0,"event_name":"Wheel of Change","floor":48,"gold_loss":0,"cards_obtained":["Decay"]}],"is_beta":false,"boss_relics":[{"not_picked":["Tiny House","Empty Cage"],"picked":"Pandora\u0027s Box"},{"not_picked":["Astrolabe","Snecko Eye"],"picked":"Fusion Hammer"}],"items_purged_floors":[30,39],"is_endless":false,"potions_floor_spawned":[1,2,3,7,23,27,31,33,36,40,46],"ascension_level":2}}