{"host":"qdfumeom6htv8yxl","time":1611761608,"event":{"mods":["AchievementEnabler","BaseMod","Bestiary","Block Reminder","Minty Spire (QoL Compilation)","Quick Restart","Relic Stats"],"gold_per_floor":[113,113,5,5,22,22,56,14,14,14,14,49,65,81,81,154,204,214,228,245,43,43,43],"floor_reached":22,"language":"ENG","playtime":2363,"items_purged":[],"score":427,"play_id":"c96857e7-0f27-455d-a480-be3de0a7b954","local_time":"20210127093328","is_ascension_mode":true,"campfire_choices":[{"data":"FTL","floor":6.0,"key":"SMITH"},{"data":"Hologram","floor":10.0,"key":"SMITH"},{"data":"Gash","floor":15.0,"key":"SMITH"}],"circlet_count":0,"master_deck":["AscendersBane","Strike_B","Strike_B","Strike_B","Strike_B","Defend_B","Defend_B","Defend_B","Zap","Dualcast","Undo","FTL+1","Steam","Gash+1","Rebound+1","Hologram+1","Core Surge","Hologram","Skim","All For One","Gash","Hologram","HandOfGreed","Go for the Eyes"],"relics":["Cracked Core","NeowsBlessing","Symbiotic Virus","The Courier","Gremlin Horn","Blue Candle","Tiny House"],"acts_visited":["Exordium","TheCity"],"potions_floor_usage":[],"damage_taken":[{"damage":0.0,"enemies":"2 Louse","floor":1.0,"turns":1.0},{"damage":0.0,"enemies":"Cultist","floor":5.0,"turns":1.0},{"damage":0.0,"enemies":"Lagavulin","floor":7.0,"turns":1.0},{"damage":11.0,"enemies":"3 Sentries","floor":12.0,"turns":5.0},{"damage":0.0,"enemies":"Small Slimes","floor":13.0,"turns":2.0},{"damage":6.0,"enemies":"Looter","floor":14.0,"turns":3.0},{"damage":10.0,"enemies":"Slime Boss","floor":16.0,"turns":7.0},{"damage":6.0,"enemies":"Chosen","floor":18.0,"turns":4.0},{"damage":11.0,"enemies":"Spheric Guardian","floor":19.0,"turns":4.0},{"damage":38.0,"enemies":"Cultist and Chosen","floor":20.0,"turns":7.0},{"damage":5,"enemies":"Centurion and Healer","floor":22,"turns":3}],"seed_played":"8636781568559025604","potions_obtained":[{"floor":5.0,"key":"FocusPotion"},{"floor":7.0,"key":"FearPotion"},{"floor":17.0,"key":"Block Potion"},{"floor":19.0,"key":"FocusPotion"}],"is_trial":false,"path_per_floor":["M","?","$","T","M","R","E","$","T","R","$","E","M","M","R","B",null,"M","M","M","$","M"],"character_chosen":"DEFECT","items_purchased":["FTL","Steam","Hologram","HandOfGreed","Go for the Eyes"],"campfire_rested":0,"item_purchase_floors":[3,3,8,21,21],"current_hp_per_floor":[64,64,64,64,64,64,64,64,64,64,64,53,53,47,47,37,68,62,51,13,13,8,8],"gold":43,"neow_bonus":"THREE_ENEMY_KILL","is_daily":false,"chose_seed":false,"campfire_upgraded":3,"win_rate":0.0,"timestamp":1611761608,"path_taken":["M","?","$","?","?","R","E","?","T","R","$","E","M","M","R","BOSS","M","M","?","$","?"],"items_purchased_type":["Card","Card","Card","Card","Card"],"build_version":"2020-12-22","purchased_purges":0,"victory":false,"max_hp_per_floor":[71,71,71,71,71,71,71,71,71,71,71,71,71,71,71,71,76,76,76,76,76,76,76],"relic_stats":{"Gremlin Horn":[6,6],"counters":[11,38],"Blue Candle":[0],"obtain_stats":[{"Tiny House":17,"NeowsBlessing":0,"Gremlin Horn":9,"Blue Candle":12,"The Courier":7,"Cracked Core":0,"Symbiotic Virus":4},{"Tiny House":7,"NeowsBlessing":0,"Gremlin Horn":3,"Blue Candle":4,"The Courier":3,"Cracked Core":0,"Symbiotic Virus":1},{"Tiny House":20,"NeowsBlessing":0,"Gremlin Horn":3,"Blue Candle":8,"The Courier":3,"Cracked Core":0,"Symbiotic Virus":1}]},"card_choices":[{"not_picked":["Redo","Stack"],"picked":"Undo","floor":1.0},{"not_picked":["Compile Driver","Chaos"],"picked":"Gash","floor":5.0},{"not_picked":["Coolheaded","Streamline"],"picked":"Rebound","floor":7.0},{"not_picked":["Storm","Leap"],"picked":"Core Surge","floor":12.0},{"not_picked":["Coolheaded","Barrage"],"picked":"Hologram","floor":13.0},{"not_picked":["Recycle","Hologram"],"picked":"Skim","floor":14.0},{"not_picked":["Multi-Cast","Seek"],"picked":"All For One","floor":16.0},{"not_picked":["Stack","Aggregate"],"picked":"Gash","floor":17.0},{"not_picked":["Force Field","Barrage","Lockon"],"picked":"SKIP","floor":18.0},{"not_picked":["Leap+1","Defragment"],"picked":"Hologram","floor":19.0},{"not_picked":["Sunder","Skim","Barrage"],"picked":"SKIP","floor":20.0}],"player_experience":1871701,"relics_obtained":[{"floor":4.0,"key":"Symbiotic Virus"},{"floor":7.0,"key":"The Courier"},{"floor":9.0,"key":"Gremlin Horn"},{"floor":12.0,"key":"Blue Candle"}],"event_choices":[{"cards_removed":["Defend_B"],"damage_healed":0.0,"max_hp_gain":0.0,"max_hp_loss":0.0,"gold_gain":0.0,"event_name":"Bonfire Elementals","player_choice":"Offered Basic","floor":2.0,"gold_loss":0.0,"damage_taken":0.0}],"is_beta":false,"boss_relics":[{"not_picked":["SlaversCollar","Astrolabe"],"picked":"Tiny House"}],"items_purged_floors":[],"is_endless":false,"potions_floor_spawned":[5,7,19],"killed_by":"Centurion and Healer","ascension_level":19}}