{"host":"iqi2f1z1yw5mc6j3","time":1611727074,"event":{"mods":["AchievementEnabler","BaseMod","Colored Powertips","Minty Spire (QoL Compilation)","Quick Restart","Replay The Spire","StSLib","The Cursed","The Hierophant"],"gold_per_floor":[111,111,124,135,147,147,164,196,196,196,224,224,244,256,256,354,354,368,10,25,25,25,25,42,59,59,59,76,76,76,94,94,199,199,215,215,231,247,24,24,56,67,67,19,39,39,58,58,58],"floor_reached":48,"language":"ENG","playtime":5499,"items_purged":["Defend_G","Defend_G+1"],"score":653,"play_id":"17f4b536-7864-4fd6-a759-b06e48619c16","local_time":"20210127005754","is_ascension_mode":false,"campfire_choices":[{"data":"Toxin Wave","floor":6,"key":"SMITH"},{"floor":12,"key":"REST"},{"data":"Bane","floor":15,"key":"SMITH"},{"data":"Catalyst","floor":23,"key":"SMITH"},{"floor":27,"key":"REST"},{"floor":40,"key":"REST"},{"floor":46,"key":"REST"}],"circlet_count":0,"master_deck":["Strike_G+1","Strike_G+1","Strike_G+1","Strike_G+1","Defend_G+1","Defend_G+1","Defend_G+1","Survivor","Neutralize","Toxin Wave+1","Bane+1","Backstab","Quick Slash","Poisoned Stab","Well Laid Plans","Replay:Bag of Tricks","Deadly Poison","Noxious Fumes+1","After Image+1","Deflect","PiercingWail","Catalyst+1","Escape Plan","Dodge and Roll","Quick Slash+1","Dagger Throw","Caltrops+1","Tools of the Trade+1","Prepared","Dash+1","Backflip","Footwork+1","Sneak Up","Blade Dance+1","Blur"],"relics":["Ring of the Snake","Replay:WaspNest","Snack Pack","Frozen Egg 2","Snecko Eye","HandDrill","MealTicket","SlaversCollar","Replay:Bottled Steam","Question Card"],"acts_visited":["Exordium","TheCity","TheBeyond"],"potions_floor_usage":[4,8,16,16,16,28,33,33,38,38,41,48,48],"damage_taken":[{"damage":0,"enemies":"Jaw Worm","floor":1,"turns":6},{"damage":0,"enemies":"Cultist","floor":3,"turns":5},{"damage":0,"enemies":"2 Louse","floor":4,"turns":1},{"damage":0,"enemies":"Exordium Wildlife","floor":5,"turns":2},{"damage":6,"enemies":"Blue Slaver","floor":7,"turns":3},{"damage":10,"enemies":"Gremlin Nob","floor":8,"turns":4},{"damage":12,"enemies":"Replay:BlueRogue","floor":11,"turns":4},{"damage":0,"enemies":"3 Louse","floor":13,"turns":2},{"damage":2,"enemies":"Looter","floor":14,"turns":2},{"damage":38,"enemies":"Hexaghost","floor":16,"turns":6},{"damage":0,"enemies":"Chosen","floor":18,"turns":3},{"damage":8,"enemies":"Spheric Guardian","floor":20,"turns":4},{"damage":9,"enemies":"Shelled Parasite and Fungi","floor":24,"turns":5},{"damage":30,"enemies":"Cultist and Chosen","floor":25,"turns":8},{"damage":0,"enemies":"Centurion and Healer","floor":28,"turns":8},{"damage":11,"enemies":"Snake Plant","floor":31,"turns":4},{"damage":24,"enemies":"Pondfish","floor":33,"turns":9},{"damage":0,"enemies":"3 Shapes","floor":35,"turns":4},{"damage":10,"enemies":"Orb Walker","floor":37,"turns":4},{"damage":26,"enemies":"Jaw Worm Horde","floor":38,"turns":5},{"damage":52,"enemies":"Nemesis","floor":41,"turns":7},{"damage":2,"enemies":"Maw","floor":42,"turns":8},{"damage":3,"enemies":"Spire Growth","floor":45,"turns":5},{"damage":22,"enemies":"Writhing Mass","floor":47,"turns":5},{"damage":58,"enemies":"Sphere and 2 Shapes","floor":48,"turns":3}],"seed_played":"3617143724149594484","potions_obtained":[{"floor":1,"key":"Doom Potion"},{"floor":2,"key":"Milkshake"},{"floor":2,"key":"Toxic Potion"},{"floor":5,"key":"Block Potion"},{"floor":13,"key":"Explosive Potion"},{"floor":14,"key":"AttackPotion"},{"floor":20,"key":"DuplicationPotion"},{"floor":24,"key":"FearPotion"},{"floor":28,"key":"Energy Potion"},{"floor":33,"key":"AttackPotion"},{"floor":37,"key":"Swift Potion"},{"floor":45,"key":"Poison Potion"}],"is_trial":false,"path_per_floor":["M","?","M","M","M","R","M","E","T","?","E","R","M","M","R","B",null,"M","$","M","?","?","R","M","M","T","R","M","?","?","M","R","B",null,"M","?","M","M","$","R","E","M","T","$","M","R","M","M"],"character_chosen":"THE_SILENT","items_purchased":["PiercingWail","Catalyst","HandDrill","Footwork+1","GamblersBrew","SkillPotion"],"campfire_rested":4,"item_purchase_floors":[19,19,19,39,39,44],"current_hp_per_floor":[77,77,77,77,77,77,71,61,61,61,53,76,77,77,77,43,77,77,77,69,69,69,69,64,38,38,61,69,69,69,58,58,42,77,77,77,67,43,58,77,29,33,33,48,51,74,54,0,0],"gold":58,"neow_bonus":"TEN_PERCENT_HP_BONUS","is_daily":false,"chose_seed":false,"campfire_upgraded":3,"win_rate":0.0,"timestamp":1611727074,"path_taken":["M","?","M","M","?","R","M","E","T","?","E","R","M","M","R","BOSS","M","$","M","?","?","R","M","?","T","R","M","?","?","M","R","BOSS","M","?","M","?","$","R","E","M","T","$","?","R","M","M"],"items_purchased_type":["Card","Card","Relic","Card","Potion","Potion"],"build_version":"2020-12-22","purchased_purges":2,"victory":false,"max_hp_per_floor":[77,77,77,77,77,77,77,77,77,77,77,77,77,77,77,77,77,77,77,77,77,77,77,77,77,77,77,77,77,77,77,77,77,77,77,77,77,77,77,77,77,77,77,77,77,77,77,77,77],"card_choices":[{"not_picked":["Acrobatics","Sucker Punch"],"picked":"Toxin Wave","floor":1},{"not_picked":["Dodge and Roll","Draining Mist"],"picked":"Bane","floor":3},{"not_picked":["Eviscerate","Dagger Spray"],"picked":"Backstab","floor":4},{"not_picked":["Hidden Blade","Masterful Stab"],"picked":"Quick Slash","floor":5},{"not_picked":["Predator","Hidden Blade"],"picked":"Poisoned Stab","floor":7},{"not_picked":["Heel Hook","Prepared"],"picked":"Well Laid Plans","floor":8},{"not_picked":["Poisoned Stab","Dodge and Roll"],"picked":"Replay:Bag of Tricks","floor":11},{"not_picked":["Flying Knee","Dagger Throw"],"picked":"Deadly Poison","floor":13},{"not_picked":["Blade Dance","Sucker Punch"],"picked":"Noxious Fumes+1","floor":14},{"not_picked":["Atom Bomb","Phantasmal Killer"],"picked":"After Image+1","floor":16},{"not_picked":["Prepared","Acrobatics"],"picked":"Deflect","floor":18},{"not_picked":["Bane","Leg Sweep"],"picked":"Escape Plan","floor":20},{"not_picked":["Dagger Spray","Backstab"],"picked":"Dodge and Roll","floor":24},{"not_picked":["Deadly Poison+1","Predator"],"picked":"Quick Slash+1","floor":25},{"not_picked":["Finisher","Sucker Punch+1"],"picked":"Dagger Throw","floor":28},{"not_picked":["Outmaneuver+1","Well Laid Plans+1","Acrobatics"],"picked":"SKIP","floor":31},{"not_picked":["Glass Knife","ReplayTheSpireMod:From All Sides"],"picked":"Tools of the Trade+1","floor":33},{"not_picked":["Toxin Wave","Hidden Blade"],"picked":"Prepared","floor":35},{"not_picked":["ReplayTheSpireMod:Speed Training+1","Dagger Throw+1"],"picked":"Dash+1","floor":37},{"not_picked":["Prepared+1","Sucker Punch"],"picked":"Backflip","floor":38},{"not_picked":["Crippling Poison+1","Unload","ReplayTheSpireMod:From All Sides"],"picked":"SKIP","floor":41},{"not_picked":["Flying Knee","Caltrops+1"],"picked":"Sneak Up","floor":42},{"not_picked":["Dash","Flechettes","Poisoned Stab+1"],"picked":"Blade Dance+1","floor":45},{"not_picked":["Blade Dance","ReplayTheSpireMod:Scrap Shanks+1","Quick Slash"],"picked":"Blur","floor":47}],"player_experience":71558,"relics_obtained":[{"floor":8,"key":"Replay:WaspNest"},{"floor":9,"key":"Snack Pack"},{"floor":11,"key":"Frozen Egg 2"},{"floor":26,"key":"MealTicket"},{"floor":41,"key":"Replay:Bottled Steam"},{"floor":43,"key":"Question Card"}],"event_choices":[{"damage_healed":0,"gold_gain":0,"player_choice":"Got Potions","damage_taken":0,"max_hp_gain":0,"max_hp_loss":0,"event_name":"Lab","floor":2,"gold_loss":0},{"damage_healed":0,"gold_gain":0,"player_choice":"Ignored","damage_taken":0,"max_hp_gain":0,"max_hp_loss":0,"event_name":"Shining Light","floor":10,"gold_loss":0},{"damage_healed":0,"gold_gain":0,"player_choice":"Read","damage_taken":0,"max_hp_gain":0,"max_hp_loss":0,"event_name":"The Library","floor":29,"gold_loss":0,"cards_obtained":["Caltrops"]},{"damage_healed":0,"gold_gain":0,"player_choice":"Simplicity","damage_taken":0,"max_hp_gain":0,"max_hp_loss":0,"event_name":"Back to Basics","floor":30,"gold_loss":0,"cards_upgraded":["Strike_G","Strike_G","Strike_G","Strike_G","Strike_G","Defend_G","Defend_G","Defend_G","Defend_G"]},{"cards_removed":["Strike_G"],"damage_healed":0,"gold_gain":0,"player_choice":"Offered Basic","damage_taken":0,"max_hp_gain":0,"max_hp_loss":0,"event_name":"Bonfire Elementals","floor":36,"gold_loss":0}],"is_beta":false,"boss_relics":[{"not_picked":["Cursed Key","Replay:Ancient Bell"],"picked":"Snecko Eye"},{"not_picked":["ChewingGum","Kintsugi"],"picked":"SlaversCollar"}],"items_purged_floors":[19,39],"is_endless":false,"potions_floor_spawned":[1,5,7,13,14,20,24,28,33,37,45],"killed_by":"Sphere and 2 Shapes","ascension_level":0}}