{"host":"mku5fdaoqz3qihec","time":1611729655,"event":{"mods":["2.2 Compatiblity","AchievementEnabler","Arknights The Spire","BaseMod","Colored Map","Colored Powertips","Hermit","Koishi","Minty Spire (QoL Compilation)","Rare Cards Sparkle","Replay The Spire","StSLib","SuperFastMode","The Bug Knight","The Dragon Tamer","The Runesmith","The Servant 0.9.4"],"gold_per_floor":[161,111,125,125,125,125,135,165,190,218,228,245,273,290,290,388,388,405,262,275,275,293,293,151,151,176,210,224,224,250,264,264,366,366,385,119,135,135,10,40,85,113,113,147,160,160,160,170,170,170,170,170,20,51,51],"floor_reached":56,"language":"KOR","playtime":2247,"items_purged":["ats:Defend","ats:Armor Crushing Shot","ats:Defend Order","ats:Collapsing Strike"],"score":1532,"play_id":"3334af70-40fc-4b83-86e7-6b69b1af5ac0","local_time":"20210127154055","is_ascension_mode":true,"campfire_choices":[{"data":"ats:Burning Ground","floor":6.0,"key":"SMITH"},{"floor":15.0,"key":"REST"},{"data":"ats:Emotion Absorption","floor":23.0,"key":"SMITH"},{"data":"ats:Sunburst","floor":25.0,"key":"SMITH"},{"floor":29.0,"key":"REST"},{"data":"ats:Ignite","floor":32.0,"key":"SMITH"},{"data":"ats:Nebulous Foxfire","floor":47.0,"key":"SMITH"},{"data":"ats:Closed Bolt Burst Fire","floor":49.0,"key":"PURGE"},{"data":"ats:Flame Of Heaven","floor":52,"key":"SMITH"}],"circlet_count":0,"master_deck":["ats:Emotion Absorption+1","ats:Very Hot Blade+1","ats:Absolute Focus","ats:Powerful Strike","ats:Burning Ground+1","ats:Ignite","ats:Directed Diagnosis","ats:Guardian Obelisk","ats:Guardian Obelisk","ats:Sunburst+1","ats:Literary Storm+1","ats:Ignite+1","ats:Wolf Pack","ats:Nebulous Foxfire+1","ats:Flame Of Heaven+1","ats:Absolute Focus","ats:Burning Ground+1","Specialist","ats:Burning Ground+1","ats:Literary Storm+1","ats:Charging Defense","ats:Rat Pack"],"relics":["Tiny House","ats:Originium","Juzu Bracelet","Blue Doll","Whetstone","Boot","ats:Tactical Delivery","Enchiridion","Thread and Needle","StoneCalendar","Pandora\u0027s Box","DollysMirror","Orichalcum","Unceasing Top","Replay:Bottled Steam","ReplayTheSpireMod:Ninjato","Gremlin Food","Snack Pack"],"acts_visited":["Exordium","TheCity","TheBeyond","TheEnding"],"potions_floor_usage":[55],"damage_taken":[{"damage":1.0,"enemies":"Cultist","floor":1.0,"turns":3.0},{"damage":7.0,"enemies":"Jaw Worm","floor":3.0,"turns":3.0},{"damage":0.0,"enemies":"2 Louse","floor":7.0,"turns":2.0},{"damage":36.0,"enemies":"Lagavulin","floor":8.0,"turns":5.0},{"damage":15.0,"enemies":"Replay:BlueRogue","floor":10.0,"turns":5.0},{"damage":10.0,"enemies":"Gremlin Gang","floor":11.0,"turns":2.0},{"damage":8.0,"enemies":"Large Slime","floor":12.0,"turns":4.0},{"damage":17.0,"enemies":"3 Sentries","floor":13.0,"turns":5.0},{"damage":4.0,"enemies":"2 Fungi Beasts","floor":14.0,"turns":2.0},{"damage":0.0,"enemies":"Slime Boss","floor":16.0,"turns":7.0},{"damage":7.0,"enemies":"Chosen","floor":18.0,"turns":4.0},{"damage":26.0,"enemies":"Snecko","floor":20.0,"turns":4.0},{"damage":12.0,"enemies":"Chosen and Byrds","floor":22.0,"turns":2.0},{"damage":22.0,"enemies":"Slavers","floor":27.0,"turns":4.0},{"damage":10.0,"enemies":"Shelled Parasite and Fungi","floor":28.0,"turns":4.0},{"damage":0.0,"enemies":"Gremlin Leader","floor":30.0,"turns":4.0},{"damage":0.0,"enemies":"3 Cultists","floor":31.0,"turns":3.0},{"damage":27.0,"enemies":"Pondfish","floor":33.0,"turns":10.0},{"damage":1.0,"enemies":"3 Shapes","floor":35.0,"turns":2.0},{"damage":0.0,"enemies":"3 Darklings","floor":37.0,"turns":3.0},{"damage":0.0,"enemies":"R_Hoarder","floor":40.0,"turns":4.0},{"damage":10.0,"enemies":"2 Orb Walkers","floor":41.0,"turns":2.0},{"damage":24.0,"enemies":"Nemesis","floor":42.0,"turns":4.0},{"damage":0.0,"enemies":"Reptomancer","floor":44.0,"turns":3.0},{"damage":9.0,"enemies":"Jaw Worm Horde","floor":45.0,"turns":2.0},{"damage":0.0,"enemies":"Maw","floor":48.0,"turns":5.0},{"damage":10,"enemies":"Replay:Hell Engine","floor":50,"turns":5},{"damage":0,"enemies":"Shield and Spear","floor":54,"turns":4},{"damage":49,"enemies":"The Heart","floor":55,"turns":9}],"seed_played":"-9070789115328269862","potions_obtained":[{"floor":0.0,"key":"PowerPotion"},{"floor":7.0,"key":"Block Potion"},{"floor":8.0,"key":"Explosive Potion"},{"floor":12.0,"key":"ats:Emergency Sanity Potion"},{"floor":16.0,"key":"AttackPotion"},{"floor":22.0,"key":"Fire Potion"},{"floor":27.0,"key":"Strength Potion"},{"floor":31.0,"key":"SpeedPotion"},{"floor":33.0,"key":"Explosive Potion"},{"floor":40.0,"key":"Cursed Concoction"},{"floor":41.0,"key":"EntropicBrew"},{"floor":48.0,"key":"FairyPotion"}],"is_trial":false,"path_per_floor":["M","?","M","?","?","R","M","E","T","E","M","M","E","M","R","B",null,"M","$","M","?","M","R","$","R","T","E","M","R","E","M","R","B",null,"M","$","M","?","$","E","?","E","T","E","M","?","R","M","R_BF","B",null,"R","$","E","B",null],"character_chosen":"DOCTOR_CLASS","items_purchased":["ats:Guardian Obelisk","ats:Literary Storm+1","ats:Burning Ground","Specialist","DollysMirror"],"campfire_rested":2,"item_purchase_floors":[19,24,36,36,36],"current_hp_per_floor":[76,76,69,74,74,74,74,58,58,43,33,30,18,14,38,38,82,75,75,49,33,26,26,26,26,26,9,10,34,39,39,39,17,82,82,82,82,82,82,82,72,58,58,58,54,54,54,61,61,56,82,82,82,82,57],"gold":51,"neow_bonus":"BOSS_RELIC","is_daily":false,"chose_seed":false,"campfire_upgraded":6,"win_rate":0.0,"timestamp":1611729655,"path_taken":["M","?","M","?","?","R","?","E","T","E","M","M","E","M","R","BOSS","M","$","M","?","M","R","$","R","T","E","M","R","E","M","R","BOSS","M","$","M","?","$","E","?","E","T","E","M","?","R","M","R_BF","BOSS","R","$","E","BOSS"],"items_purchased_type":["Card","Card","Card","Card","Relic"],"build_version":"2020-12-22","purchased_purges":4,"victory":true,"max_hp_per_floor":[77,77,77,82,82,82,82,82,82,82,82,82,82,82,82,82,82,82,82,82,82,82,82,82,82,82,82,82,82,82,82,82,82,82,82,82,82,82,82,82,82,82,82,82,82,82,82,82,82,82,82,82,82,82,82],"card_choices":[{"not_picked":["ats:Flexible Camouflage","ats:Revitalization"],"picked":"ats:Very Hot Blade","floor":0.0},{"not_picked":["ats:Leaping Hammer","ats:Explosion Area Strengthen"],"picked":"ats:Absolute Focus","floor":1.0},{"not_picked":["ats:Closed Bolt Burst Fire","ats:Explosion Area Strengthen"],"picked":"ats:Powerful Strike","floor":3.0},{"not_picked":["ats:Powerful Strike","ats:Revitalization","ats:Hammer On"],"picked":"SKIP","floor":7.0},{"not_picked":["ats:Curse Doll","ats:Part Time Job","ats:Phantom"],"picked":"SKIP","floor":8.0},{"not_picked":["ats:Echo Reverb","ats:Healing Strengthening"],"picked":"ats:Ignite","floor":10.0},{"not_picked":["ats:Phantom","ats:Leaping Hammer"],"picked":"ats:Directed Diagnosis","floor":11.0},{"not_picked":["ats:Consecutive Shot Auto","ats:Revitalization"],"picked":"ats:Guardian Obelisk","floor":12.0},{"not_picked":["ats:Guard Mode","ats:Revitalization","ats:Cat Scratch"],"picked":"SKIP","floor":13.0},{"not_picked":["ats:Guard Mode","ats:Revitalization","ats:Cat Scratch"],"picked":"SKIP","floor":13.0},{"not_picked":["ats:Flexible Camouflage","ats:Absolute Focus","ats:Curse Doll"],"picked":"SKIP","floor":14.0},{"not_picked":["ats:Cat Scratch","ats:Automatic Cover","ats:Defend Order+1"],"picked":"SKIP","floor":18.0},{"not_picked":["ats:Curse Doll+1","ats:Guard Mode"],"picked":"ats:Sunburst","floor":20.0},{"not_picked":["ats:Absolute Focus","ats:Hammer On","ats:Explosion Area Strengthen"],"picked":"SKIP","floor":22.0},{"not_picked":["ats:Apocalypse","ats:Shadow Raid","ats:Closed Bolt Burst Fire+1"],"picked":"SKIP","floor":27.0},{"not_picked":["ats:Guard Mode","ats:Composite Medical Shells"],"picked":"ats:Ignite","floor":28.0},{"not_picked":["ats:Rapid Magazine","ats:Durian","ats:Absolute Focus+1"],"picked":"SKIP","floor":30.0},{"not_picked":["ats:Leaping Hammer+1","ats:Serious Mode","ats:Powerful Strike"],"picked":"SKIP","floor":31.0},{"not_picked":["ats:True Silver Slash","ats:Shadow Assault"],"picked":"ats:Wolf Pack","floor":33.0},{"not_picked":["ats:Absolute Focus+1","ats:Spore Proliferation+1","ats:Beaten Up+1"],"picked":"SKIP","floor":35.0},{"not_picked":["ats:Revitalization","ats:Hammer On+1","ats:Curse Doll"],"picked":"SKIP","floor":37.0},{"not_picked":["ats:Flexible Camouflage","ats:Revitalization","ats:Leaping Hammer"],"picked":"SKIP","floor":40.0},{"not_picked":["ats:Automatic Cover+1","ats:Curse Doll+1"],"picked":"ats:Literary Storm+1","floor":41.0},{"not_picked":["ats:Consecutive Shot Auto+1","ats:Cat Scratch+1","ats:Blood Oath"],"picked":"SKIP","floor":42.0},{"not_picked":["ats:Nebulous Foxfire","ats:Part Time Job"],"picked":"ats:Charging Defense","floor":44.0},{"not_picked":["ats:Revitalization+1","ats:Beaten Up+1","ats:Serious Mode+1"],"picked":"SKIP","floor":45.0},{"not_picked":["ats:LN2 Cannon+1","ats:Revitalization","ats:Sword Rain+1"],"picked":"SKIP","floor":48.0},{"not_picked":["ats:Directed Diagnosis+1","ats:Apocalypse+1"],"picked":"ats:Rat Pack","floor":54}],"player_experience":275989,"relics_obtained":[{"floor":8.0,"key":"ats:Originium"},{"floor":8.0,"key":"Juzu Bracelet"},{"floor":9.0,"key":"Blue Doll"},{"floor":10.0,"key":"ats:Originium"},{"floor":10.0,"key":"Whetstone"},{"floor":13.0,"key":"ats:Originium"},{"floor":13.0,"key":"Boot"},{"floor":21.0,"key":"Enchiridion"},{"floor":27.0,"key":"Thread and Needle"},{"floor":30.0,"key":"StoneCalendar"},{"floor":40.0,"key":"Orichalcum"},{"floor":41.0,"key":"Unceasing Top"},{"floor":42.0,"key":"Replay:Bottled Steam"},{"floor":43.0,"key":"ReplayTheSpireMod:Ninjato"},{"floor":44.0,"key":"Gremlin Food"},{"floor":54,"key":"Snack Pack"}],"event_choices":[{"cards_removed":["ats:Strike S"],"damage_healed":0.0,"max_hp_gain":0.0,"max_hp_loss":0.0,"gold_gain":0.0,"event_name":"The Cleric","player_choice":"Card Removal","floor":2.0,"gold_loss":50.0,"damage_taken":0.0},{"damage_healed":0.0,"max_hp_gain":5.0,"max_hp_loss":0.0,"gold_gain":0.0,"event_name":"Big Fish","player_choice":"Donut","floor":4.0,"gold_loss":0.0,"damage_taken":0.0},{"damage_healed":0.0,"max_hp_gain":0.0,"max_hp_loss":0.0,"gold_gain":0.0,"event_name":"Match and Keep!","player_choice":"1 cards matched","floor":5.0,"gold_loss":0.0,"damage_taken":0.0,"cards_obtained":["ats:Burning Ground"]},{"damage_healed":0.0,"max_hp_gain":0.0,"max_hp_loss":0.0,"gold_gain":0.0,"event_name":"Cursed Tome","player_choice":"Obtained Book","floor":21.0,"gold_loss":0.0,"damage_taken":16.0},{"damage_healed":0.0,"max_hp_gain":0.0,"max_hp_loss":0.0,"gold_gain":0.0,"event_name":"Mysterious Sphere","player_choice":"Fight","floor":41.0,"gold_loss":0.0,"damage_taken":0.0},{"damage_healed":0.0,"max_hp_gain":0.0,"max_hp_loss":0.0,"gold_gain":0.0,"event_name":"Accursed Blacksmith","player_choice":"Forge","floor":46.0,"gold_loss":0.0,"damage_taken":0.0,"cards_upgraded":["ats:Burning Ground"]}],"is_beta":false,"boss_relics":[{"not_picked":["Cursed Key","ChewingGum"],"picked":"ats:Tactical Delivery"},{"not_picked":["Black Star","Honey Jar"],"picked":"Pandora\u0027s Box"}],"items_purged_floors":[19,24,39,53],"is_endless":false,"potions_floor_spawned":[7,8,12,16,22,27,31,33,40,41,42,48],"ascension_level":2}}