{"host":"viyd71xeozj4rs5s","time":1611784077,"event":{"mods":["BaseMod","Bestiary","BetterRewards","Colored Powertips","Hermit","Minty Spire (QoL Compilation)","StSLib"],"gold_per_floor":[111,61,9,9,9,9,50,70,93,111,141,141,171,191,191,322,322,347,347,194,213,243,248,248],"floor_reached":23,"language":"ENG","playtime":2375,"items_purged":["hermit:Defend_Hermit"],"score":218,"play_id":"1fbc34d6-88ba-428b-a8d7-29c7c9c060b0","local_time":"20210128004757","is_ascension_mode":false,"campfire_choices":[{"data":"hermit:Quickdraw","floor":6,"key":"SMITH"},{"data":"hermit:Snapshot","floor":12,"key":"SMITH"},{"data":"hermit:Combo","floor":15,"key":"SMITH"}],"circlet_count":0,"master_deck":["hermit:Strike_Hermit","hermit:Strike_Hermit","hermit:Strike_Hermit","hermit:Defend_Hermit","hermit:Defend_Hermit","hermit:Defend_Hermit","hermit:Snapshot+1","hermit:Covet","hermit:Scavenge","hermit:Quickdraw+1","hermit:Gestalt","hermit:Brawl","hermit:Combo+1","hermit:Magnum","hermit:BlackWind","hermit:Maintenance","Pain","hermit:TakeAim","hermit:CursedWeapon"],"relics":["hermit:Momento","NeowsBlessing","Golden Idol","Potion Belt","Akabeko","hermit:BartenderGlass","WarpedTongs"],"acts_visited":["Exordium","TheCity"],"potions_floor_usage":[13,16,23,23,23],"damage_taken":[{"damage":0,"enemies":"Small Slimes","floor":1,"turns":1},{"damage":0,"enemies":"3 Sentries","floor":7,"turns":1},{"damage":0,"enemies":"2 Louse","floor":8,"turns":1},{"damage":0,"enemies":"Cultist","floor":10,"turns":3},{"damage":0,"enemies":"3 Louse","floor":11,"turns":3},{"damage":6,"enemies":"Exordium Thugs","floor":13,"turns":4},{"damage":4,"enemies":"Gremlin Gang","floor":14,"turns":4},{"damage":37,"enemies":"Hexaghost","floor":16,"turns":11},{"damage":34,"enemies":"3 Byrds","floor":18,"turns":8},{"damage":13,"enemies":"2 Thieves","floor":21,"turns":3},{"damage":4,"enemies":"Snake Plant","floor":22,"turns":3},{"damage":31,"enemies":"Book of Stabbing","floor":23,"turns":7}],"seed_played":"-3511662897726653435","potions_obtained":[{"floor":7,"key":"Strength Potion"},{"floor":10,"key":"BlessingOfTheForge"},{"floor":11,"key":"EssenceOfSteel"},{"floor":13,"key":"Fruit Juice"},{"floor":16,"key":"hermit:Tonic"},{"floor":18,"key":"Weak Potion"},{"floor":22,"key":"LiquidBronze"}],"is_trial":false,"path_per_floor":["M","?","$","?","?","R","E","M","T","M","M","R","M","M","R","B",null,"M","?","$","M","M","E"],"character_chosen":"HERMIT","items_purchased":["hermit:Quickdraw","hermit:TakeAim"],"campfire_rested":0,"item_purchase_floors":[3,20],"current_hp_per_floor":[75,75,75,57,50,50,50,50,50,50,50,50,49,45,45,8,80,46,46,46,33,29,0,0],"gold":248,"neow_bonus":"THREE_ENEMY_KILL","is_daily":false,"chose_seed":false,"campfire_upgraded":3,"win_rate":0.0,"timestamp":1611784077,"path_taken":["M","?","$","?","?","R","E","M","T","?","M","R","M","M","R","BOSS","M","?","$","?","?","E"],"items_purchased_type":["Card","Card"],"build_version":"2020-12-22","purchased_purges":1,"victory":false,"max_hp_per_floor":[75,75,75,75,75,75,75,75,75,75,75,75,80,80,80,80,80,80,80,80,80,80,80,80],"card_choices":[{"not_picked":["hermit:SprayPray","hermit:Malice"],"picked":"hermit:Scavenge","floor":1},{"not_picked":["hermit:CalledShot","hermit:Quickdraw","hermit:Gambit"],"picked":"SKIP","floor":7},{"not_picked":["hermit:Roulette","hermit:Snipe","hermit:Grudge"],"picked":"SKIP","floor":8},{"not_picked":["hermit:HighCaliber","hermit:Showdown"],"picked":"hermit:Gestalt","floor":10},{"not_picked":["hermit:GoldenBullet","hermit:ItchyTrigger"],"picked":"hermit:Brawl","floor":11},{"not_picked":["hermit:LowProfile","hermit:Misfire"],"picked":"hermit:Combo","floor":13},{"not_picked":["hermit:LoneWolf","hermit:Coalescence"],"picked":"hermit:Magnum","floor":14},{"not_picked":["hermit:OverwhelmingPower","hermit:Reprieve"],"picked":"hermit:BlackWind","floor":16},{"not_picked":["hermit:ItchyTrigger+1","hermit:WideOpen+1"],"picked":"hermit:Maintenance","floor":18},{"not_picked":["hermit:Ricochet","hermit:Misfire"],"picked":"hermit:CursedWeapon","floor":21},{"not_picked":["hermit:Roulette","hermit:ItchyTrigger+1","hermit:PistolWhip"],"picked":"SKIP","floor":22}],"player_experience":654605,"relics_obtained":[{"floor":7,"key":"Potion Belt"},{"floor":9,"key":"Akabeko"}],"event_choices":[{"cards_removed":["hermit:Strike_Hermit"],"damage_healed":0,"gold_gain":0,"player_choice":"Card Removal","damage_taken":0,"max_hp_gain":0,"max_hp_loss":0,"event_name":"The Cleric","floor":2,"gold_loss":50},{"damage_healed":0,"gold_gain":0,"player_choice":"Take Damage","damage_taken":18,"relics_obtained":["Golden Idol"],"max_hp_gain":0,"max_hp_loss":0,"event_name":"Golden Idol","floor":4,"gold_loss":0},{"damage_healed":0,"gold_gain":0,"player_choice":"Damaged","damage_taken":7,"max_hp_gain":0,"max_hp_loss":0,"event_name":"Wheel of Change","floor":5,"gold_loss":0},{"damage_healed":0,"gold_gain":0,"player_choice":"Rummage","damage_taken":0,"relics_obtained":["WarpedTongs"],"max_hp_gain":0,"max_hp_loss":0,"event_name":"Accursed Blacksmith","floor":19,"gold_loss":0,"cards_obtained":["Pain"]}],"is_beta":false,"boss_relics":[{"not_picked":["Tiny House","hermit:ClaspedLocket"],"picked":"hermit:BartenderGlass"}],"items_purged_floors":[20],"is_endless":false,"potions_floor_spawned":[7,10,11,13,16,18,22],"killed_by":"Book of Stabbing","ascension_level":0}}