{"host":"w8jq41i5zn1fudf9","time":1611786366,"event":{"mods":["AchievementEnabler","BaseMod","Colored Map","Colored Powertips","Curses Come First","GifTheSpireLib","Googly Eyes","Minty Spire (QoL Compilation)","Quick Restart","Rare Cards Sparkle","Relic Stats","StSLib","The Awakened One except there are too many feathers","egg","everything is the same but u backflip on backflip","slay the spire mod where everything is the same but ironclad has a cowboy hat"],"gold_per_floor":[115,40,115,132,151,151,10,44,44,44,60,60,74,74,74,178,178,188,221,221,234,234,234,260,272,272,272,116,128,128,142,142,243,243,258,258,258,271,17,17,17,28,28,44,44,44],"floor_reached":45,"language":"ENG","playtime":1334,"items_purged":["Decay","Strike_B"],"score":459,"play_id":"f5e0ecb7-6d6d-4159-bb5c-079d07932ee2","local_time":"20210127152606","is_ascension_mode":true,"campfire_choices":[{"data":"Zap","floor":6,"key":"SMITH"},{"floor":15,"key":"REST"},{"data":"Multi-Cast","floor":23,"key":"SMITH"},{"data":"Fusion","floor":27,"key":"SMITH"},{"data":"Defragment","floor":30,"key":"SMITH"},{"floor":32,"key":"REST"},{"data":"Chill","floor":40,"key":"SMITH"}],"circlet_count":0,"master_deck":["Strike_B","Strike_B","Strike_B","Defend_B","Defend_B","Defend_B","Defend_B","Zap+1","Dualcast","Ball Lightning","Doom and Gloom","Cold Snap","Reboot","Multi-Cast+1","Self Repair","Fusion+1","Reboot","Cold Snap","Static Discharge+1","Chill+1","Parasite","Sweeping Beam","Clumsy","Defragment+1","Chaos","Electrodynamics","Ball Lightning+1","Conserve Battery+1","Injury"],"relics":["Cracked Core","Torii","Pear","Darkstone Periapt","Calipers","Cursed Key","Red Mask","MutagenicStrength","Bag of Marbles","Du-Vu Doll","Nuclear Battery","Chemical X","Ornamental Fan"],"acts_visited":["Exordium","TheCity","TheBeyond"],"potions_floor_usage":[8,19,21,33],"damage_taken":[{"damage":1,"enemies":"2 Louse","floor":1,"turns":2},{"damage":7,"enemies":"Jaw Worm","floor":4,"turns":3},{"damage":7,"enemies":"Small Slimes","floor":5,"turns":2},{"damage":18,"enemies":"3 Sentries","floor":8,"turns":5},{"damage":6,"enemies":"3 Louse","floor":11,"turns":2},{"damage":10,"enemies":"Looter","floor":13,"turns":2},{"damage":15,"enemies":"Slime Boss","floor":16,"turns":7},{"damage":21,"enemies":"Spheric Guardian","floor":18,"turns":4},{"damage":20,"enemies":"Masked Bandits","floor":19,"turns":4},{"damage":4,"enemies":"3 Byrds","floor":21,"turns":4},{"damage":17,"enemies":"Centurion and Healer","floor":25,"turns":6},{"damage":0,"enemies":"Snake Plant","floor":29,"turns":2},{"damage":14,"enemies":"Snecko","floor":31,"turns":4},{"damage":51,"enemies":"Collector","floor":33,"turns":9},{"damage":1,"enemies":"Orb Walker","floor":35,"turns":4},{"damage":8,"enemies":"3 Darklings","floor":38,"turns":4},{"damage":51,"enemies":"Transient","floor":42,"turns":5},{"damage":50,"enemies":"Spire Growth","floor":44,"turns":5},{"damage":7,"enemies":"3 Darklings","floor":45,"turns":2}],"seed_played":"3069610495819216491","potions_obtained":[{"floor":1,"key":"PowerPotion"},{"floor":11,"key":"Swift Potion"},{"floor":19,"key":"Energy Potion"},{"floor":21,"key":"FearPotion"},{"floor":25,"key":"FearPotion"},{"floor":42,"key":"Dexterity Potion"}],"is_trial":false,"path_per_floor":["M","$","?","M","M","R","$","E","T","$","M","?","M","?","R","B",null,"M","?","?","M","?","R","T","M","T","R","$","M","R","M","R","B",null,"M","?","?","M","$","R","$","M","T","M","M"],"character_chosen":"DEFECT","items_purchased":["Doom and Gloom","Multi-Cast","Defragment","Chemical X"],"campfire_rested":2,"item_purchase_floors":[2,7,28,39],"current_hp_per_floor":[67,67,56,49,42,42,42,34,34,34,35,61,58,58,78,70,78,64,51,51,54,60,60,66,56,62,62,62,62,62,48,76,32,96,95,95,91,90,90,90,90,46,52,2,0,0],"gold":44,"neow_bonus":"ONE_RARE_RELIC","is_daily":false,"chose_seed":false,"campfire_upgraded":5,"win_rate":0.0,"timestamp":1611786366,"path_taken":["M","$","?","M","M","R","$","E","T","$","M","?","?","?","R","BOSS","M","?","?","M","?","R","?","?","T","R","$","M","R","M","R","BOSS","M","?","?","M","$","R","$","M","T","M","M"],"items_purchased_type":["Card","Card","Card","Relic"],"build_version":"2020-12-22","purchased_purges":2,"victory":false,"max_hp_per_floor":[68,68,68,68,68,68,68,78,78,78,78,78,78,78,78,78,78,78,78,78,78,84,84,90,90,96,96,96,96,96,96,96,96,96,96,96,91,91,91,91,91,91,97,97,97,97],"relic_stats":{"Darkstone Periapt":24,"Torii":41,"counters":[19,76],"Ornamental Fan":[4],"Chemical X":[3],"Cursed Key":3,"obtain_stats":[{"Darkstone Periapt":9,"Pear":8,"Calipers":14,"Torii":0,"Cursed Key":17,"Nuclear Battery":34,"Du-Vu Doll":26,"Ornamental Fan":43,"MutagenicStrength":20,"Red Mask":19,"Bag of Marbles":24,"Chemical X":39,"Cracked Core":0},{"Darkstone Periapt":4,"Pear":4,"Calipers":6,"Torii":0,"Cursed Key":7,"Nuclear Battery":14,"Du-Vu Doll":11,"Ornamental Fan":17,"MutagenicStrength":9,"Red Mask":9,"Bag of Marbles":10,"Chemical X":16,"Cracked Core":0},{"Darkstone Periapt":12,"Pear":12,"Calipers":16,"Torii":0,"Cursed Key":23,"Nuclear Battery":56,"Du-Vu Doll":41,"Ornamental Fan":69,"MutagenicStrength":31,"Red Mask":31,"Bag of Marbles":35,"Chemical X":64,"Cracked Core":0}]},"card_choices":[{"not_picked":["Streamline","Beam Cell"],"picked":"Ball Lightning","floor":1},{"not_picked":["Consume","Turbo"],"picked":"Cold Snap","floor":4},{"not_picked":["Recycle","FTL"],"picked":"Reboot","floor":5},{"not_picked":["Capacitor","Steam"],"picked":"Self Repair","floor":8},{"not_picked":["Tempest","Go for the Eyes","Blizzard"],"picked":"SKIP","floor":11},{"not_picked":["FTL","Hologram"],"picked":"Fusion","floor":13},{"not_picked":["Amplify","Meteor Strike"],"picked":"Reboot","floor":16},{"not_picked":["Coolheaded","Double Energy"],"picked":"Cold Snap","floor":18},{"not_picked":["Darkness","Go for the Eyes"],"picked":"Static Discharge+1","floor":19},{"not_picked":["Auto Shields","Conserve Battery+1"],"picked":"Chill","floor":21},{"not_picked":["Rip and Tear","Fusion"],"picked":"Sweeping Beam","floor":25},{"not_picked":["Stack","Heatsinks","Steam Power"],"picked":"SKIP","floor":29},{"not_picked":["Gash","Go for the Eyes+1"],"picked":"Chaos","floor":31},{"not_picked":["Thunder Strike","Core Surge"],"picked":"Electrodynamics","floor":33},{"not_picked":["Barrage","Lockon","Beam Cell"],"picked":"SKIP","floor":35},{"not_picked":["Rebound","Stack+1"],"picked":"Ball Lightning+1","floor":38},{"not_picked":["Capacitor","Fusion"],"picked":"Conserve Battery+1","floor":42},{"not_picked":["Undo+1","Steam","Consume"],"picked":"SKIP","floor":44}],"player_experience":66385,"relics_obtained":[{"floor":8,"key":"Pear"},{"floor":9,"key":"Darkstone Periapt"},{"floor":19,"key":"Red Mask"},{"floor":24,"key":"Bag of Marbles"},{"floor":26,"key":"Du-Vu Doll"},{"floor":43,"key":"Ornamental Fan"}],"event_choices":[{"damage_healed":0,"gold_gain":75,"player_choice":"Gather Gold","damage_taken":11,"max_hp_gain":0,"max_hp_loss":0,"event_name":"World of Goop","floor":3,"gold_loss":0},{"damage_healed":26,"gold_gain":0,"player_choice":"Banana","damage_taken":0,"max_hp_gain":0,"max_hp_loss":0,"event_name":"Big Fish","floor":12,"gold_loss":0},{"damage_healed":0,"gold_gain":0,"player_choice":"Searched \u00271\u0027 times","damage_taken":0,"relics_obtained":["Calipers"],"max_hp_gain":0,"max_hp_loss":0,"event_name":"Dead Adventurer","floor":14,"gold_loss":0},{"damage_healed":0,"gold_gain":0,"player_choice":"Fought Bandits","damage_taken":0,"max_hp_gain":0,"max_hp_loss":0,"event_name":"Masked Bandits","floor":19,"gold_loss":0},{"damage_healed":0,"gold_gain":0,"player_choice":"Inject Mutagens","damage_taken":0,"relics_obtained":["MutagenicStrength"],"max_hp_gain":0,"max_hp_loss":0,"event_name":"Drug Dealer","floor":20,"gold_loss":0},{"damage_healed":0,"gold_gain":0,"player_choice":"Smashed Altar","damage_taken":0,"max_hp_gain":0,"max_hp_loss":0,"event_name":"Forgotten Altar","floor":22,"gold_loss":0,"cards_obtained":["Decay"]},{"damage_healed":0,"gold_gain":0,"player_choice":"Memory 1","damage_taken":0,"max_hp_gain":0,"max_hp_loss":0,"event_name":"SensoryStone","floor":36,"gold_loss":0},{"damage_healed":0,"gold_gain":0,"player_choice":"Max HP","damage_taken":0,"max_hp_gain":0,"max_hp_loss":5,"event_name":"Winding Halls","floor":37,"gold_loss":0}],"is_beta":false,"boss_relics":[{"not_picked":["Philosopher\u0027s Stone","Calling Bell"],"picked":"Cursed Key"},{"not_picked":["FrozenCore","Tiny House"],"picked":"Nuclear Battery"}],"items_purged_floors":[28,39],"is_endless":false,"potions_floor_spawned":[1,11,19,21,25,42],"killed_by":"3 Darklings","ascension_level":1}}