{"host":"cijhj3091wf4aho3","time":1611731063,"event":{"mods":["BaseMod","Colored Map","Colored Powertips","Downfall","Friendly Minions","GifTheSpireLib","Highlight Path","Minty Spire (QoL Compilation)","Permanent Neow","Random Character Button","Relic Sorter","Relic Stats","StSLib","everything is the same but u backflip on backflip","slay the spire mod where everything is the same but ironclad has a cowboy hat"],"gold_per_floor":[99,114,125,125,135,167,194,106,134,181,207,237,149,231,256,268,268,268],"floor_reached":16,"language":"ENG","playtime":6464,"items_purged":[],"score":125,"play_id":"ccfe71ce-1e92-45fc-9e60-731c075de6ae","local_time":"20210126230423","is_ascension_mode":true,"campfire_choices":[{"floor":1,"key":"RECALL"},{"data":"bronze:Flail","floor":8,"key":"SMITH"},{"data":"bronze:DelayedGuard","floor":13,"key":"SMITH"}],"circlet_count":0,"master_deck":["bronze:Strike","bronze:Strike","bronze:Strike","bronze:Strike","bronze:Defend","bronze:Defend","bronze:Defend","bronze:Defend","bronze:Replicate","bronze:Goto+1","bronze:Shell","bronze:Frontload","bronze:Flail+1","bronze:Mutator+1","bronze:DelayedGuard+1","bronze:Frontload","bronze:Repair"],"relics":["bronze:BronzeCore","Vajra","Frozen Egg 2","MawBank","downfall:HeartBlessingRed","Gambling Chip","downfall:HeartBlessingGreen","HornCleat"],"acts_visited":["Exordium"],"potions_floor_usage":[16],"damage_taken":[{"damage":1,"enemies":"Cultist","floor":2,"turns":4},{"damage":6,"enemies":"2 Louse","floor":3,"turns":3},{"damage":2,"enemies":"Jaw Worm","floor":5,"turns":6},{"damage":6,"enemies":"Gremlin Nob","floor":6,"turns":5},{"damage":2,"enemies":"2 Fungi Beasts","floor":9,"turns":3},{"damage":9,"enemies":"Lagavulin","floor":10,"turns":8},{"damage":1,"enemies":"Large Slime","floor":11,"turns":6},{"damage":0,"enemies":"3 Louse","floor":12,"turns":1},{"damage":0,"enemies":"2 Fungi Beasts","floor":15,"turns":3},{"damage":47,"enemies":"SI_SHIV_ARCHETYPE","floor":16,"turns":11}],"seed_played":"-3548426682017416751","potions_obtained":[{"floor":5,"key":"bronze:FreeFunctionsPotion"},{"floor":10,"key":"AttackPotion"},{"floor":12,"key":"LiquidBronze"}],"is_trial":false,"path_per_floor":["R","M","M","?","M","E","T","R","M","E","M","M","R","T","M","B"],"character_chosen":"THE_AUTOMATON","items_purchased":[],"campfire_rested":0,"item_purchase_floors":[],"current_hp_per_floor":[70,69,63,56,54,48,48,48,46,37,36,36,36,36,36,0,0,0],"gold":268,"neow_bonus":"UPGRADE_CARD","is_daily":false,"chose_seed":false,"campfire_upgraded":2,"win_rate":0.0,"timestamp":1611731063,"path_taken":["R","M","?","?","M","E","T","R","M","E","M","M","R","?","M","BOSS"],"items_purchased_type":[],"build_version":"2020-12-22","purchased_purges":0,"victory":false,"max_hp_per_floor":[70,70,70,70,70,70,70,70,70,70,70,70,70,70,70,70,70,70],"relic_stats":{"counters":[10,50],"Gambling Chip":[14],"MawBank":108,"obtain_stats":[{"bronze:BronzeCore":0,"HornCleat":14,"downfall:HeartBlessingRed":8,"Gambling Chip":10,"Vajra":4,"downfall:HeartBlessingGreen":13,"Frozen Egg 2":6,"MawBank":7},{"bronze:BronzeCore":0,"HornCleat":8,"downfall:HeartBlessingRed":4,"Gambling Chip":6,"Vajra":2,"downfall:HeartBlessingGreen":8,"Frozen Egg 2":4,"MawBank":4},{"bronze:BronzeCore":0,"HornCleat":36,"downfall:HeartBlessingRed":18,"Gambling Chip":29,"Vajra":7,"downfall:HeartBlessingGreen":36,"Frozen Egg 2":18,"MawBank":18}]},"card_choices":[{"not_picked":["bronze:WildBeam","bronze:Allocate"],"picked":"bronze:Shell","floor":2},{"not_picked":["bronze:BronzeArmor","bronze:BuggyMess"],"picked":"bronze:Frontload","floor":3},{"not_picked":["bronze:Shield","bronze:DelayedSlice"],"picked":"bronze:Flail","floor":5},{"not_picked":["bronze:Refactor","bronze:Terminator"],"picked":"bronze:Mutator+1","floor":6},{"not_picked":["bronze:Separator","bronze:DelayedGuard","bronze:CloningBeam"],"picked":"SKIP","floor":9},{"not_picked":["bronze:Separator","bronze:CloningBeam"],"picked":"bronze:DelayedGuard","floor":9},{"not_picked":["bronze:Refactor","bronze:CutThrough","bronze:Turbo"],"picked":"SKIP","floor":10},{"not_picked":["bronze:GetLatest","bronze:OilSpill","bronze:Shield"],"picked":"SKIP","floor":11},{"not_picked":["bronze:Invalidate","bronze:CloningBeam"],"picked":"bronze:Frontload","floor":12},{"not_picked":["bronze:BugBarrage","bronze:Refactor"],"picked":"bronze:Repair","floor":15}],"player_experience":519171,"relics_obtained":[{"floor":6,"key":"Frozen Egg 2"},{"floor":7,"key":"MawBank"},{"floor":10,"key":"Gambling Chip"},{"floor":14,"key":"HornCleat"}],"event_choices":[{"damage_healed":0,"gold_gain":0,"player_choice":"Success","damage_taken":7,"relics_obtained":["Vajra"],"max_hp_gain":0,"max_hp_loss":0,"event_name":"Scrap Ooze","floor":4,"gold_loss":0}],"is_beta":false,"boss_relics":[],"items_purged_floors":[],"is_endless":false,"potions_floor_spawned":[5,10,12],"killed_by":"SI_SHIV_ARCHETYPE","ascension_level":2}}