{"host":"ddnlm33rmqyizb8g","time":1611712255,"event":{"mods":["BaseMod","Colored Map","Colored Powertips","Minty Spire (QoL Compilation)"],"gold_per_floor":[109,126,140,63,63,63,74,106,106,106,126,126,126,143,143,245,245,258,240,240,256,209,209,227,241,241,97,97,111,111,111,111,214,214,225,239,254,254,254],"floor_reached":38,"language":"ENG","playtime":1885,"items_purged":["Strike_G"],"score":430,"play_id":"d7d8733e-b8e1-45f8-8c75-0abf22d6b129","local_time":"20210126205055","is_ascension_mode":false,"campfire_choices":[{"data":"Noxious Fumes","floor":6,"key":"SMITH"},{"data":"Well Laid Plans","floor":10,"key":"SMITH"},{"data":"Footwork","floor":12,"key":"SMITH"},{"floor":15,"key":"REST"},{"data":"After Image","floor":23,"key":"SMITH"},{"data":"Accuracy","floor":28,"key":"SMITH"},{"data":"Cloak And Dagger","floor":30,"key":"SMITH"},{"data":"Deadly Poison","floor":32,"key":"SMITH"}],"circlet_count":0,"master_deck":["Strike_G","Strike_G","Strike_G","Strike_G+1","Defend_G","Defend_G","Defend_G+1","Defend_G","Defend_G","Survivor","Neutralize","Cloak And Dagger","Footwork+1","Terror","Noxious Fumes+1","Well Laid Plans+1","Backstab","Storm of Steel","Neutralize","Bane","After Image+1","Cloak And Dagger+1","Deadly Poison+1","Cloak And Dagger+1","Backflip+1","Accuracy+1","Backflip+1","A Thousand Cuts","Blade Dance+1"],"relics":["Ring of the Snake","Question Card","Coffee Dripper","MutagenicStrength","Ginger","WristBlade"],"acts_visited":["Exordium","TheCity","TheBeyond"],"potions_floor_usage":[19,19],"damage_taken":[{"damage":2,"enemies":"Cultist","floor":1,"turns":5},{"damage":0,"enemies":"Jaw Worm","floor":2,"turns":7},{"damage":0,"enemies":"2 Louse","floor":3,"turns":4},{"damage":18,"enemies":"Gremlin Gang","floor":7,"turns":5},{"damage":16,"enemies":"3 Sentries","floor":8,"turns":8},{"damage":2,"enemies":"Large Slime","floor":11,"turns":7},{"damage":0,"enemies":"3 Louse","floor":14,"turns":4},{"damage":25,"enemies":"The Guardian","floor":16,"turns":10},{"damage":1,"enemies":"Chosen","floor":18,"turns":4},{"damage":37,"enemies":"2 Thieves","floor":19,"turns":4},{"damage":15,"enemies":"Snake Plant","floor":21,"turns":5},{"damage":8,"enemies":"Centurion and Healer","floor":24,"turns":7},{"damage":7,"enemies":"Shelled Parasite and Fungi","floor":25,"turns":7},{"damage":3,"enemies":"Sentry and Sphere","floor":29,"turns":6},{"damage":0,"enemies":"Champ","floor":33,"turns":11},{"damage":0,"enemies":"Orb Walker","floor":35,"turns":2},{"damage":24,"enemies":"3 Darklings","floor":36,"turns":5},{"damage":20,"enemies":"Jaw Worm Horde","floor":37,"turns":4},{"damage":31,"enemies":"Transient","floor":38,"turns":3}],"seed_played":"5734937197727498865","potions_obtained":[{"floor":1,"key":"ColorlessPotion"},{"floor":8,"key":"ColorlessPotion"},{"floor":11,"key":"SteroidPotion"},{"floor":14,"key":"Regen Potion"},{"floor":21,"key":"Strength Potion"},{"floor":24,"key":"SteroidPotion"},{"floor":25,"key":"DistilledChaos"}],"is_trial":false,"path_per_floor":["M","M","M","$","?","R","M","E","T","R","M","R","?","M","R","B",null,"M","M","?","M","$","R","M","M","T","$","R","M","R","?","R","B",null,"M","M","M","M"],"character_chosen":"THE_SILENT","items_purchased":["Noxious Fumes","Deadly Poison","Accuracy"],"campfire_rested":1,"item_purchase_floors":[4,22,27],"current_hp_per_floor":[68,68,68,68,54,54,36,20,20,20,18,18,18,18,39,14,70,69,41,41,26,26,26,18,11,11,11,11,8,8,8,8,8,70,70,46,26,0,0],"gold":254,"neow_bonus":"THREE_CARDS","is_daily":false,"chose_seed":false,"campfire_upgraded":7,"win_rate":0.0,"timestamp":1611712255,"path_taken":["M","M","M","?","?","R","M","E","T","R","M","R","?","?","R","BOSS","M","M","?","M","$","R","M","M","T","$","R","M","R","?","R","BOSS","M","M","M","M"],"items_purchased_type":["Card","Card","Card"],"build_version":"2020-12-22","purchased_purges":1,"victory":false,"max_hp_per_floor":[70,70,70,70,70,70,70,70,70,70,70,70,70,70,70,70,70,70,70,70,70,70,70,70,70,70,70,70,70,70,70,70,70,70,70,70,70,70,70],"card_choices":[{"not_picked":["PiercingWail","Catalyst"],"picked":"Cloak And Dagger","floor":0},{"not_picked":["Dodge and Roll","Blade Dance"],"picked":"Footwork","floor":1},{"not_picked":["Catalyst","Acrobatics","Crippling Poison"],"picked":"SKIP","floor":2},{"not_picked":["Leg Sweep","PiercingWail"],"picked":"Terror","floor":3},{"not_picked":["Slice","Tactician","PiercingWail"],"picked":"SKIP","floor":7},{"not_picked":["Venomology","Backflip"],"picked":"Well Laid Plans","floor":8},{"not_picked":["Flying Knee","Underhanded Strike","Expertise"],"picked":"Backstab","floor":11},{"not_picked":["Outmaneuver","Poisoned Stab","Backflip"],"picked":"Bane","floor":14},{"not_picked":["Storm of Steel","Tools of the Trade","Die Die Die"],"picked":"After Image","floor":16},{"not_picked":["Slice+1","Bouncing Flask","Outmaneuver","Bane"],"picked":"SKIP","floor":18},{"not_picked":["Concentrate+1","Flying Knee","Distraction","Dagger Spray"],"picked":"SKIP","floor":19},{"not_picked":["Reflex","Dodge and Roll","Sucker Punch"],"picked":"Cloak And Dagger","floor":21},{"not_picked":["Poisoned Stab","Flying Knee+1","Acrobatics"],"picked":"Cloak And Dagger+1","floor":24},{"not_picked":["Die Die Die","Prepared+1","Flying Knee"],"picked":"Backflip+1","floor":25},{"not_picked":["Deflect","Predator","Accuracy"],"picked":"Backflip+1","floor":29},{"not_picked":["Grand Finale","Doppelganger","Tools of the Trade"],"picked":"A Thousand Cuts","floor":33},{"not_picked":["Footwork+1","Flying Knee+1","Slice+1"],"picked":"Blade Dance+1","floor":35},{"not_picked":["Sucker Punch+1","Cloak And Dagger","Distraction+1","Deadly Poison+1"],"picked":"SKIP","floor":36},{"not_picked":["Concentrate","Blade Dance","Dagger Throw","Prepared+1"],"picked":"SKIP","floor":37}],"player_experience":145493,"relics_obtained":[{"floor":8,"key":"Question Card"},{"floor":26,"key":"Ginger"}],"event_choices":[{"damage_healed":0,"gold_gain":0,"player_choice":"Entered Light","damage_taken":14,"max_hp_gain":0,"max_hp_loss":0,"event_name":"Shining Light","floor":5,"gold_loss":0,"cards_upgraded":["Strike_G","Defend_G"]},{"damage_healed":0,"gold_gain":0,"player_choice":"2 cards matched","damage_taken":0,"max_hp_gain":0,"max_hp_loss":0,"event_name":"Match and Keep!","floor":13,"gold_loss":0,"cards_obtained":["Storm of Steel","Neutralize"]},{"damage_healed":0,"gold_gain":0,"player_choice":"Inject Mutagens","damage_taken":0,"relics_obtained":["MutagenicStrength"],"max_hp_gain":0,"max_hp_loss":0,"event_name":"Drug Dealer","floor":20,"gold_loss":0},{"damage_healed":0,"gold_gain":0,"player_choice":"Ignored","damage_taken":0,"max_hp_gain":0,"max_hp_loss":0,"event_name":"The Mausoleum","floor":31,"gold_loss":0}],"is_beta":false,"boss_relics":[{"not_picked":["Ring of the Serpent","Calling Bell"],"picked":"Coffee Dripper"},{"not_picked":["Busted Crown","Astrolabe"],"picked":"WristBlade"}],"items_purged_floors":[27],"is_endless":false,"potions_floor_spawned":[1,8,11,14,21,24,25,37],"killed_by":"Transient","ascension_level":0}}