{"host":"amvb77pwe2wp6zyc","time":1611779399,"event":{"mods":["2.2 Compatiblity","AchievementEnabler","AlwaysNeverKeys","BaseMod","BetterRewards","Downfall","GifTheSpireLib","Minty Spire (QoL Compilation)","Permanent Neow","Quick Restart","Relic Filter","Shop Mod","StSLib","SuperFastMode","Trackpad"],"gold_per_floor":[99,113,124,124,60,210,234,263,282,302,302,2,34,19,30,134,134,134,149,149,169,186,220,274,274,274,274],"floor_reached":25,"language":"DEU","playtime":2364,"items_purged":[],"score":221,"play_id":"606d2fba-cace-4759-9142-71b918a6a0f7","local_time":"20210127212959","is_ascension_mode":false,"campfire_choices":[{"data":"hexamod:Defend","floor":1.0,"key":"PURGE"},{"data":"downfall:Icky","floor":12,"key":"PURGE"},{"data":"hexamod:Strike","floor":18,"key":"PURGE"}],"circlet_count":0,"master_deck":["hexamod:Strike","hexamod:Strike","hexamod:Defend","hexamod:Defend","hexamod:Defend","hexamod:Sear","hexamod:Float","hexamod:FourthSeal","hexamod:FastForward"],"relics":["hexamod:SpiritBrand","Peace Pipe","trackpad:PetRock","Odd Mushroom","trackpad:BottledTsunami","downfall:HeartBlessingRed","downfall:HeartBlessingGreen","downfall:HeartBlessingBlue","trackpad:Compendium","trackpad:Coffee","Eternal Feather","Shovel"],"acts_visited":["Exordium","TheCity"],"potions_floor_usage":[23,23],"damage_taken":[{"damage":0,"enemies":"Small Slimes","floor":2,"turns":4},{"damage":1,"enemies":"Jaw Worm","floor":3,"turns":4},{"damage":0,"enemies":"downfall:FleeingMerchant","floor":5,"turns":4},{"damage":15,"enemies":"The Mushroom Lair","floor":8,"turns":4},{"damage":0,"enemies":"Cultist","floor":9,"turns":4},{"damage":2,"enemies":"Blue Slaver","floor":10,"turns":3},{"damage":9,"enemies":"Gremlin Nob","floor":13,"turns":4},{"damage":6,"enemies":"downfall:FleeingMerchant","floor":14,"turns":4},{"damage":2,"enemies":"Gremlin Gang","floor":15,"turns":4},{"damage":23,"enemies":"DF_ARCHETYPE_STREAMLINE","floor":16,"turns":9},{"damage":0,"enemies":"Chosen","floor":19,"turns":4},{"damage":17,"enemies":"Centurion and Healer","floor":21,"turns":9},{"damage":46,"enemies":"Cultist and Chosen","floor":22,"turns":9},{"damage":15,"enemies":"Book of Stabbing","floor":23,"turns":6},{"damage":5,"enemies":"downfall:FleeingMerchant","floor":25,"turns":2}],"seed_played":"5467085031762802588","potions_obtained":[{"floor":3,"key":"hexamod:EctoCoolerPotion"},{"floor":8,"key":"SneckoOil"},{"floor":10,"key":"ColorlessPotion"}],"is_trial":false,"path_per_floor":["R","M","M","?","$","?","T","?","M","M","T","R","E","$","M","B",null,"R","M","?","M","M","E","T","$"],"character_chosen":"THE_SPIRIT","items_purchased":["hexamod:FastForward"],"campfire_rested":0,"item_purchase_floors":[5],"current_hp_per_floor":[70,70,69,69,69,69,69,54,54,52,52,62,53,47,45,22,80,80,80,80,63,17,2,2,0,0,0],"gold":274,"neow_bonus":"RANDOM_COMMON_RELIC","is_daily":false,"chose_seed":false,"campfire_upgraded":0,"win_rate":0.0,"timestamp":1611779399,"path_taken":["R","M","M","?","$","?","T","?","M","?","?","R","E","?","M","BOSS","R","M","?","M","?","E","T","$"],"items_purchased_type":["Card"],"build_version":"2020-12-22","purchased_purges":0,"victory":false,"max_hp_per_floor":[70,70,70,70,70,70,70,70,70,70,70,80,80,80,80,80,80,80,80,80,80,80,80,80,80,80,80],"card_choices":[{"not_picked":["hexamod:NightmareStrike","hexamod:HeatMetal","hexamod:Rewind"],"picked":"SKIP","floor":2},{"not_picked":["hexamod:SpectersWail","hexamod:ThermalTransfer","hexamod:GhostOfSpirePast"],"picked":"SKIP","floor":3},{"not_picked":["hexamod:HeatMetal","hexamod:PhantomFireball"],"picked":"hexamod:FourthSeal","floor":5},{"not_picked":["hexamod:HauntingEcho","hexamod:Incineration","hexamod:NightmareGuise"],"picked":"SKIP","floor":9},{"not_picked":["hexamod:HeatMetal","hexamod:GiftsFromTheDead","hexamod:NightmareGuise"],"picked":"SKIP","floor":10},{"not_picked":["hexamod:GhostLash","hexamod:PhantomFireball","hexamod:EmpoweredFlame"],"picked":"SKIP","floor":13},{"not_picked":["hexamod:ThermalTransfer","hexamod:EmpoweredFlame","hexamod:BacktrackSmack"],"picked":"SKIP","floor":14},{"not_picked":["hexamod:SpectersWail","hexamod:HauntingEcho","hexamod:Firestarter"],"picked":"SKIP","floor":15},{"not_picked":["hexamod:AdvancingGuard","hexamod:Firestarter","hexamod:PhantomFireball"],"picked":"SKIP","floor":19},{"not_picked":["hexamod:BacktrackSmack","hexamod:GhostOfSpireFuture","hexamod:Again"],"picked":"SKIP","floor":21},{"not_picked":["hexamod:RetreatToShadows","hexamod:FlamesFromBeyond","hexamod:RainOfEmbers"],"picked":"SKIP","floor":22},{"not_picked":["hexamod:GhostOfSpireFuture","hexamod:GhostOfSpirePast","hexamod:Again"],"picked":"SKIP","floor":23}],"player_experience":235419,"relics_obtained":[{"floor":7,"key":"trackpad:PetRock"},{"floor":8,"key":"Odd Mushroom"},{"floor":11,"key":"trackpad:BottledTsunami"},{"floor":13,"key":"trackpad:Compendium"},{"floor":23,"key":"Eternal Feather"},{"floor":24,"key":"Shovel"}],"event_choices":[{"damage_healed":0,"gold_gain":0,"player_choice":"Fought Mushrooms","damage_taken":0,"max_hp_gain":0,"max_hp_loss":0,"event_name":"Mushrooms","floor":8,"gold_loss":0}],"is_beta":false,"boss_relics":[{"not_picked":["SacredBark","Runic Dome"],"picked":"trackpad:Coffee"}],"items_purged_floors":[],"is_endless":false,"potions_floor_spawned":[3,8,10,15,19,22],"killed_by":"downfall:FleeingMerchant","ascension_level":0}}