{"host":"pyelotildgrd5mks","time":1611737400,"event":{"mods":["BaseMod","Downfall","Minty Spire (QoL Compilation)","Quick Restart","StSLib"],"gold_per_floor":[117,134,153,63,81,81,81,95,95,95,112,131,36,49,49,49,49,49],"floor_reached":16,"language":"ZHS","playtime":1056,"items_purged":["bronze:Strike","bronze:Strike"],"score":96,"play_id":"750b8656-61c0-40f9-83d8-f0466d18e7bc","local_time":"20210127165000","is_ascension_mode":false,"campfire_choices":[{"data":"bronze:Goto","floor":6.0,"key":"SMITH"},{"data":"bronze:Turbo","floor":15.0,"key":"SMITH"}],"circlet_count":0,"master_deck":["bronze:Strike","bronze:Strike","bronze:Defend","bronze:Defend","bronze:Defend","bronze:Defend","bronze:Replicate","bronze:Goto+1","bronze:Format","bronze:Repulsor","bronze:Branch","bronze:FineTuning","bronze:Repair","bronze:Turbo+1","bronze:Return","bronze:BuggyMess"],"relics":["bronze:BronzeCore","The Courier"],"acts_visited":["Exordium"],"potions_floor_usage":[16,16],"damage_taken":[{"damage":0.0,"enemies":"Cultist","floor":1.0,"turns":3.0},{"damage":5.0,"enemies":"Small Slimes","floor":2.0,"turns":3.0},{"damage":0.0,"enemies":"2 Louse","floor":3.0,"turns":3.0},{"damage":0.0,"enemies":"downfall:FleeingMerchant","floor":4.0,"turns":4.0},{"damage":0.0,"enemies":"2 Fungi Beasts","floor":5.0,"turns":4.0},{"damage":12.0,"enemies":"Exordium Thugs","floor":8.0,"turns":4.0},{"damage":4.0,"enemies":"Exordium Wildlife","floor":11.0,"turns":3.0},{"damage":7.0,"enemies":"3 Louse","floor":12.0,"turns":4.0},{"damage":0.0,"enemies":"downfall:FleeingMerchant","floor":13.0,"turns":4.0},{"damage":10.0,"enemies":"Exordium Thugs","floor":14.0,"turns":4.0},{"damage":72,"enemies":"SI_SHIV_ARCHETYPE","floor":16,"turns":13}],"seed_played":"2105697205983959697","potions_obtained":[{"floor":8.0,"key":"Swift Potion"},{"floor":11.0,"key":"Block Potion"},{"floor":12.0,"key":"bronze:CleanCodePotion"}],"is_trial":false,"path_per_floor":["M","M","M","$","M","R","T","M","?","?","M","M","$","M","R","B"],"character_chosen":"THE_AUTOMATON","items_purchased":[],"campfire_rested":0,"item_purchase_floors":[],"current_hp_per_floor":[70,65,65,65,65,65,65,53,50,80,76,73,73,70,70,5,5,5],"gold":49,"neow_bonus":"ONE_RANDOM_RARE_CARD","is_daily":false,"chose_seed":false,"campfire_upgraded":2,"win_rate":0.0,"timestamp":1611737400,"path_taken":["M","M","M","$","M","R","T","M","?","?","M","M","$","?","R","BOSS"],"items_purchased_type":[],"build_version":"2020-12-22","purchased_purges":2,"victory":false,"max_hp_per_floor":[70,70,70,70,70,70,70,70,70,80,80,80,80,80,80,80,80,80],"card_choices":[{"not_picked":["bronze:Overheat","bronze:Separator"],"picked":"bronze:Repulsor","floor":1.0},{"not_picked":["bronze:Frontload","bronze:DarkDash","bronze:CutThrough"],"picked":"SKIP","floor":2.0},{"not_picked":["bronze:Invalidate","bronze:Constructor"],"picked":"bronze:Branch","floor":3.0},{"not_picked":["bronze:Deprecate","bronze:Invalidate"],"picked":"bronze:ThunderWave","floor":4.0},{"not_picked":["bronze:WildBeam","bronze:Overheat","bronze:Deprecate"],"picked":"SKIP","floor":5.0},{"not_picked":["bronze:Frontload","bronze:ClassDefault"],"picked":"bronze:FineTuning","floor":8.0},{"not_picked":["bronze:WhirlingStrike","bronze:Separator"],"picked":"bronze:Repair","floor":11.0},{"not_picked":["bronze:Allocate","bronze:DelayedSlice"],"picked":"bronze:Turbo","floor":12.0},{"not_picked":["bronze:InfiniteBeams","bronze:Fortify"],"picked":"bronze:Return","floor":13.0},{"not_picked":["bronze:ClassDefault","bronze:FollowUp"],"picked":"bronze:BuggyMess","floor":14.0}],"player_experience":663790,"relics_obtained":[],"event_choices":[{"damage_healed":0.0,"max_hp_gain":0.0,"max_hp_loss":0.0,"gold_gain":0.0,"event_name":"Scrap Ooze","player_choice":"Success","floor":9.0,"gold_loss":0.0,"damage_taken":3.0,"relics_obtained":["The Courier"]},{"cards_removed":["bronze:ThunderWave"],"damage_healed":20.0,"max_hp_gain":10.0,"max_hp_loss":0.0,"gold_gain":0.0,"event_name":"Bonfire Elementals","player_choice":"Offered Rare","floor":10.0,"gold_loss":0.0,"damage_taken":0.0}],"is_beta":false,"boss_relics":[],"items_purged_floors":[4,13],"is_endless":false,"potions_floor_spawned":[8,11,12,14],"killed_by":"SI_SHIV_ARCHETYPE","ascension_level":0}}