{"host":"gbkezel2j61cgxyt","time":1611734325,"event":{"mods":["Aspiration","BaseMod","Better Skull","Better Third Choice","ChefMod","GifTheSpireLib","GungeonMod","Hermit","Highlight Path","Hubris","Infinite Spire","Marisa????????","Minty Spire (QoL Compilation)","Rare Cards Sparkle","Relic Stats","Replay The Spire","StSLib","The Cursed","The Marked","The Necromancer","The Servant 0.9.4","The Wild Card","Yakumo Yukari mod"],"gold_per_floor":[132,49,67,85,85,85,110,110,110,129,148,148,165,185,185,284,284,295,123,123,123,123,123,139,238,261,289,289,329,329,348,348,462,462,491,500,521,521,521],"floor_reached":38,"language":"ENG","playtime":2062,"items_purged":[],"score":546,"play_id":"7514e57e-c092-461e-ad11-417964ff400e","local_time":"20210127075845","is_ascension_mode":false,"campfire_choices":[{"data":"Shallow_ocean_purpleEX","floor":6,"key":"SMITH"},{"floor":8,"key":"REST"},{"data":"ExternalForce_HighSpeedFlying_purple","floor":15,"key":"SMITH"},{"data":"Panache","floor":23,"key":"SMITH"},{"floor":30,"key":"REST"},{"data":"Bait_HighSpeedFlying_purple","floor":32,"key":"SMITH"}],"circlet_count":0,"master_deck":["AT_purpleEX","AT_purpleEX","AT_purpleEX","AT_purpleEX","Defend_purpleEX","Defend_purpleEX","Defend_purpleEX","Defend_purpleEX","Observe_purple_1","Observe_purple_2","Charmbait_purple","DimensionStaggered_purple+1","Shallow_ocean_purpleEX+1","WatchEChange_purple+1","Bait_HighSpeedFlying_purple+1","WorldDissolvedintheRealm_purple","ExternalForce_HighSpeedFlying_purple+1","Nest_LightFlightworm_purple","SfantasyHide_purple","WorldDissolvedintheRealm_purple","Fancifulhole_purple","SharpContractionReality_purple+1","Panache+1","Bait_HighSpeedFlying_purple","Line_surface_state_purple+1","Worldmountain_purple+1","MonsterNeedle_purple","Monsters_DoubleDeathButterfly_purple","OmniscientAndOmnipotent_Monster_purple","Writhe","Charmbait_purple+1"],"relics":["Boundary_crack","Memoryfragments_purpleEX","DemoMod:MemoryAlloy","Replay:Ringing Soul","ChewingGum","aspiration:RitualStick","MutagenicStrength","CeramicFish","Iron Hammer","DemoMod:ClearGuonStone","hubris:RunicObelisk"],"acts_visited":["Exordium","TheCity","TheBeyond"],"potions_floor_usage":[7,27,33],"damage_taken":[{"damage":0,"enemies":"Jaw Worm","floor":1,"turns":5},{"damage":5,"enemies":"infinitespire:Voidling","floor":3,"turns":3},{"damage":0,"enemies":"2 Louse","floor":4,"turns":1},{"damage":40,"enemies":"Gremlin Nob","floor":7,"turns":4},{"damage":0,"enemies":"Lots of Slimes","floor":10,"turns":1},{"damage":11,"enemies":"Blue Slaver","floor":11,"turns":2},{"damage":0,"enemies":"3 Louse","floor":13,"turns":1},{"damage":4,"enemies":"Looter","floor":14,"turns":3},{"damage":0,"enemies":"Slime Boss","floor":16,"turns":5},{"damage":0,"enemies":"Chosen","floor":18,"turns":3},{"damage":6,"enemies":"2 Thieves","floor":24,"turns":2},{"damage":4,"enemies":"Chosen and Byrds","floor":27,"turns":3},{"damage":29,"enemies":"Slavers","floor":29,"turns":3},{"damage":0,"enemies":"Snecko","floor":31,"turns":2},{"damage":0,"enemies":"Collector","floor":33,"turns":5},{"damage":11,"enemies":"Orb Walker","floor":35,"turns":2},{"damage":0,"enemies":"3 Darklings","floor":37,"turns":1},{"damage":0,"enemies":"infinitespire:Three Voidlings","floor":38,"turns":2},{"damage":159,"enemies":"Nightmare_Alpha","floor":38,"turns":7}],"seed_played":"6194295796527211353","potions_obtained":[{"floor":3,"key":"Fire Potion"},{"floor":11,"key":"ColorlessPotion"},{"floor":13,"key":"Adrenaline Potion"},{"floor":14,"key":"LiquidBronze"},{"floor":37,"key":"Explosive Potion"}],"is_trial":false,"path_per_floor":["M","$","M","M","?","R","E","R","T","M","M","?","M","M","R","B",null,"M","$","?","?","?","R","M","?","T","M","T","E","R","M","R","B",null,"M","?","M","?"],"character_chosen":"Youkari","items_purchased":["DimensionStaggered_purple+1","Shallow_ocean_purpleEX","Panache"],"campfire_rested":2,"item_purchase_floors":[2,2,19],"current_hp_per_floor":[77,77,72,73,73,73,36,59,59,62,54,54,57,56,56,61,92,95,98,78,78,78,78,75,75,75,74,74,49,81,85,85,88,113,105,119,122,0,0],"gold":521,"neow_bonus":"TEN_PERCENT_HP_BONUS","is_daily":false,"chose_seed":false,"campfire_upgraded":4,"win_rate":0.0,"timestamp":1611734325,"path_taken":["M","$","M","M","?","R","E","R","T","M","?","?","?","M","R","BOSS","M","$","?","?","?","R","?","?","T","M","?","E","R","?","R","BOSS","M","?","M","?"],"items_purchased_type":["Card","Card","Card"],"build_version":"2020-12-22","purchased_purges":0,"victory":false,"max_hp_per_floor":[77,77,77,77,77,77,77,77,77,80,83,83,86,89,89,92,92,95,98,98,98,98,98,101,101,101,104,104,107,107,110,110,113,113,116,119,122,122,122],"relic_stats":{"counters":[19,55],"CeramicFish":63,"obtain_stats":[{"Replay:Ringing Soul":9,"DemoMod:MemoryAlloy":7,"MutagenicStrength":22,"CeramicFish":26,"ChewingGum":17,"DemoMod:GlassGuonStoneRelic":3,"Iron Hammer":28,"Boundary_crack":0,"DemoMod:ClearGuonStone":29,"hubris:RunicObelisk":34,"aspiration:RitualStick":20,"Memoryfragments_purpleEX":0},{"Replay:Ringing Soul":4,"DemoMod:MemoryAlloy":4,"MutagenicStrength":10,"CeramicFish":11,"ChewingGum":9,"DemoMod:GlassGuonStoneRelic":2,"Iron Hammer":12,"Boundary_crack":0,"DemoMod:ClearGuonStone":13,"hubris:RunicObelisk":15,"aspiration:RitualStick":10,"Memoryfragments_purpleEX":0},{"Replay:Ringing Soul":13,"DemoMod:MemoryAlloy":13,"MutagenicStrength":28,"CeramicFish":30,"ChewingGum":25,"DemoMod:GlassGuonStoneRelic":8,"Iron Hammer":33,"Boundary_crack":0,"DemoMod:ClearGuonStone":36,"hubris:RunicObelisk":43,"aspiration:RitualStick":28,"Memoryfragments_purpleEX":0}],"aspiration:RitualStick":[0]},"card_choices":[{"not_picked":["ExistenceContinue_purple","AdvanceAttack_purple"],"picked":"Charmbait_purple","floor":1},{"not_picked":["SharpContractionReality_purple","ExistenceContinue_purple"],"picked":"WatchEChange_purple","floor":3},{"not_picked":["Umbrella_purple","Mirror_TwoAndThreeElementRealm_purple"],"picked":"Bait_HighSpeedFlying_purple","floor":4},{"not_picked":["AdvanceAttack_purple","Umbrella_purple"],"picked":"WorldDissolvedintheRealm_purple","floor":7},{"not_picked":["DimensionStaggered_purple","Boundary_LightAndDark_purple"],"picked":"ExternalForce_HighSpeedFlying_purple","floor":10},{"not_picked":["DarkRealmRedLine_purple","MeetDecomposer_purple"],"picked":"Nest_LightFlightworm_purple","floor":11},{"not_picked":["RuleDissolution_purple","Mirror_WaveAndshot_purple"],"picked":"SfantasyHide_purple","floor":13},{"not_picked":["DimensionStaggered_purple","PurpleNeedle_purple"],"picked":"WorldDissolvedintheRealm_purple","floor":14},{"not_picked":["Theboundaryofcreation_purpleEX","Boundary_LifeAndDeath_purple"],"picked":"Fancifulhole_purple","floor":16},{"not_picked":["RuptureOfTimeAndSpace_purple","SfantasyHide_purple"],"picked":"SharpContractionReality_purple+1","floor":18},{"not_picked":["SharpContractionReality_purple","RuleDissolution_purple"],"picked":"Bait_HighSpeedFlying_purple","floor":24},{"not_picked":["Bait_HighSpeedFlying_purple","DarkRealmRedLine_purple+1"],"picked":"Line_surface_state_purple+1","floor":27},{"not_picked":["StateErode_purple","StretchesForeverDream_purple"],"picked":"Worldmountain_purple+1","floor":29},{"not_picked":["StateErode_purple","BarrageBoundary_PipeDream_purple"],"picked":"MonsterNeedle_purple","floor":31},{"not_picked":["ContainerChange_purple","UniverseChoice_purple"],"picked":"Monsters_DoubleDeathButterfly_purple","floor":33},{"not_picked":["SfantasyHide_purple","AdvanceAttack_purple+1"],"picked":"OmniscientAndOmnipotent_Monster_purple","floor":35},{"not_picked":["AdvanceAttack_purple+1","SharpContractionReality_purple+1"],"picked":"Charmbait_purple+1","floor":37}],"player_experience":582829,"relics_obtained":[{"floor":7,"key":"DemoMod:MemoryAlloy"},{"floor":9,"key":"Replay:Ringing Soul"},{"floor":26,"key":"CeramicFish"},{"floor":28,"key":"Iron Hammer"},{"floor":29,"key":"DemoMod:ClearGuonStone"}],"event_choices":[{"damage_healed":0,"gold_gain":0,"player_choice":"Upgraded","damage_taken":0,"max_hp_gain":0,"max_hp_loss":0,"event_name":"Upgrade Shrine","floor":5,"gold_loss":0,"cards_upgraded":["WatchEChange_purple"]},{"damage_healed":0,"gold_gain":0,"player_choice":"Ignored","damage_taken":0,"max_hp_gain":0,"max_hp_loss":0,"event_name":"NoteForYourself","floor":12,"gold_loss":0},{"damage_healed":0,"gold_gain":0,"player_choice":"Inject Mutagens","damage_taken":0,"relics_obtained":["MutagenicStrength"],"max_hp_gain":0,"max_hp_loss":0,"event_name":"Drug Dealer","floor":22,"gold_loss":0},{"damage_healed":0,"gold_gain":99,"player_choice":"Steal","damage_taken":0,"max_hp_gain":0,"max_hp_loss":0,"event_name":"betterThird:BetterNest","floor":25,"gold_loss":0},{"damage_healed":29,"gold_gain":0,"player_choice":"Writhe","damage_taken":0,"max_hp_gain":0,"max_hp_loss":0,"event_name":"Winding Halls","floor":36,"gold_loss":0,"cards_obtained":["Writhe"]}],"is_beta":false,"boss_relics":[{"not_picked":["hubris:CrackedHourglass","hubris:ScarierMask"],"picked":"ChewingGum"},{"not_picked":["Honey Jar","Cursed Key"],"picked":"hubris:RunicObelisk"}],"items_purged_floors":[],"is_endless":false,"potions_floor_spawned":[3,11,13,14,18,37],"killed_by":"Nightmare_Alpha","ascension_level":0}}