{"host":"v79nb9qnzs8cga96","time":1611763429,"event":{"mods":["Aspiration","BaseMod","Better Note","Block Reminder","GifTheSpireLib","Minty Spire (QoL Compilation)","Quarter Circle Forward PUNCH!","SacredBarkPlus","Slumbering Mod","Small Relic Pack","StSLib","Stuff the Spire","The Florist","The Poker Player","The Spell Scribe","[IsaacMod]????"],"gold_per_floor":[111,2,13,32,52,87,107,141,141,4,4,4,4,29,29,127,127,147,137,137,148,148,148,168,195,247,247,247],"floor_reached":27,"language":"ENG","playtime":1865,"items_purged":[],"score":243,"play_id":"e4f6362f-2b2b-4249-ad7b-a4e34ff2ea00","local_time":"20210127180349","is_ascension_mode":false,"campfire_choices":[{"floor":15,"key":"REST"},{"data":"Agrypnos:Myosotis","floor":23,"key":"SMITH"}],"circlet_count":0,"master_deck":["Agrypnos:BasicStrike","Agrypnos:BasicStrike","Agrypnos:BasicStrike","Agrypnos:BasicStrike","Agrypnos:BasicDefend","Agrypnos:BasicDefend","Agrypnos:BasicDefend","Agrypnos:BasicDefend","Agrypnos:Dandelion","Agrypnos:Trowel","Agrypnos:Wolfsbane","Agrypnos:RustyShear","Agrypnos:Myosotis+1","Agrypnos:Pollen","Agrypnos:Pollen","Agrypnos:Rue","Agrypnos:Zinnia","Agrypnos:Leaf+1","Establishment","Agrypnos:Orchid","Noxious Fumes","Agrypnos:Camellia"],"relics":["Agrypnos:Floristry","HushsDoor","SteamSale","Sling","Letter Opener","Question Card","qcfpunch:School_Backpack","Lantern","Agrypnos:Flower Pot","Odd Mushroom","theSlumbering:EnchantedHammer","Agrypnos:Greenhouse","TheBean","aspiration:ChemicalBlood"],"acts_visited":["Exordium","TheCity"],"potions_floor_usage":[14,25],"damage_taken":[{"damage":0,"enemies":"Cultist","floor":1,"turns":5},{"damage":1,"enemies":"Jaw Worm","floor":3,"turns":5},{"damage":5,"enemies":"2 Louse","floor":4,"turns":3},{"damage":19,"enemies":"2 Fungi Beasts","floor":5,"turns":6},{"damage":26,"enemies":"Gremlin Nob","floor":6,"turns":5},{"damage":0,"enemies":"Large Slime","floor":7,"turns":5},{"damage":19,"enemies":"theSlumbering:Adrasteia","floor":8,"turns":5},{"damage":5,"enemies":"The Mushroom Lair","floor":14,"turns":4},{"damage":2,"enemies":"Slime Boss","floor":16,"turns":8},{"damage":0,"enemies":"Chosen","floor":18,"turns":4},{"damage":13,"enemies":"2 Thieves","floor":19,"turns":4},{"damage":5,"enemies":"Cultist and Chosen","floor":21,"turns":7},{"damage":14,"enemies":"Dream Cultist and Chosen","floor":24,"turns":7},{"damage":53,"enemies":"Gremlin Leader","floor":25,"turns":6},{"damage":18,"enemies":"Snecko","floor":27,"turns":3}],"seed_played":"-9089621569309789587","potions_obtained":[{"floor":3,"key":"GamblersBrew"},{"floor":4,"key":"FearPotion"},{"floor":7,"key":"Explosive Potion"},{"floor":14,"key":"Ancient Potion"},{"floor":18,"key":"Regen Potion"}],"is_trial":false,"path_per_floor":["M","$","M","M","M","E","M","E","T","$","T","$","$","?","R","B",null,"M","M","?","M","T","R","M","E","T","M"],"character_chosen":"THE_FLORIST","items_purchased":["Sling","Agrypnos:RustyShear","Lantern","Agrypnos:Zinnia","Agrypnos:Leaf"],"campfire_rested":1,"item_purchase_floors":[2,2,10,10,10],"current_hp_per_floor":[77,77,76,71,52,26,26,7,7,7,7,7,7,2,25,23,77,77,64,64,59,59,59,45,7,7,0,0],"gold":247,"neow_bonus":"TEN_PERCENT_HP_BONUS","is_daily":false,"chose_seed":false,"campfire_upgraded":1,"win_rate":0.0,"timestamp":1611763429,"path_taken":["M","?","?","M","M","E","M","E","T","$","?","?","$","?","R","BOSS","M","M","?","M","?","R","M","E","T","?"],"items_purchased_type":["Relic","Card","Relic","Card","Card"],"build_version":"2020-12-22","purchased_purges":0,"victory":false,"max_hp_per_floor":[77,77,77,77,77,77,77,77,77,77,77,77,77,77,77,77,77,77,77,77,77,77,77,77,77,77,77,77],"card_choices":[{"not_picked":["Agrypnos:Tumbleweed","Agrypnos:CombTheEarth"],"picked":"Agrypnos:Wolfsbane","floor":1},{"not_picked":["Agrypnos:Weeding","Agrypnos:StormShelter"],"picked":"Agrypnos:Myosotis","floor":3},{"not_picked":["Agrypnos:Till","Agrypnos:Azalea"],"picked":"Agrypnos:Pollen","floor":4},{"not_picked":["Agrypnos:Wolfsbane","Agrypnos:CorpseFlower"],"picked":"Agrypnos:Pollen","floor":5},{"not_picked":["Agrypnos:Azalea","Agrypnos:Wolfsbane","Agrypnos:Poinsettia"],"picked":"SKIP","floor":6},{"not_picked":["Agrypnos:Prune","Agrypnos:Rake","Agrypnos:RustyShear"],"picked":"SKIP","floor":7},{"not_picked":["Agrypnos:Composting","Agrypnos:Weeding"],"picked":"Agrypnos:Rue","floor":8},{"not_picked":["SashWhip","FlyingSleeves","ThirdEye"],"picked":"Establishment","floor":14},{"not_picked":["Agrypnos:Watering","Agrypnos:Rake+1","Agrypnos:Leaf+1"],"picked":"Agrypnos:Orchid","floor":18},{"not_picked":["ThirdEye","SashWhip+1","FearNoEvil","Swivel"],"picked":"SKIP","floor":18},{"not_picked":["Go for the Eyes","Skim+1","StuffTheSpire:LoadUp","StuffTheSpire:CleanHardDrive"],"picked":"SKIP","floor":19},{"not_picked":["Agrypnos:Poinsettia","Agrypnos:Rainfall","Agrypnos:Wolfsbane","Agrypnos:CombTheEarth"],"picked":"SKIP","floor":19},{"not_picked":["Slice","Endless Agony","Choke"],"picked":"Noxious Fumes","floor":21},{"not_picked":["Agrypnos:Composting","Agrypnos:Azalea","Agrypnos:Leaf","Agrypnos:Zinnia"],"picked":"SKIP","floor":21},{"not_picked":["Agrypnos:Composting","Agrypnos:Azalea","Agrypnos:Leaf","Agrypnos:Zinnia"],"picked":"SKIP","floor":21},{"not_picked":["Agrypnos:Rose","Agrypnos:Wolfsbane","Agrypnos:Pesticide","Agrypnos:Rot"],"picked":"SKIP","floor":24},{"not_picked":["Agrypnos:Rake","Agrypnos:Prune","Agrypnos:Hoe"],"picked":"Agrypnos:Camellia","floor":25}],"player_experience":374647,"relics_obtained":[{"floor":6,"key":"Letter Opener"},{"floor":8,"key":"Question Card"},{"floor":9,"key":"qcfpunch:School_Backpack"},{"floor":11,"key":"Agrypnos:Flower Pot"},{"floor":14,"key":"Odd Mushroom"},{"floor":22,"key":"Agrypnos:Greenhouse"},{"floor":25,"key":"TheBean"},{"floor":26,"key":"aspiration:ChemicalBlood"}],"event_choices":[{"damage_healed":0,"gold_gain":0,"player_choice":"Fought Mushrooms","damage_taken":0,"max_hp_gain":0,"max_hp_loss":0,"event_name":"Mushrooms","floor":14,"gold_loss":0},{"damage_healed":0,"gold_gain":0,"player_choice":"Ignored","damage_taken":0,"max_hp_gain":0,"max_hp_loss":0,"event_name":"betterNote:BetterNote","floor":20,"gold_loss":0,"cards_obtained":["Wish"]}],"is_beta":false,"boss_relics":[{"not_picked":["Ectoplasm","Pandora\u0027s Box"],"picked":"theSlumbering:EnchantedHammer"},{"not_picked":[]}],"items_purged_floors":[],"is_endless":false,"potions_floor_spawned":[3,4,7,14,18,19,21],"killed_by":"Snecko","ascension_level":0}}