{"host":"nyir1v7xajwugdek","time":1611774731,"event":{"mods":["BaseMod","Colored Powertips","Downfall","Minty Spire (QoL Compilation)","StSLib"],"gold_per_floor":[99,99,99,99,110,10,59,92,267,367,517,517,517,517],"floor_reached":12,"language":"ENG","playtime":634,"items_purged":[],"score":86,"play_id":"c2e3aed8-9c2a-40d6-8086-a0223c8c659f","local_time":"20210127201211","is_ascension_mode":true,"campfire_choices":[{"floor":1.0,"key":"RECALL"},{"data":"sneckomod:Memorize","floor":6.0,"key":"SMITH"}],"circlet_count":0,"master_deck":["sneckomod:Strike","sneckomod:Strike","sneckomod:Defend","sneckomod:Defend","sneckomod:Defend","sneckomod:TailWhip","sneckomod:SnekBite","sneckomod:Unknown","sneckomod:Unknown","sneckomod:UnknownStrength","sneckomod:Unknown1Cost","sneckomod:Unknown1Cost","sneckomod:Memorize+1","sneckomod:ImprovisedAttack","sneckomod:UnknownDraw","sneckomod:RainOfDice","sneckomod:MasterEye+1","downfall:Icky"],"relics":["sneckomod:SneckoSoul","downfall:HeartsMalice","downfall:HeartBlessingRed","Nunchaku"],"acts_visited":["Exordium"],"potions_floor_usage":[],"damage_taken":[{"damage":0.0,"enemies":"Small Slimes","floor":2.0,"turns":1.0},{"damage":0.0,"enemies":"2 Louse","floor":3.0,"turns":1.0},{"damage":0.0,"enemies":"Jaw Worm","floor":4.0,"turns":1.0},{"damage":22.0,"enemies":"Gremlin Gang","floor":5.0,"turns":3.0},{"damage":10.0,"enemies":"Lagavulin","floor":8.0,"turns":6.0},{"damage":34,"enemies":"downfall:Heads","floor":10,"turns":7},{"damage":26,"enemies":"3 Sentries","floor":12,"turns":2}],"seed_played":"6212824493870689816","potions_obtained":[{"floor":8.0,"key":"SteroidPotion"}],"is_trial":false,"path_per_floor":["R","M","M","M","M","R","T","E","?","?","?","E"],"character_chosen":"THE_SNECKO","items_purchased":[],"campfire_rested":0,"item_purchase_floors":[],"current_hp_per_floor":[90,90,90,90,68,68,68,58,58,24,24,0,0,0],"gold":517,"neow_bonus":"THREE_ENEMY_KILL","is_daily":false,"chose_seed":false,"campfire_upgraded":1,"win_rate":0.0,"timestamp":1611774731,"path_taken":["R","M","M","M","M","R","T","E","?","?","?","E"],"items_purchased_type":[],"build_version":"2020-12-22","purchased_purges":0,"victory":false,"max_hp_per_floor":[90,90,90,90,90,90,90,90,90,90,90,90,90,90],"card_choices":[{"not_picked":["sneckomod:IronFang","sneckomod:UnknownCommonSkill"],"picked":"sneckomod:UnknownStrength","floor":2.0},{"not_picked":["sneckomod:UnknownBlock","sneckomod:UnknownBoss"],"picked":"sneckomod:Unknown1Cost","floor":3.0},{"not_picked":["sneckomod:UnknownCommonSkill","sneckomod:QuickBite"],"picked":"sneckomod:Unknown1Cost","floor":4.0},{"not_picked":["sneckomod:SnakeSap","sneckomod:Unknown0Cost"],"picked":"sneckomod:Memorize","floor":5.0},{"not_picked":["sneckomod:Unknown2Cost","sneckomod:DiceBlock"],"picked":"sneckomod:ImprovisedAttack","floor":5.0},{"not_picked":["sneckomod:UnknownCommonSkill","sneckomod:Unknown1Cost"],"picked":"sneckomod:UnknownDraw","floor":8.0},{"not_picked":["sneckomod:IronFang","sneckomod:UnknownColorless"],"picked":"sneckomod:MasterEye","floor":10}],"player_experience":668521,"relics_obtained":[{"floor":8.0,"key":"Nunchaku"}],"event_choices":[],"is_beta":false,"boss_relics":[],"items_purged_floors":[],"is_endless":false,"potions_floor_spawned":[8],"killed_by":"3 Sentries","ascension_level":4}}