{"host":"soyfmymeou4emntr","time":1611775077,"event":{"mods":["BaseMod","BetterRewards","Minty Spire (QoL Compilation)","Relic Sorter","Relic Stats","StSLib"],"gold_per_floor":[116,116,41,60,72,72,103,132,132,132,142,142,172,247,247,325,325,339,339,239,239,69,69,79,91,91,120,120,170,201,201,201,280,280,298,6,22,32,50,50,50],"floor_reached":40,"language":"ENG","playtime":11544,"items_purged":["Strike_R","Decay"],"score":914,"play_id":"b1751b13-ae4e-4c04-b3a5-9b048644abcb","local_time":"20210127121757","is_ascension_mode":true,"campfire_choices":[{"data":"Inflame","floor":6.0,"key":"SMITH"},{"floor":10.0,"key":"REST"},{"data":"Limit Break","floor":15.0,"key":"SMITH"},{"data":"Hemokinesis","floor":23.0,"key":"SMITH"},{"floor":28.0,"key":"REST"},{"floor":32.0,"key":"REST"}],"circlet_count":0,"master_deck":["AscendersBane","Strike_R","Strike_R","Strike_R+1","Defend_R","Defend_R+1","Defend_R","Defend_R","Bash","Whirlwind","Inflame+1","Uppercut","Limit Break+1","Carnage","Feel No Pain","Limit Break","Feel No Pain","Hemokinesis+1","Sword Boomerang","Spot Weakness","Flex","Fire Breathing+1","Double Tap","Barricade","Pommel Strike+1","Entrench","Inflame","Rupture","Body Slam+1","Bloodletting","Burning Pact+1","Metallicize"],"relics":["Burning Blood","Bronze Scales","Prayer Wheel","Odd Mushroom","Self Forming Clay","Lantern","SlaversCollar","Letter Opener","Omamori","Blood Vial","Juzu Bracelet","Bird Faced Urn","Coffee Dripper","Anchor"],"acts_visited":["TheCity","TheBeyond"],"potions_floor_usage":[40],"damage_taken":[{"damage":9.0,"enemies":"Jaw Worm","floor":1.0,"turns":4.0},{"damage":0.0,"enemies":"2 Louse","floor":4.0,"turns":2.0},{"damage":12.0,"enemies":"Small Slimes","floor":5.0,"turns":2.0},{"damage":32.0,"enemies":"3 Sentries","floor":7.0,"turns":6.0},{"damage":6.0,"enemies":"The Mushroom Lair","floor":8.0,"turns":3.0},{"damage":3.0,"enemies":"Blue Slaver","floor":11.0,"turns":4.0},{"damage":0.0,"enemies":"Gremlin Nob","floor":13.0,"turns":3.0},{"damage":15.0,"enemies":"Slime Boss","floor":16.0,"turns":6.0},{"damage":21.0,"enemies":"Shell Parasite","floor":18.0,"turns":6.0},{"damage":24.0,"enemies":"2 Thieves","floor":24.0,"turns":3.0},{"damage":16.0,"enemies":"Chosen and Byrds","floor":25.0,"turns":7.0},{"damage":33.0,"enemies":"Gremlin Leader","floor":27.0,"turns":5.0},{"damage":22.0,"enemies":"Book of Stabbing","floor":30.0,"turns":4.0},{"damage":20.0,"enemies":"Automaton","floor":33.0,"turns":6.0},{"damage":37.0,"enemies":"3 Darklings","floor":35.0,"turns":5.0},{"damage":10.0,"enemies":"3 Shapes","floor":37.0,"turns":8.0},{"damage":37.0,"enemies":"Maw","floor":38.0,"turns":7.0},{"damage":45.0,"enemies":"Sphere and 2 Shapes","floor":39.0,"turns":8.0},{"damage":24,"enemies":"Nemesis","floor":40,"turns":3}],"seed_played":"5146121750130619059","potions_obtained":[{"floor":5.0,"key":"Regen Potion"},{"floor":8.0,"key":"AttackPotion"},{"floor":11.0,"key":"BloodPotion"},{"floor":13.0,"key":"PowerPotion"},{"floor":27.0,"key":"Energy Potion"},{"floor":30.0,"key":"SpeedPotion"},{"floor":33.0,"key":"LiquidMemories"},{"floor":39.0,"key":"Dexterity Potion"}],"is_trial":false,"path_per_floor":["M","?","$","M","M","R","E","?","T","R","M","?","E","?","R","B",null,"M","?","$","?","$","R","M","M","T","E","R","T","E","?","R","B",null,"M","$","M","M","M","E"],"character_chosen":"IRONCLAD","items_purchased":["Feel No Pain","Hemokinesis","Entrench","Anchor","Inflame"],"campfire_rested":3,"item_purchase_floors":[22,22,36,36,36],"current_hp_per_floor":[65,42,42,48,42,42,31,31,31,53,56,49,55,44,44,35,65,50,50,50,50,50,50,32,22,22,10,32,32,18,18,40,34,65,44,44,54,37,14,0,0],"gold":50,"neow_bonus":"RANDOM_COMMON_RELIC","is_daily":false,"chose_seed":false,"campfire_upgraded":3,"win_rate":0.0,"timestamp":1611775077,"path_taken":["M","?","$","M","M","R","E","?","T","R","M","?","E","?","R","BOSS","M","?","$","?","$","R","M","M","T","E","R","?","E","?","R","BOSS","M","$","M","M","M","E"],"items_purchased_type":["Card","Card","Card","Relic","Card"],"build_version":"2020-12-22","purchased_purges":2,"victory":false,"max_hp_per_floor":[75,75,75,75,75,75,75,75,75,75,75,75,75,75,75,75,75,75,75,75,75,75,75,75,75,75,75,75,75,75,75,75,75,75,75,75,75,75,75,75,75],"relic_stats":{"Blood Vial":14,"counters":[12,68],"Self Forming Clay":[123],"Bronze Scales":[160],"Bird Faced Urn":[56],"Prayer Wheel":7,"Juzu Bracelet":1,"Letter Opener":[40],"obtain_stats":[{"Lantern":0,"Self Forming Clay":0,"Omamori":27,"Juzu Bracelet":30,"Letter Opener":26,"Odd Mushroom":0,"Burning Blood":0,"Blood Vial":29,"SlaversCollar":17,"Anchor":36,"Bronze Scales":0,"Bird Faced Urn":31,"Prayer Wheel":0,"Coffee Dripper":34},{"Lantern":0,"Self Forming Clay":0,"Omamori":5,"Juzu Bracelet":6,"Letter Opener":4,"Odd Mushroom":0,"Burning Blood":0,"Blood Vial":5,"SlaversCollar":1,"Anchor":8,"Bronze Scales":0,"Bird Faced Urn":6,"Prayer Wheel":0,"Coffee Dripper":7},{"Lantern":0,"Self Forming Clay":0,"Omamori":27,"Juzu Bracelet":31,"Letter Opener":22,"Odd Mushroom":0,"Burning Blood":0,"Blood Vial":27,"SlaversCollar":6,"Anchor":42,"Bronze Scales":0,"Bird Faced Urn":31,"Prayer Wheel":0,"Coffee Dripper":37}],"Burning Blood":66},"card_choices":[{"not_picked":["True Grit","Perfected Strike"],"picked":"Whirlwind","floor":1.0},{"not_picked":["Cleave","Second Wind"],"picked":"Inflame","floor":4.0},{"not_picked":["Clothesline","Rage"],"picked":"Uppercut","floor":5.0},{"not_picked":["Sentinel","Dark Embrace"],"picked":"Limit Break","floor":7.0},{"not_picked":["Wild Strike","Sword Boomerang"],"picked":"Carnage","floor":8.0},{"not_picked":["Disarm","Dropkick"],"picked":"Feel No Pain","floor":11.0},{"not_picked":["Clash","Rampage","Cleave"],"picked":"SKIP","floor":11.0},{"not_picked":["Havoc","Rupture","Anger"],"picked":"SKIP","floor":13.0},{"not_picked":["Demon Form","Immolate"],"picked":"Limit Break","floor":16.0},{"not_picked":["Searing Blow+1","Sentinel","Iron Wave"],"picked":"SKIP","floor":18.0},{"not_picked":["Thunderclap","Warcry","Clash"],"picked":"SKIP","floor":18.0},{"not_picked":["Anger","Thunderclap"],"picked":"Sword Boomerang","floor":24.0},{"not_picked":["Entrench","Clash","Clothesline"],"picked":"SKIP","floor":24.0},{"not_picked":["Rage+1","Wild Strike+1"],"picked":"Spot Weakness","floor":25.0},{"not_picked":["Warcry","Rampage"],"picked":"Flex","floor":25.0},{"not_picked":["Metallicize","Sever Soul"],"picked":"Fire Breathing+1","floor":27.0},{"not_picked":["Dual Wield","Rupture+1"],"picked":"Double Tap","floor":30.0},{"not_picked":["Berserk","Juggernaut"],"picked":"Barricade","floor":33.0},{"not_picked":["Anger","Clothesline"],"picked":"Pommel Strike+1","floor":35.0},{"not_picked":["Shrug It Off","Armaments","Hemokinesis"],"picked":"SKIP","floor":35.0},{"not_picked":["Clothesline","Ghostly Armor"],"picked":"Rupture","floor":37.0},{"not_picked":["Havoc","Dark Embrace"],"picked":"Body Slam+1","floor":37.0},{"not_picked":["Pommel Strike","Armaments"],"picked":"Bloodletting","floor":38.0},{"not_picked":["Anger","Cleave","Dropkick+1"],"picked":"SKIP","floor":38.0},{"not_picked":["Heavy Blade","Armaments"],"picked":"Burning Pact+1","floor":39.0},{"not_picked":["Intimidate","Anger+1"],"picked":"Metallicize","floor":39.0}],"player_experience":2911437,"relics_obtained":[{"floor":7.0,"key":"Prayer Wheel"},{"floor":8.0,"key":"Odd Mushroom"},{"floor":9.0,"key":"Self Forming Clay"},{"floor":13.0,"key":"Lantern"},{"floor":26.0,"key":"Letter Opener"},{"floor":27.0,"key":"Omamori"},{"floor":29.0,"key":"Blood Vial"},{"floor":30.0,"key":"Juzu Bracelet"}],"event_choices":[{"damage_healed":0.0,"max_hp_gain":0.0,"max_hp_loss":0.0,"gold_gain":0.0,"event_name":"Shining Light","player_choice":"Entered Light","floor":2.0,"gold_loss":0.0,"damage_taken":23.0,"cards_upgraded":["Defend_R","Strike_R"]},{"damage_healed":0.0,"max_hp_gain":0.0,"max_hp_loss":0.0,"gold_gain":0.0,"event_name":"Mushrooms","player_choice":"Fought Mushrooms","floor":8.0,"gold_loss":0.0,"damage_taken":0.0},{"cards_removed":["Strike_R"],"damage_healed":0.0,"max_hp_gain":0.0,"max_hp_loss":0.0,"gold_gain":0.0,"event_name":"Golden Wing","player_choice":"Card Removal","floor":12.0,"gold_loss":0.0,"damage_taken":7.0},{"damage_healed":0.0,"max_hp_gain":0.0,"max_hp_loss":0.0,"gold_gain":75.0,"event_name":"World of Goop","player_choice":"Gather Gold","floor":14.0,"gold_loss":0.0,"damage_taken":11.0},{"damage_healed":0.0,"max_hp_gain":0.0,"max_hp_loss":0.0,"gold_gain":0.0,"event_name":"Forgotten Altar","player_choice":"Smashed Altar","floor":19.0,"gold_loss":0.0,"damage_taken":0.0,"cards_obtained":["Decay"]},{"damage_healed":0.0,"max_hp_gain":0.0,"max_hp_loss":0.0,"gold_gain":0.0,"event_name":"Ghosts","player_choice":"Ignored","floor":21.0,"gold_loss":0.0,"damage_taken":0.0},{"damage_healed":0.0,"max_hp_gain":0.0,"max_hp_loss":0.0,"gold_gain":0.0,"event_name":"Addict","player_choice":"Stole Relic","floor":31.0,"gold_loss":0.0,"damage_taken":0.0,"relics_obtained":["Bird Faced Urn"],"cards_obtained":["Shame"]}],"is_beta":false,"boss_relics":[{"not_picked":["Runic Dome","Pandora\u0027s Box"],"picked":"SlaversCollar"},{"not_picked":["SacredBark","Runic Pyramid"],"picked":"Coffee Dripper"}],"items_purged_floors":[3,20],"is_endless":false,"potions_floor_spawned":[5,8,11,13,27,30,33,39],"killed_by":"Nemesis","ascension_level":20}}