{"host":"l6jmvopi3a5h8gcj","time":1611767482,"event":{"mods":["BaseMod","Hubris","Infinite Spire","Minty Spire (QoL Compilation)","Reliquary","StSLib","The Necromancer"],"gold_per_floor":[119,69,69,69,0,28,40,70,120,174,76,96,96,108,108,211,211,230,230,230,248,248,248,281,281,305,337,337,337,337,351,351,455,455,473,229,229,229,243,243,271,234,234,251,251,0,0,0,0,97,97,108,108,113,121,196,196,194,205,230,230,80,80,72,67,67,141,141,150,249,249,177,177,189,185,185,212,217,212,198,192,190,190,257,257,242,251,232,217,13,13,13,13,13,22,244,285,285,356,356,432,432,443,443,443],"floor_reached":104,"language":"ENG","playtime":13981,"items_purged":["Strike_W","Strike_W","Defend_B","Life_Tap"],"score":2042,"play_id":"251b9ba6-9f81-4ec5-8c27-f827594593e6","local_time":"20210127181122","is_ascension_mode":false,"campfire_choices":[{"data":"Bone_Bullets","floor":13.0,"key":"SMITH"},{"data":"Bone_Armory","floor":15.0,"key":"SMITH"},{"data":"Bones_to_Steel","floor":23.0,"key":"SMITH"},{"data":"infinitespire:TheBestDefense","floor":25.0,"key":"SMITH"},{"floor":29.0,"key":"REST"},{"floor":32.0,"key":"REST"},{"data":"Bone_Armor","floor":40.0,"key":"SMITH"},{"data":"Bone_Shift","floor":45.0,"key":"SMITH"},{"data":"Thousand_Bone_Knives","floor":47.0,"key":"SMITH"},{"floor":49.0,"key":"REST"},{"data":"Bone_Shift","floor":57.0,"key":"SMITH"},{"data":"Shade_Step","floor":66.0,"key":"SMITH"},{"data":"infinitespire:Execution","floor":76.0,"key":"SMITH"},{"data":"Bone_Armor","floor":83,"key":"SMITH"},{"data":"Shade_Step","floor":91,"key":"SMITH"},{"data":"Spectral_Armor","floor":93,"key":"SMITH"},{"data":"infinitespire:Collect","floor":98,"key":"SMITH"},{"data":"Siphon_Strength","floor":100,"key":"SMITH"}],"circlet_count":0,"master_deck":["Negative_Energy_Arrows","Bone_Wall","Bone_Armory+1","Bones_to_Steel+1","Bone_Bullets+1","Whirlwind_of_Bones","Skeleton_Dragon","infinitespire:TheBestDefense+1","Bone_Bullets+1","Scare","infinitespire:NeuralNetwork","Bone_Shift+1","Bone_Armor+1","Thousand_Bone_Knives+1","Madness","Summon_Death_Knight+1","Bone_Shift+1","Spectral_Armor+1","Shade_Step+1","Bone_Prison","Bone_Armor+1","Summon_Vampire_Lady","infinitespire:Execution+1","Shade_Step+1","infinitespire:Collect+1","Siphon_Strength+1"],"relics":["Vampire_Amulet","NeowsBlessing","Smiling Mask","reliquary:WeakTea","Boot","reliquary:ExpiredCoupon","Vajra","Empty Cage","MutagenicStrength","reliquary:JackalopeAntler","Omamori","reliquary:Boomerang","WingedGreaves","hubris:Towel","reliquary:RedCape","Juzu Bracelet","hubris:Icosahedron","reliquary:FeatherDuster","Pantograph","Red Mask","Pandora\u0027s Box","CeramicFish","Du-Vu Doll","infinitespire:Cupcake","hubris:BottledHeart","reliquary:RoseTintedGlasses","Tiny Chest","hubris:Backtick","infinitespire:ShieldingShard","Happy Flower","reliquary:BoilingFlask","PreservedInsect","StoneCalendar","infinitespire:CheckeredPen"],"acts_visited":["Exordium","TheCity","TheBeyond","Exordium","TheCity","TheBeyond","Exordium"],"potions_floor_usage":[101],"damage_taken":[{"damage":0.0,"enemies":"Jaw Worm","floor":1.0,"turns":1.0},{"damage":0.0,"enemies":"Gremlin Nob","floor":6.0,"turns":1.0},{"damage":0.0,"enemies":"Small Slimes","floor":7.0,"turns":2.0},{"damage":27.0,"enemies":"3 Sentries","floor":8.0,"turns":7.0},{"damage":0.0,"enemies":"Cultist","floor":12.0,"turns":4.0},{"damage":11.0,"enemies":"Exordium Wildlife","floor":14.0,"turns":4.0},{"damage":29.0,"enemies":"Slime Boss","floor":16.0,"turns":9.0},{"damage":7.0,"enemies":"3 Byrds","floor":18.0,"turns":3.0},{"damage":1.0,"enemies":"Spheric Guardian","floor":21.0,"turns":3.0},{"damage":30.0,"enemies":"Nightmare","floor":24.0,"turns":10.0},{"damage":13.0,"enemies":"Book of Stabbing","floor":27.0,"turns":4.0},{"damage":25.0,"enemies":"Snake Plant","floor":31.0,"turns":5.0},{"damage":28.0,"enemies":"Champ","floor":33.0,"turns":12.0},{"damage":22.0,"enemies":"3 Darklings","floor":35.0,"turns":5.0},{"damage":11.0,"enemies":"3 Shapes","floor":39.0,"turns":6.0},{"damage":23.0,"enemies":"Giant Head","floor":41.0,"turns":9.0},{"damage":0.0,"enemies":"Transient","floor":42.0,"turns":5.0},{"damage":7.0,"enemies":"Writhing Mass","floor":44.0,"turns":5.0},{"damage":23.0,"enemies":"Time Eater","floor":50.0,"turns":11.0},{"damage":12.0,"enemies":"Small Slimes","floor":52.0,"turns":2.0},{"damage":1.0,"enemies":"Jaw Worm","floor":54.0,"turns":2.0},{"damage":0.0,"enemies":"Cultist","floor":55.0,"turns":2.0},{"damage":6.0,"enemies":"Large Slime","floor":58.0,"turns":3.0},{"damage":1.0,"enemies":"3 Louse","floor":59.0,"turns":2.0},{"damage":9.0,"enemies":"Exordium Wildlife","floor":64.0,"turns":4.0},{"damage":13.0,"enemies":"Large Slime","floor":65.0,"turns":4.0},{"damage":2.0,"enemies":"The Guardian","floor":67.0,"turns":9.0},{"damage":0.0,"enemies":"3 Byrds","floor":69.0,"turns":2.0},{"damage":0.0,"enemies":"2 Thieves","floor":73.0,"turns":3.0},{"damage":0.0,"enemies":"Gremlin Leader","floor":74.0,"turns":5.0},{"damage":0.0,"enemies":"Snake Plant","floor":75.0,"turns":4.0},{"damage":0.0,"enemies":"3 Cultists","floor":78.0,"turns":2.0},{"damage":0,"enemies":"Chosen and Byrds","floor":79,"turns":4},{"damage":0,"enemies":"Centurion and Healer","floor":80,"turns":4},{"damage":0,"enemies":"Sentry and Sphere","floor":81,"turns":5},{"damage":0,"enemies":"3 Cultists","floor":82,"turns":4},{"damage":0,"enemies":"hubris:MusketHawk","floor":84,"turns":7},{"damage":0,"enemies":"3 Darklings","floor":86,"turns":5},{"damage":0,"enemies":"Orb Walker","floor":87,"turns":3},{"damage":0,"enemies":"Sphere and 2 Shapes","floor":88,"turns":6},{"damage":0,"enemies":"Transient","floor":89,"turns":5},{"damage":0,"enemies":"Mind Bloom Boss Battle","floor":97,"turns":3},{"damage":0,"enemies":"hubris:GrandSnecko","floor":101,"turns":2},{"damage":0,"enemies":"2 Louse","floor":103,"turns":1}],"seed_played":"-1728615818185660765","potions_obtained":[{"floor":1.0,"key":"CultistPotion"},{"floor":7.0,"key":"AttackPotion"},{"floor":12.0,"key":"DuplicationPotion"},{"floor":16.0,"key":"Weak Potion"},{"floor":21.0,"key":"Energy Potion"},{"floor":24.0,"key":"SpeedPotion"},{"floor":27.0,"key":"Ancient Potion"},{"floor":35.0,"key":"DistilledChaos"},{"floor":39.0,"key":"Weak Potion"},{"floor":42.0,"key":"LiquidBronze"},{"floor":50.0,"key":"FearPotion"},{"floor":54.0,"key":"LiquidMemories"},{"floor":59.0,"key":"SkillPotion"},{"floor":69.0,"key":"Strength Potion"},{"floor":74.0,"key":"Explosive Potion"},{"floor":79,"key":"DistilledChaos"}],"is_trial":false,"path_per_floor":["M","?","?","?","$","E","M","E","T","T","$","M","R","M","R","B",null,"M","?","?","M","T","R","NM","R","T","E","?","R","AVR","M","R","B",null,"M","$","?","?","M","R","E","M","T","M","R","?","R","?","R","B",null,"M","?","M","M","?","R","M","M","T","?","$","?","M","M","R","B",null,"M","?","?","$","M","E","M","R","T","M","M","M","M","M","R","B",null,"M","M","M","M","$","R","?","R","T","AVR","?","?","R","T","R","B",null,"M","?"],"character_chosen":"NECROMANCER","items_purchased":["Bone_Armory","Bone_Bullets","Bone_Shift","Juzu Bracelet","Bone_Prison","Bone_Armor","DuplicationPotion","Happy Flower"],"campfire_rested":3,"item_purchase_floors":[5,11,36,36,62,62,72,90],"current_hp_per_floor":[75,75,68,68,68,70,74,53,53,53,53,55,55,48,48,25,75,74,57,57,58,58,58,30,30,30,19,19,41,41,18,40,14,75,55,55,55,55,50,50,29,31,31,26,26,26,26,17,39,43,75,65,65,66,68,57,57,53,58,58,58,58,40,35,26,26,51,75,75,75,1,1,1,1,1,1,1,1,1,1,1,1,1,1,1,1,1,1,1,1,1,1,1,1,1,1,1,1,1,1,1,1,1,0,0],"gold":443,"neow_bonus":"THREE_ENEMY_KILL","is_daily":false,"chose_seed":false,"campfire_upgraded":15,"win_rate":0.0,"timestamp":1611767482,"path_taken":["M","?","?","?","$","E","?","E","T","?","$","M","R","M","R","BOSS","M","?","?","M","?","R","NM","R","T","E","?","R","AVR","M","R","BOSS","M","$","?","?","M","R","E","M","T","M","R","?","R","?","R","BOSS","M","?","M","M","?","R","M","M","T","?","?","?","M","M","R","BOSS","M","?","?","$","M","E","M","R","T","M","M","M","M","M","R","BOSS","M","M","M","M","$","R","?","R","T","AVR","?","?","R","?","R","BOSS","M","?"],"items_purchased_type":["Card","Card","Card","Relic","Card","Card","Potion","Relic"],"build_version":"2020-12-22","purchased_purges":4,"victory":false,"max_hp_per_floor":[75,75,75,75,75,75,75,75,75,75,75,75,75,75,75,75,75,75,75,75,75,75,75,75,75,75,75,75,75,75,75,75,75,75,75,75,75,75,75,75,75,75,75,75,75,75,75,75,75,75,75,75,75,75,75,75,75,75,75,75,75,75,75,75,75,75,75,75,75,75,1,1,1,1,1,1,1,1,1,1,1,1,1,1,1,1,1,1,1,1,1,1,1,1,1,1,1,1,1,1,1,1,1,1,1],"card_choices":[{"not_picked":["Strike_from_Beyond","Death_March_Dance","Pandemic"],"picked":"SKIP","floor":1.0},{"not_picked":["Plague_Bolt","Uncharnel","Blood_Whip"],"picked":"SKIP","floor":6.0},{"not_picked":["Strike_from_Beyond","Negative_Energy_Sphere"],"picked":"Summon_Lich","floor":7.0},{"not_picked":["Bone_Prison","Summon_Lich"],"picked":"Bones_to_Steel","floor":8.0},{"not_picked":["Uncharnel","Death_Coil"],"picked":"Whirlwind_of_Bones","floor":12.0},{"not_picked":["Stop_Heart","Shackles_Of_Pain","Death_Knell"],"picked":"SKIP","floor":14.0},{"not_picked":["Reap_The_Weak","Requiem"],"picked":"Skeleton_Dragon","floor":16.0},{"not_picked":["Plague_Bolt","Strike_from_Beyond","Negative_Energy_Mist"],"picked":"SKIP","floor":18.0},{"not_picked":["infinitespire:UltimateForm","infinitespire:DeathsTouch"],"picked":"infinitespire:TheBestDefense","floor":19.0},{"not_picked":["Blood_Shield","Bone_Spikes"],"picked":"Bone_Bullets+1","floor":21.0},{"not_picked":["Life_Tap","Death_Coil"],"picked":"Scare","floor":24.0},{"not_picked":["Vampiric_Strike","Plague_Bolt","Blood_Curse"],"picked":"SKIP","floor":27.0},{"not_picked":["Summon_Vampire_Lady","Chill_Blood","Shackles_Of_Pain"],"picked":"SKIP","floor":31.0},{"not_picked":["Finger_Of_Death","Summon_Lich","Exploit+1"],"picked":"SKIP","floor":35.0},{"not_picked":["Chill_Blood+1","Blood_Curse+1"],"picked":"Bone_Armor","floor":39.0},{"not_picked":["Bone_Bullets+1","Grasp_Heart"],"picked":"Thousand_Bone_Knives","floor":41.0},{"not_picked":["Vampiric_Strike","Summon_Undead_Army+1","Death_March_Dance"],"picked":"SKIP","floor":42.0},{"not_picked":["Negative_Energy_Sphere+1","Blood_Whip+1","Blood_Is_Power+1"],"picked":"SKIP","floor":44.0},{"not_picked":["Reap_The_Weak","Summon_Vampire_Lady"],"picked":"Summon_Death_Knight","floor":50.0},{"not_picked":["Blood_Whip","Death_March_Dance"],"picked":"Bone_Shift","floor":52.0},{"not_picked":["Corrupt","Summon_Lich"],"picked":"Spectral_Armor","floor":54.0},{"not_picked":["Necromantic_Selection","Death_Knell","Negative_Energy_Sphere"],"picked":"SKIP","floor":55.0},{"not_picked":["Negative_Energy_Mist","Negative_Energy_Bomb"],"picked":"Shade_Step","floor":58.0},{"not_picked":["Consume_Illness","Scare","Whirlwind_of_Bones"],"picked":"SKIP","floor":59.0},{"not_picked":["Scare","Negative_Energy_Burst","Bone_Spikes"],"picked":"SKIP","floor":64.0},{"not_picked":["Necrotic_Claws","Blood_Is_Power","Blood_Curse"],"picked":"SKIP","floor":65.0},{"not_picked":["Negative_Energy_Bomb","Reap_The_Weak"],"picked":"Summon_Vampire_Lady","floor":67.0},{"not_picked":["Negative_Energy_Mist","Negative_Energy_Shield","Shackles_Of_Pain"],"picked":"SKIP","floor":69.0},{"not_picked":["Finger_Of_Death","Consume_Illness","Violent_Necrosis"],"picked":"SKIP","floor":73.0},{"not_picked":["hubris:Fate","infinitespire:Starlight"],"picked":"infinitespire:Execution","floor":74.0},{"not_picked":["Blood_Curse","Exploit","Spectral_Walk"],"picked":"SKIP","floor":74.0},{"not_picked":["Blood_Shield","Bone_Armor+1","Negative_Energy_Shield"],"picked":"SKIP","floor":75.0},{"not_picked":["Summon_Death_Knight","Death_Coil","Negative_Energy_Javelin+1"],"picked":"SKIP","floor":78.0},{"not_picked":["Bone_Bullets","Thousand_Bone_Knives","Negative_Energy_Sphere"],"picked":"SKIP","floor":79},{"not_picked":["Toxic_Smoke_Screen","Cloudkill","Death_Coil"],"picked":"SKIP","floor":80},{"not_picked":["Negative_Energy_Shield","Bone_Shift","Negative_Energy_Javelin+1"],"picked":"SKIP","floor":81},{"not_picked":["Bone_Armor","Summon_Vampire_Lady","Necrotic_Claws"],"picked":"SKIP","floor":82},{"not_picked":["Negative_Energy_Javelin+1","Bone_Shift+1","Strike_from_Beyond+1"],"picked":"SKIP","floor":86},{"not_picked":["Bone_Shift+1","Negative_Energy_Javelin"],"picked":"Shade_Step","floor":87},{"not_picked":["Blood_Wake","Uncharnel+1","Death_Coil"],"picked":"SKIP","floor":88},{"not_picked":["Summon_Undead_Army","Scare+1","Death_Knell"],"picked":"SKIP","floor":89},{"not_picked":["Bone_Bullets+1","Spectral_Armor+1"],"picked":"Siphon_Strength","floor":97},{"not_picked":["Negative_Energy_Sphere","Bone_Bullets","Negative_Energy_Javelin"],"picked":"SKIP","floor":103}],"player_experience":250779,"relics_obtained":[{"floor":4.0,"key":"Smiling Mask"},{"floor":6.0,"key":"reliquary:WeakTea"},{"floor":8.0,"key":"Boot"},{"floor":9.0,"key":"reliquary:ExpiredCoupon"},{"floor":10.0,"key":"Vajra"},{"floor":22.0,"key":"reliquary:JackalopeAntler"},{"floor":24.0,"key":"Omamori"},{"floor":26.0,"key":"reliquary:Boomerang"},{"floor":27.0,"key":"WingedGreaves"},{"floor":41.0,"key":"reliquary:FeatherDuster"},{"floor":43.0,"key":"Pantograph"},{"floor":60.0,"key":"CeramicFish"},{"floor":74.0,"key":"reliquary:RoseTintedGlasses"},{"floor":77.0,"key":"Tiny Chest"},{"floor":94,"key":"reliquary:BoilingFlask"},{"floor":97,"key":"StoneCalendar"},{"floor":99,"key":"infinitespire:CheckeredPen"}],"event_choices":[{"cards_removed":["Defend_W"],"damage_healed":0.0,"max_hp_gain":0.0,"max_hp_loss":0.0,"gold_gain":0.0,"event_name":"The Cleric","player_choice":"Card Removal","floor":2.0,"gold_loss":50.0,"damage_taken":0.0},{"cards_removed":["Strike_W"],"damage_healed":0.0,"max_hp_gain":0.0,"max_hp_loss":0.0,"gold_gain":0.0,"event_name":"Golden Wing","player_choice":"Card Removal","floor":3.0,"gold_loss":0.0,"damage_taken":7.0},{"damage_healed":0.0,"max_hp_gain":0.0,"max_hp_loss":0.0,"gold_gain":0.0,"event_name":"Wheel of Change","player_choice":"Relic","floor":4.0,"gold_loss":0.0,"damage_taken":0.0},{"damage_healed":0.0,"max_hp_gain":0.0,"max_hp_loss":0.0,"gold_gain":0.0,"event_name":"Drug Dealer","player_choice":"Inject Mutagens","floor":20.0,"gold_loss":0.0,"damage_taken":0.0,"relics_obtained":["MutagenicStrength"]},{"damage_healed":0.0,"max_hp_gain":0.0,"max_hp_loss":0.0,"gold_gain":0.0,"event_name":"SensoryStone","player_choice":"Memory 1","floor":38.0,"gold_loss":0.0,"damage_taken":0.0},{"damage_healed":0.0,"max_hp_gain":0.0,"max_hp_loss":0.0,"gold_gain":0.0,"event_name":"Tomb of Lord Red Mask","player_choice":"Paid","floor":46.0,"gold_loss":251.0,"damage_taken":0.0,"relics_obtained":["Red Mask"]},{"damage_healed":0.0,"max_hp_gain":0.0,"max_hp_loss":0.0,"gold_gain":0.0,"event_name":"Winding Halls","player_choice":"Embrace Madness","floor":48.0,"gold_loss":0.0,"damage_taken":9.0,"cards_obtained":["Madness","Madness"]},{"cards_removed":["Cloudkill"],"damage_healed":0.0,"max_hp_gain":0.0,"max_hp_loss":0.0,"gold_gain":0.0,"event_name":"NoteForYourself","player_choice":"Took Card","floor":53.0,"gold_loss":0.0,"damage_taken":0.0,"cards_obtained":["Defend_B"]},{"damage_healed":0.0,"max_hp_gain":0.0,"max_hp_loss":0.0,"gold_gain":75.0,"event_name":"World of Goop","player_choice":"Gather Gold","floor":56.0,"gold_loss":0.0,"damage_taken":11.0},{"damage_healed":0.0,"max_hp_gain":0.0,"max_hp_loss":0.0,"gold_gain":0.0,"event_name":"Accursed Blacksmith","player_choice":"Forge","floor":61.0,"gold_loss":0.0,"damage_taken":0.0,"cards_upgraded":["Summon_Death_Knight"]},{"damage_healed":0.0,"max_hp_gain":0.0,"max_hp_loss":0.0,"gold_gain":0.0,"event_name":"Scrap Ooze","player_choice":"Success","floor":63.0,"gold_loss":0.0,"damage_taken":18.0,"relics_obtained":["Du-Vu Doll"]},{"damage_healed":0.0,"max_hp_gain":0.0,"max_hp_loss":0.0,"gold_gain":99.0,"event_name":"Nest","player_choice":"Stole From Cult","floor":70.0,"gold_loss":0.0,"damage_taken":0.0},{"cards_removed":["Madness"],"damage_healed":0,"gold_gain":0,"player_choice":"Purged","damage_taken":0,"max_hp_gain":0,"max_hp_loss":0,"event_name":"Purifier","floor":92,"gold_loss":0},{"damage_healed":0,"gold_gain":222,"player_choice":"Wore Mask","damage_taken":0,"max_hp_gain":0,"max_hp_loss":0,"event_name":"Tomb of Lord Red Mask","floor":96,"gold_loss":0},{"damage_healed":0,"gold_gain":0,"player_choice":"Fight","damage_taken":0,"max_hp_gain":0,"max_hp_loss":0,"event_name":"MindBloom","floor":97,"gold_loss":0}],"is_beta":false,"boss_relics":[{"not_picked":["Ectoplasm","Runic Pyramid"],"picked":"Empty Cage"},{"not_picked":["Velvet Choker","Tiny House"],"picked":"reliquary:RedCape"},{"not_picked":["reliquary:Ember","Fusion Hammer"],"picked":"Pandora\u0027s Box"},{"not_picked":["Fusion Hammer","hubris:BlackHole"],"picked":"infinitespire:Cupcake"},{"not_picked":["Cursed Key","reliquary:WritOfMandamus"],"picked":"hubris:Backtick"},{"not_picked":["hubris:GrandSneckoEye","Runic Pyramid","reliquary:KinkedSpring"]}],"items_purged_floors":[11,36,62,90],"is_endless":true,"potions_floor_spawned":[1,7,12,16,21,24,27,35,39,42,50,54,59,69,74,79,81,84,88,97],"ascension_level":0}}