{"host":"zk6vb2npgw3pu6j2","time":1611785465,"event":{"mods":["Act Like it!","Aspiration","Bard","BaseMod","Beaked The Cultist","Bestiary","Better Note","Better Sensory Stone","CapriCore","Conspire","Downfall","Friendly Minions","Gensokyo","GifTheSpireLib","Hallownest","Hermit","Hubris","Koishi","Marisa????????","Marked Mod","Minty Spire (QoL Compilation)","Quarter Circle Forward PUNCH!","Reimu??????","Replay The Spire","Retaliation","StSLib","The Administrix","The Alterego","The Blue Laboratory","The Bug Knight","The Construct","The Exalted","The Hierophant","The Immortal","The Marked","The Runesmith","The Senshi","The Servant 0.9.4","The Wild Card","TheVacant","Wandering Minibosses","yUi"],"gold_per_floor":[112,123,123,83,83,83,8,19,19,44,44,178,178,193,193,289,289,309,309,323,323,340,340,375,390,438,457,556,566,566,591,591,695,695,712,712,262,262,274,301,313,332,405,405,405,397,397,525,525,525,525,525,195,225,225,225,225],"floor_reached":55,"language":"ENG","playtime":3632,"items_purged":["hexamod:Strike","downfall:Bewildered","hexamod:Strike"],"score":995,"play_id":"fb15b413-5d73-4d42-b59f-fbc0e35f443d","local_time":"20210127171105","is_ascension_mode":false,"campfire_choices":[{"floor":6.0,"key":"RECALL"},{"data":"hexamod:Rewind","floor":11.0,"key":"SMITH"},{"data":"hexamod:SoulSteal","floor":13.0,"key":"SMITH"},{"floor":23,"key":"REST"},{"data":"hexamod:TimeOfNeed","floor":30,"key":"SMITH"},{"data":"hexamod:GhostflameBarrier","floor":32,"key":"SMITH"},{"data":"hexamod:TimeOfNeed","floor":45,"key":"SMITH"},{"data":"hexamod:ForkedFlame","floor":49,"key":"SMITH"},{"data":"Madness","floor":52,"key":"SMITH"}],"circlet_count":0,"master_deck":["hexamod:Strike","hexamod:Strike","hexamod:Defend","hexamod:Defend","hexamod:Defend","hexamod:Defend","hexamod:Sear","hexamod:Float","hexamod:HeatMetal","hexamod:ApocalypseNow+1","hexamod:Incineration","hexamod:AdvancingGuard+1","hexamod:Rewind+1","hexamod:SoulSteal+1","hexamod:Firestarter","hexamod:FlamesFromBeyond","hexamod:HeatMetal","hexamod:Toasty","hexamod:VolcanoVisage+1","hexamod:GhostflameBarrier+1","hexamod:BurningTouch","hexamod:Firestarter","hexamod:BurningTouch","hexamod:SuperheatedStrike","hexamod:ExtraCrispy","hexamod:ChargedBarrage","hexamod:TimeOfNeed+1","Searing Blow","hexamod:SpectralSpark","hexamod:RadiantFlame+1","hexamod:ForkedFlame+1","hexamod:ThermalTransfer+1","hexamod:ThermalTransfer","hexamod:TimeOfNeed+1","Madness+1","Madness","hexamod:TimeOfNeed+1","hexamod:EtherealExpedition+1","hexamod:PhantomCloak+1"],"relics":["hexamod:SpiritBrand","aspiration:Nostalgia","m_DevilBlood","Mastiff:ReiMu","PaintedHorse:ReiMu","hubris:Icosahedron","InkBottle","hexamod:InflammatoryLetter","SlaversCollar","sneckomod:BabySnecko","hubris:Spice","construct:ClawGrip","hubris:Towel","BargainBundle","Happy Flower","hubris:CuriousFeather","aspiration:StickyExplosives_weak","hexamod:TheBrokenSeal","Guide Book"],"acts_visited":["Exordium","TheCity","TheBeyond","TheEnding"],"potions_floor_usage":[22,33,48,50,55,55,55,55],"damage_taken":[{"damage":0.0,"enemies":"2 Louse","floor":1.0,"turns":2.0},{"damage":6.0,"enemies":"Jaw Worm","floor":2.0,"turns":3.0},{"damage":0.0,"enemies":"Cultist","floor":8.0,"turns":3.0},{"damage":7.0,"enemies":"3 Sentries","floor":10.0,"turns":8.0},{"damage":29.0,"enemies":"Lagavulin","floor":12.0,"turns":9.0},{"damage":1.0,"enemies":"Exordium Wildlife","floor":14.0,"turns":3.0},{"damage":22.0,"enemies":"The Guardian","floor":16.0,"turns":7.0},{"damage":10.0,"enemies":"Chosen","floor":18.0,"turns":4.0},{"damage":0,"enemies":"Spheric Guardian","floor":20,"turns":3},{"damage":13,"enemies":"Snecko","floor":22,"turns":4},{"damage":17,"enemies":"Slavers","floor":24,"turns":4},{"damage":36,"enemies":"Centurion and Healer","floor":25,"turns":6},{"damage":26,"enemies":"Cultist and Chosen","floor":27,"turns":6},{"damage":36,"enemies":"Shelled Parasite and Fungi","floor":29,"turns":7},{"damage":23,"enemies":"Book of Stabbing","floor":31,"turns":5},{"damage":49,"enemies":"Pondfish","floor":33,"turns":10},{"damage":4,"enemies":"3 Shapes","floor":35,"turns":4},{"damage":0,"enemies":"Orb Walker","floor":39,"turns":3},{"damage":4,"enemies":"HollowMod:StalkingDevout","floor":40,"turns":7},{"damage":45,"enemies":"Spire Growth","floor":41,"turns":6},{"damage":19,"enemies":"Jaw Worm Horde","floor":42,"turns":5},{"damage":25,"enemies":"Transient","floor":48,"turns":5},{"damage":74,"enemies":"Donu and Deca","floor":50,"turns":8},{"damage":24,"enemies":"Shield and Spear","floor":54,"turns":3},{"damage":69,"enemies":"The Heart","floor":55,"turns":6}],"seed_played":"-3066077021015363425","potions_obtained":[{"floor":2.0,"key":"blueLaboratory:EnragingPotion"},{"floor":12.0,"key":"AttackPotion"},{"floor":14.0,"key":"blueLaboratory:BottleOfVodka"},{"floor":33,"key":"Regen Potion"},{"floor":47,"key":"blueLaboratory:ForbiddenFruitJuice"},{"floor":47,"key":"CultistPotion"},{"floor":48,"key":"sneckomod:MuddlingPotion"},{"floor":48,"key":"Reflective Coating"}],"is_trial":false,"path_per_floor":["M","M","?","?","?","R","$","M","T","E","R","E","R","M","R","B",null,"M","?","M","?","M","R","E","M","T","M","?","M","R","E","R","B",null,"M","?","$","?","M","E","M","M","T","?","R","?","?","M","R","B",null,"R","$","E","B"],"character_chosen":"THE_SPIRIT","items_purchased":["BargainBundle","hexamod:TimeOfNeed","Happy Flower","Guide Book","hexamod:EtherealExpedition+1"],"campfire_rested":1,"item_purchase_floors":[37,37,37,53,53],"current_hp_per_floor":[70,68,68,68,68,68,68,70,70,70,70,51,51,54,70,60,70,66,66,70,70,59,70,74,51,59,44,44,70,70,60,60,21,86,86,86,86,75,77,86,56,47,47,47,47,47,47,76,76,73,86,86,86,68,0,0,0],"gold":225,"neow_bonus":"NOSTALGIA","is_daily":false,"chose_seed":false,"campfire_upgraded":7,"win_rate":0.0,"timestamp":1611785465,"path_taken":["M","M","?","?","?","R","$","M","T","E","R","E","R","?","R","BOSS","M","?","M","?","M","R","E","M","T","M","?","M","R","E","R","BOSS","M","?","$","?","M","E","M","M","T","?","R","?","?","?","R","BOSS","R","$","E","BOSS"],"items_purchased_type":["Relic","Card","Relic","Relic","Card"],"build_version":"2020-12-22","purchased_purges":3,"victory":false,"max_hp_per_floor":[70,70,70,70,70,70,70,70,70,70,70,70,70,70,70,70,70,70,70,70,70,70,70,78,78,86,86,86,86,86,86,86,86,86,86,86,86,86,86,86,86,86,86,86,86,86,86,76,76,86,86,86,86,86,86,86,86],"card_choices":[{"not_picked":["hexamod:GhostShield","hexamod:GhostLash"],"picked":"hexamod:HeatMetal","floor":1.0},{"not_picked":["True Grit","hexamod:GhostShield"],"picked":"hexamod:ThirdSeal","floor":2.0},{"not_picked":["hexamod:FastForward","hexamod:GhostLash"],"picked":"hexamod:ApocalypseNow","floor":8.0},{"not_picked":["hexamod:Rewind","hexamod:PhantomCloak"],"picked":"hexamod:Incineration","floor":8.0},{"not_picked":["Warcry","hexamod:Incineration"],"picked":"hexamod:AdvancingGuard","floor":10.0},{"not_picked":["hexamod:Hexaguard","hexamod:StepThrough"],"picked":"hexamod:Rewind","floor":10.0},{"not_picked":["hexamod:ChargedBarrage","hexamod:NecessarySacrifice"],"picked":"hexamod:SoulSteal","floor":12.0},{"not_picked":["hexamod:NightmareGuise","hexamod:FastForward"],"picked":"hexamod:Firestarter","floor":12.0},{"not_picked":["hexamod:CatchUp","hexamod:EmpoweredFlame"],"picked":"hexamod:FlamesFromBeyond","floor":14.0},{"not_picked":["hexamod:GhostLash","hexamod:SoulSteal"],"picked":"hexamod:HeatMetal","floor":14.0},{"not_picked":["hexamod:GhostOfSpirePresent","hexamod:HexaLevel"],"picked":"hexamod:Toasty","floor":16.0},{"not_picked":["hexamod:UnlimitedPower","hexamod:GhostflameInferno"],"picked":"hexamod:VolcanoVisage","floor":16.0},{"not_picked":["hexamod:GhostLash+1","hexamod:Again+1"],"picked":"hexamod:GhostflameBarrier","floor":18.0},{"not_picked":["hexamod:ChargedBarrage","hexamod:GhostOfSpireFuture"],"picked":"hexamod:BurningTouch","floor":18.0},{"not_picked":["hexamod:GhostLash","hexamod:UnleashSpirits"],"picked":"hexamod:Firestarter","floor":20},{"not_picked":["hexamod:GhostShield+1","Dark Embrace"],"picked":"hexamod:BurningTouch","floor":20},{"not_picked":["hexamod:SpectersWail","hexamod:SpectralAdrenaline+1"],"picked":"hexamod:FirstSeal","floor":22},{"not_picked":["hexamod:GhostflameBarrier","hexamod:BurningTouch","True Grit"],"picked":"SKIP","floor":22},{"not_picked":["hexamod:ShieldOfDarkness+1","hexamod:NightmareGuise"],"picked":"hexamod:SuperheatedStrike","floor":24},{"not_picked":["hexamod:TimeWarp","hexamod:Firestarter"],"picked":"hexamod:ExtraCrispy","floor":24},{"not_picked":["hexamod:GhostLash+1","hexamod:HauntingEcho"],"picked":"hexamod:ChargedBarrage","floor":25},{"not_picked":["hexamod:AdvancingGuard","hexamod:GhostflameBarrier","Dark Embrace"],"picked":"SKIP","floor":25},{"not_picked":["Warcry","hexamod:NightmareGuise"],"picked":"hexamod:TimeOfNeed","floor":27},{"not_picked":["hexamod:NightmareStrike","hexamod:SkipABeat","hexamod:GhostLash"],"picked":"SKIP","floor":27},{"not_picked":["hexamod:FastForward","hubris:SpiceAddiction"],"picked":"Searing Blow","floor":29},{"not_picked":["hexamod:Again+1","hexamod:NightmareGuise"],"picked":"hexamod:SpectralSpark","floor":31},{"not_picked":["hexamod:RecurringNightmare","hexamod:PhantomFireball"],"picked":"hexamod:RadiantFlame+1","floor":31},{"not_picked":["hubris:SpiceAddiction","hexamod:TurnItUp"],"picked":"hexamod:ForkedFlame","floor":33},{"not_picked":["hexamod:HeatMetal+1","hexamod:GhostShield+1"],"picked":"hexamod:ThermalTransfer+1","floor":35},{"not_picked":["hexamod:CatchUp","hexamod:BacktrackSmack"],"picked":"hexamod:ThermalTransfer","floor":35},{"not_picked":["hexamod:StepThrough","hexamod:GhostLash+1","hexamod:FastForward+1"],"picked":"SKIP","floor":39},{"not_picked":["hexamod:RetreatToShadows","hexamod:ShieldOfDarkness+1"],"picked":"hexamod:FifthSeal","floor":40},{"not_picked":["hexamod:SpectersWail","hexamod:ShieldOfDarkness"],"picked":"hexamod:TimeOfNeed","floor":40},{"not_picked":["hexamod:ThirdSeal","hexamod:FirstSeal"],"picked":"hexamod:FourthSeal","floor":41},{"not_picked":["hexamod:SkipABeat","hexamod:AdvancingGuard+1","hexamod:HauntingEcho"],"picked":"SKIP","floor":41},{"not_picked":["hexamod:FirstSeal","hexamod:FourthSeal"],"picked":"hexamod:SixthSeal","floor":42},{"not_picked":["hubris:SpiceAddiction","hubris:SpiceAddiction","hexamod:BacktrackSmack"],"picked":"SKIP","floor":42},{"not_picked":["hexamod:FourthSeal","hexamod:BacktrackSmack+1","hexamod:NightmareGuise"],"picked":"SKIP","floor":42},{"not_picked":["hexamod:ShieldOfDarkness","hexamod:Firestarter","hexamod:StepThrough"],"picked":"SKIP","floor":48},{"not_picked":["hexamod:HeatShield","hexamod:SuperheatedStrike"],"picked":"hexamod:PhantomCloak+1","floor":54}],"player_experience":283682,"relics_obtained":[{"floor":10.0,"key":"InkBottle"},{"floor":12.0,"key":"hexamod:InflammatoryLetter"},{"floor":24,"key":"hubris:Spice"},{"floor":26,"key":"hubris:Spice"},{"floor":40,"key":"hubris:CuriousFeather"},{"floor":43,"key":"aspiration:StickyExplosives_weak"}],"event_choices":[{"damage_healed":0.0,"max_hp_gain":0.0,"max_hp_loss":0.0,"gold_gain":0.0,"event_name":"yidonshenshe","player_choice":"Donate","floor":4.0,"gold_loss":40.0,"damage_taken":0.0,"relics_obtained":["PaintedHorse:ReiMu"]},{"cards_removed":["hexamod:ApocalypseNow"],"damage_healed":0,"gold_gain":0,"player_choice":"Give","damage_taken":0,"max_hp_gain":0,"max_hp_loss":0,"event_name":"betterNote:BetterNote","floor":19,"gold_loss":0,"cards_obtained":["None"]},{"damage_healed":0,"gold_gain":99,"player_choice":"Stole From Cult","damage_taken":0,"max_hp_gain":0,"max_hp_loss":0,"event_name":"Nest","floor":28,"gold_loss":0},{"damage_healed":0,"gold_gain":0,"player_choice":"Embrace Madness","damage_taken":11,"max_hp_gain":0,"max_hp_loss":0,"event_name":"Winding Halls","floor":38,"gold_loss":0,"cards_obtained":["Madness","Madness"]},{"damage_healed":0,"gold_gain":0,"player_choice":"Got Potions","damage_taken":0,"max_hp_gain":0,"max_hp_loss":0,"event_name":"Lab","floor":47,"gold_loss":0}],"is_beta":false,"boss_relics":[{"not_picked":["Replay:Drink Me","aspiration:FutureDiary"],"picked":"SlaversCollar"},{"not_picked":["Busted Crown","hubris:Spice"],"picked":"construct:ClawGrip"}],"items_purged_floors":[7,37,53],"is_endless":false,"potions_floor_spawned":[2,12,14,18,20,24,31,33,35,40,48],"killed_by":"The Heart","ascension_level":0}}