{"host":"nia1zwr35jsu5y7h","time":1611748386,"event":{"mods":["2.2 Compatiblity","Abigail Mod","Bard","BaseMod","Colored Map","Conspire","Downfall","Friendly Minions","Hermit","Highlight Path","Hubris","Infinite Spire","Kiyohime????","Koishi","Marisa????????","Minty Spire (QoL Compilation)","Quick Restart","Replay The Spire","Shade Mod","Shop Mod","StSLib","The Administrix","The Animator","The Construct","The Cursed","The Disciple","The Mystic","The Necromancer","The Servant 0.9.4"],"gold_per_floor":[361,361,382,80,80,111,111,11,11,57,57,96,126,161,161,302,302,320,9,34,34,82,116,116,149,174,174,188,213,213,63,63,194,194,212,235,258,93,109,109,109,109,109,26,71,71,111,127,127,127],"floor_reached":51,"language":"ENG","playtime":5371,"items_purged":["animator:Strike","animator:Strike","animator:Curse_Nutcracker","hubris:Despair"],"score":1063,"play_id":"c1482427-9b39-4618-b365-2387b4961e7c","local_time":"20210127035306","is_ascension_mode":true,"campfire_choices":[{"data":"ReplayTheSpireMod:??????????????????????","floor":7,"key":"SMITH"},{"floor":11,"key":"REST"},{"data":"animator:HomuraAkemi","floor":15,"key":"SMITH"},{"data":"animator:HououinKyouma","floor":24,"key":"SMITH"},{"floor":30,"key":"REST"},{"floor":32,"key":"REST"},{"data":"animator:KotoriKanbe","floor":42,"key":"SMITH"},{"data":"animator:NagisaMomoe","floor":46,"key":"SMITH"},{"data":"animator:YachiyoNanami","floor":49,"key":"SMITH"}],"circlet_count":0,"master_deck":["animator:IrohaTamaki","animator:YuiTsuruno","Survivor","Shade:CarefulCut","animator:WinryRockbell","animator:Pride","animator:Eve","animator:Urushihara","ReplayTheSpireMod:??????????????????????+1","animator:Hans","animator:SayakaMiki+1","animator:ElricAlphonse","animator:FielNirvalen","animator:HomuraAkemi+1","animator:Kyubey+1","AbeCurse","animator:MamiTomoe","animator:HououinKyouma+1","animator:Add+1","animator:HinaKagiyama","animator:Curse_Dizziness","animator:YachiyoNanami+1","animator:Ain","animator:WinryRockbell","animator:MisaKurobane","animator:DolaStephanie","animator:MadokaKaname","animator:Evileye","animator:NagisaMomoe+1","animator:KotoriKanbe+1","animator:GazelDwargon+1","animator:Magilou","animator:MamizouFutatsuiwa","animator:FeridBathory","animator:NagisaMomoe"],"relics":["animator:LivingPicture","animator:TheMissingPiece","animator:PurgingStone","Golden Idol","HornCleat","hubris:Metronome","Pet Ghost","Potion Belt","infinitespire:Satchel","Replay:Grab Bag","Abe\u0027s Treasure","ChewingGum","Kintsugi","Lantern","Chameleon Ring","War Paint","Philosopher\u0027s Stone","Letter Opener","conspire:DecoderRing","infinitespire:WardingShard","PreservedInsect"],"acts_visited":["Exordium","TheCity","TheBeyond"],"potions_floor_usage":[10,23,23,29,45,47,48,50,50],"damage_taken":[{"damage":1,"enemies":"Jaw Worm","floor":1,"turns":4},{"damage":0,"enemies":"2 Louse","floor":3,"turns":3},{"damage":13,"enemies":"Replay:BlueRogue","floor":6,"turns":7},{"damage":0,"enemies":"Gremlin Nob","floor":10,"turns":4},{"damage":0,"enemies":"3 Sentries","floor":12,"turns":5},{"damage":5,"enemies":"Small Slimes","floor":13,"turns":3},{"damage":0,"enemies":"Replay:BlueRogue","floor":14,"turns":5},{"damage":0,"enemies":"Fading Forest","floor":16,"turns":12},{"damage":0,"enemies":"3 Byrds","floor":18,"turns":6},{"damage":0,"enemies":"Spheric Guardian","floor":20,"turns":5},{"damage":2,"enemies":"Centurion and Healer","floor":22,"turns":5},{"damage":21,"enemies":"conspire:Head Lice","floor":23,"turns":4},{"damage":22,"enemies":"Slavers","floor":25,"turns":6},{"damage":9,"enemies":"Snake Plant","floor":28,"turns":5},{"damage":7,"enemies":"Chosen and Byrds","floor":29,"turns":6},{"damage":21,"enemies":"Champ","floor":33,"turns":11},{"damage":13,"enemies":"Orb Walker","floor":35,"turns":4},{"damage":24,"enemies":"3 Shapes","floor":36,"turns":4},{"damage":34,"enemies":"Spire Growth","floor":37,"turns":7},{"damage":0,"enemies":"Sphere and 2 Shapes","floor":39,"turns":5},{"damage":0,"enemies":"Reptomancer","floor":45,"turns":6},{"damage":0,"enemies":"Nightmare","floor":47,"turns":6},{"damage":10,"enemies":"Transient","floor":48,"turns":6},{"damage":12,"enemies":"Time Eater","floor":50,"turns":10}],"seed_played":"-4148132375380135485","potions_obtained":[{"floor":1,"key":"hexamod:SoulburnPotion"},{"floor":12,"key":"Death Potion"},{"floor":13,"key":"SteroidPotion"},{"floor":14,"key":"SkillPotion"},{"floor":20,"key":"hexamod:SoulburnPotion"},{"floor":22,"key":"Milkshake"},{"floor":23,"key":"Ancient Potion"},{"floor":28,"key":"Elixir"},{"floor":39,"key":"FearPotion"},{"floor":45,"key":"Ancient Potion"},{"floor":48,"key":"AttackPotion"}],"is_trial":false,"path_per_floor":["M","?","M","$","?","E","R","$","T","E","R","E","M","E","R","B",null,"M","$","M","?","M","E","R","E","T","?","M","M","R","$","R","B",null,"M","M","M","$","M","T","?","R","T","$","E","R","NM","M","R","B",null],"character_chosen":"THE_ANIMATOR","items_purchased":["animator:Eve","animator:Urushihara","animator:HououinKyouma","animator:KotoriKanbe","animator:MamizouFutatsuiwa"],"campfire_rested":3,"item_purchase_floors":[4,4,19,38,44],"current_hp_per_floor":[65,49,49,49,32,19,19,19,19,19,38,38,33,34,34,44,67,68,68,68,68,66,45,45,23,23,23,14,8,28,28,48,29,71,68,53,34,34,40,40,40,40,40,40,49,49,67,66,66,63],"gold":127,"neow_bonus":"TWO_FIFTY_GOLD","is_daily":false,"chose_seed":false,"campfire_upgraded":6,"win_rate":0.0,"timestamp":1611748386,"path_taken":["M","?","M","$","?","E","R","$","T","E","R","E","M","E","R","BOSS","M","$","M","?","M","E","R","E","T","?","M","M","R","$","R","BOSS","M","M","?","$","?","?","?","R","T","$","E","R","NM","M","R","BOSS"],"items_purchased_type":["Card","Card","Card","Card","Card"],"build_version":"2020-12-22","purchased_purges":4,"victory":true,"max_hp_per_floor":[66,66,66,66,66,66,66,66,66,66,66,66,66,67,67,67,67,68,68,68,68,68,68,68,68,68,68,68,69,69,69,69,71,71,71,71,71,71,71,71,71,71,71,71,71,71,71,71,71,71],"card_choices":[{"not_picked":["animator:Cocytus","animator:YuiTsuruno"],"picked":"animator:WinryRockbell","floor":1},{"not_picked":["animator:Tet","animator:Hakurou"],"picked":"animator:Pride","floor":3},{"not_picked":["Replay:Fractal Strike","infinitespire:DeathsTouch"],"picked":"ReplayTheSpireMod:??????????????????????","floor":5},{"not_picked":["animator:Vanir","animator:HiiragiShinya"],"picked":"animator:Hans","floor":6},{"not_picked":["animator:KyokoSakura","animator:IrohaTamaki"],"picked":"animator:SayakaMiki","floor":10},{"not_picked":["animator:GazelDwargon","animator:DolaSchwi"],"picked":"animator:ElricAlphonse","floor":12},{"not_picked":["animator:Darkness","animator:Tet"],"picked":"animator:FielNirvalen","floor":13},{"not_picked":["animator:CowGirl","animator:Jibril"],"picked":"animator:HomuraAkemi","floor":14},{"not_picked":["animator:SwordMaiden","animator:Ainz"],"picked":"animator:Kyubey","floor":16},{"not_picked":["animator:SuzuneAmano","animator:YuiTsuruno"],"picked":"animator:MamiTomoe","floor":18},{"not_picked":["animator:Pride","animator:DwarfShaman"],"picked":"animator:Add+1","floor":20},{"not_picked":["animator:YuiTsuruno","animator:Shigure"],"picked":"animator:YachiyoNanami","floor":22},{"not_picked":["animator:Add","animator:Gluttony"],"picked":"animator:Ain","floor":23},{"not_picked":["animator:ElricEdward","animator:MaesHughes"],"picked":"animator:WinryRockbell","floor":25},{"not_picked":["animator:Mikaela","animator:Shinoa","animator:Laby"],"picked":"SKIP","floor":28},{"not_picked":["animator:Shigure","animator:DolaSchwi"],"picked":"animator:DolaStephanie","floor":29},{"not_picked":["animator:Kyubey","animator:Eris"],"picked":"animator:MadokaKaname","floor":33},{"not_picked":["animator:SuzuneAmano","animator:YunYun"],"picked":"animator:Evileye","floor":35},{"not_picked":["animator:SuzuneAmano","animator:MamiTomoe"],"picked":"animator:NagisaMomoe","floor":36},{"not_picked":["animator:Sebas","animator:SayakaMiki+1","animator:YuiTsuruno"],"picked":"SKIP","floor":37},{"not_picked":["animator:Sebas+1","animator:HighElfArcher"],"picked":"animator:GazelDwargon+1","floor":39},{"not_picked":["animator:MamizouFutatsuiwa","animator:QuestionMark"],"picked":"animator:Magilou","floor":41},{"not_picked":["animator:Evileye+1","animator:DolaStephanie"],"picked":"animator:FeridBathory","floor":45},{"not_picked":["animator:OrikoMikuni","animator:KyokoSakura"],"picked":"animator:NagisaMomoe","floor":47},{"not_picked":["animator:KrulTepes","animator:SuzuneAmano","animator:YuiTsuruno+1"],"picked":"SKIP","floor":48}],"player_experience":2265024,"relics_obtained":[{"floor":6,"key":"HornCleat"},{"floor":9,"key":"hubris:Metronome"},{"floor":10,"key":"Pet Ghost"},{"floor":12,"key":"Potion Belt"},{"floor":14,"key":"infinitespire:Satchel"},{"floor":23,"key":"Lantern"},{"floor":25,"key":"Chameleon Ring"},{"floor":26,"key":"War Paint"},{"floor":40,"key":"Letter Opener"},{"floor":43,"key":"conspire:DecoderRing"},{"floor":45,"key":"infinitespire:WardingShard"},{"floor":47,"key":"PreservedInsect"}],"event_choices":[{"damage_healed":0,"gold_gain":0,"player_choice":"Take Damage","damage_taken":16,"relics_obtained":["Golden Idol"],"max_hp_gain":0,"max_hp_loss":0,"event_name":"Golden Idol","floor":2,"gold_loss":0},{"damage_healed":0,"gold_gain":0,"cards_transformed":["animator:Defend_MadokaMagica"],"player_choice":"Transformed","damage_taken":0,"max_hp_gain":0,"max_hp_loss":0,"event_name":"Transmorgrifier","floor":27,"gold_loss":0,"cards_obtained":["animator:MisaKurobane"]},{"damage_healed":0,"gold_gain":0,"player_choice":"Memory 1","damage_taken":0,"max_hp_gain":0,"max_hp_loss":0,"event_name":"SensoryStone","floor":41,"gold_loss":0}],"is_beta":false,"boss_relics":[{"not_picked":["construct:WeddingRing","hubris:GrandSneckoEye"],"picked":"Replay:Grab Bag"},{"not_picked":["Mark of Pain","Velvet Choker"],"picked":"Abe\u0027s Treasure"},{"not_picked":["Runic Dome","conspire:RoyalGoblet"],"picked":"ChewingGum"},{"not_picked":["conspire:RunicOctahedron","conspire:SpecialSausage"],"picked":"Kintsugi"},{"not_picked":["Ring of Chaos","conspire:SeveredTorchhead"],"picked":"Philosopher\u0027s Stone"}],"items_purged_floors":[4,8,19,31],"is_endless":false,"potions_floor_spawned":[1,12,13,14,20,22,23,28,39,45,48],"ascension_level":2}}