{"host":"b69u97qm214vzd6b","time":1611775076,"event":{"mods":["BaseMod","Downfall","Hermit","Infinite Spire","Minty Spire (QoL Compilation)","Replay The Spire","StSLib","The Animator","The Cursed"],"gold_per_floor":[116,66,66,78,95,130,130,160,160,185,185,245,245,262,262,373,373,386,489,485,510,530,561,561,593,646,682,682,308,341,361,361,462,462,482,503,603,200,213,260,274,308,308,308,134,181,181,232,232,246,246,246,195,233,241],"floor_reached":56,"language":"ENG","playtime":4737,"items_purged":["Spreading Infection","Parasite"],"score":1599,"play_id":"7d077848-75f9-466c-8b52-cf2b66b5341c","local_time":"20210127121756","is_ascension_mode":true,"campfire_choices":[{"floor":7,"key":"RECALL"},{"floor":11,"key":"REST"},{"floor":15,"key":"REST"},{"floor":24,"key":"REST"},{"floor":28,"key":"REST"},{"floor":32,"key":"REST"},{"floor":44,"key":"REST"},{"floor":49,"key":"REST"},{"data":"Creative AI","floor":52,"key":"SMITH"}],"circlet_count":0,"master_deck":["Strike_B","Strike_B","Strike_B","Strike_B","Defend_B+1","Defend_B+1","Defend_B+1","Defend_B+1","Zap","Dualcast","animator:Defend_Konosuba","Creative AI+1","Conserve Battery","Hologram","Streamline","BootSequence","BasicCrystalCard","ReplaySolidLightProjector","Loop+1","Melter","Mirror Shield","Rebound","FTL+1","Redo","Hello World+1","Coolheaded","Steam","FIFO Queue+1","Auto Shields","Barrage","Defragment+1","Transmutation","Enlightenment","Self Repair+1","Hello World+1","Loop+1","Cold Snap","Capacitor+1","Replay:Dark Deal","Tempest+1","Loop+1","Sweeping Beam","Steam","Conserve Battery","Chill+1","Stack","Barrage+1","Coolheaded+1"],"relics":["Cracked Core","Letter Opener","Frozen Egg 2","infinitespire:WardingShard","Replay:Rubber Ducky","Replay:Bandana","ReplayTheSpireMod:Ring of Exchange","SlaversCollar","Onion Ring","ReplayTheSpireMod:TigerMarble","Replay:Bottled Eggs","Tiny Chest","Toolbox","Happy Flower","Prayer Wheel","Quantum Egg","infinitespire:Beetle Shell","Geode","Ancient Tea Set","downfall:ExtraCursedKey","Orichalcum","CaptainsWheel"],"acts_visited":["Exordium","TheCity","TheBeyond","TheEnding"],"potions_floor_usage":[10,10,12,16,23,36,41,50,54,55,55,55],"damage_taken":[{"damage":10,"enemies":"2 Louse","floor":1,"turns":1},{"damage":0,"enemies":"Jaw Worm","floor":4,"turns":5},{"damage":2,"enemies":"Small Slimes","floor":5,"turns":4},{"damage":7,"enemies":"Replay:BlueRogue","floor":6,"turns":9},{"damage":31,"enemies":"Lagavulin","floor":8,"turns":7},{"damage":33,"enemies":"Gremlin Nob","floor":10,"turns":4},{"damage":8,"enemies":"Lagavulin Event","floor":12,"turns":8},{"damage":0,"enemies":"3 Louse","floor":14,"turns":3},{"damage":25,"enemies":"The Guardian","floor":16,"turns":10},{"damage":0,"enemies":"Chosen","floor":18,"turns":5},{"damage":26,"enemies":"2 Thieves","floor":20,"turns":5},{"damage":0,"enemies":"Sentry and Sphere","floor":21,"turns":5},{"damage":6,"enemies":"Shelled Parasite and Fungi","floor":22,"turns":11},{"damage":3,"enemies":"Nightmare","floor":23,"turns":9},{"damage":0,"enemies":"Gremlin Leader","floor":25,"turns":8},{"damage":0,"enemies":"Replay:Snechameleon","floor":27,"turns":8},{"damage":5,"enemies":"Slavers","floor":30,"turns":6},{"damage":46,"enemies":"3 Cultists","floor":31,"turns":7},{"damage":0,"enemies":"Champ","floor":33,"turns":15},{"damage":0,"enemies":"Orb Walker","floor":35,"turns":5},{"damage":21,"enemies":"3 Darklings","floor":36,"turns":3},{"damage":0,"enemies":"Writhing Mass","floor":39,"turns":15},{"damage":35,"enemies":"Reptomancer","floor":40,"turns":8},{"damage":39,"enemies":"Spire Growth","floor":41,"turns":7},{"damage":0,"enemies":"Nemesis","floor":42,"turns":11},{"damage":1,"enemies":"Reptomancer","floor":48,"turns":6},{"damage":0,"enemies":"infinitespire:MassOfShapes","floor":50,"turns":11},{"damage":8,"enemies":"Shield and Spear","floor":54,"turns":12},{"damage":28,"enemies":"The Heart","floor":55,"turns":18}],"seed_played":"4873502535313963671","potions_obtained":[{"floor":5,"key":"FocusPotion"},{"floor":6,"key":"champ:CounterPotion"},{"floor":8,"key":"Fire Potion"},{"floor":10,"key":"Milkshake"},{"floor":16,"key":"Block Potion"},{"floor":21,"key":"SkillPotion"},{"floor":22,"key":"Languid Potion"},{"floor":23,"key":"infinitespire:BlackPotion"},{"floor":25,"key":"SkillPotion"},{"floor":39,"key":"DuplicationPotion"},{"floor":54,"key":"Explosive Potion"}],"is_trial":false,"path_per_floor":["M","?","?","M","M","E","R","E","T","E","R","?","?","M","R","B",null,"M","?","M","M","M","NM","R","E","T","E","R","$","E","M","R","B",null,"M","M","?","$","M","E","M","E","T","R","$","T","?","E","R","B",null,"R","$","E","B",null],"character_chosen":"DEFECT","items_purchased":["Defragment+1","Transmutation","Enlightenment","Capacitor+1","Happy Flower","AttackPotion","Replay:Dark Deal","Block Potion","Stack","SkillPotion"],"campfire_rested":7,"item_purchase_floors":[29,29,29,38,38,38,38,45,45,53],"current_hp_per_floor":[75,75,75,75,73,66,66,35,35,2,24,16,16,16,38,13,75,75,45,19,19,13,10,32,32,32,32,54,54,49,13,35,35,75,75,64,64,64,74,49,20,30,30,52,52,52,52,61,72,72,72,72,72,72,54],"gold":241,"neow_bonus":"THREE_RARE_CARDS","is_daily":false,"chose_seed":false,"campfire_upgraded":1,"win_rate":0.0,"timestamp":1611775076,"path_taken":["M","?","?","M","M","E","R","E","T","E","R","?","?","M","R","BOSS","M","?","M","M","M","NM","R","E","T","E","R","$","E","?","R","BOSS","M","M","?","$","M","E","?","E","T","R","$","?","?","E","R","BOSS","R","$","E","BOSS"],"items_purchased_type":["Card","Card","Card","Card","Relic","Potion","Card","Potion","Card","Potion"],"build_version":"2020-12-13","purchased_purges":2,"victory":true,"max_hp_per_floor":[75,75,75,75,75,75,75,75,75,75,75,75,75,75,75,75,75,75,75,75,75,75,75,75,75,75,75,75,75,75,75,75,75,75,75,75,75,75,75,75,75,75,75,75,72,72,72,72,72,72,72,72,72,72,72],"card_choices":[{"not_picked":["Fission","Seek"],"picked":"Creative AI","floor":0},{"not_picked":["Ball Lightning","Static Discharge"],"picked":"Conserve Battery","floor":1},{"not_picked":["Fusion","BasicCrystalCard"],"picked":"Hologram","floor":4},{"not_picked":["Leap","Panic Button"],"picked":"Streamline","floor":5},{"not_picked":["ReplayRNGCard","Hologram"],"picked":"BootSequence","floor":6},{"not_picked":["Beam Cell","Compile Driver"],"picked":"BasicCrystalCard","floor":8},{"not_picked":["Ball Lightning","Thunder Strike"],"picked":"ReplaySolidLightProjector","floor":10},{"not_picked":["Beam Cell","White Noise"],"picked":"Loop+1","floor":12},{"not_picked":["Skim","Ball Lightning"],"picked":"Melter","floor":14},{"not_picked":["Multi-Cast","ReplayTheSpireMod:Omega Cannon"],"picked":"Mirror Shield","floor":16},{"not_picked":["FTL","Turbo+1"],"picked":"Rebound","floor":18},{"not_picked":["Panic Button","ReplayTheSpireMod:Repulse"],"picked":"FTL+1","floor":19},{"not_picked":["Steam Power","Heatsinks+1"],"picked":"Redo","floor":19},{"not_picked":["Leap+1","Chaos"],"picked":"Hello World+1","floor":20},{"not_picked":["Leap","Darkness"],"picked":"Coolheaded","floor":21},{"not_picked":["ReplayTheSpireMod:Repulse","Beam Cell"],"picked":"Steam","floor":22},{"not_picked":["Compile Driver+1","Sweeping Beam"],"picked":"FIFO Queue+1","floor":23},{"not_picked":["ReplayTheSpireMod:Reroute Power","Core Surge"],"picked":"Auto Shields","floor":25},{"not_picked":["Storm+1","Panic Button"],"picked":"Barrage","floor":27},{"not_picked":["Undo","Panic Button+1"],"picked":"Self Repair+1","floor":30},{"not_picked":["Tempest","Auto Shields"],"picked":"Hello World+1","floor":31},{"not_picked":["Machine Learning+1","Mirror Shield"],"picked":"ReplayTheSpireMod:Fabricate Wheel","floor":33},{"not_picked":["ReplaySort","Barrage"],"picked":"Loop+1","floor":35},{"not_picked":["Barrage+1","Coolheaded+1"],"picked":"Cold Snap","floor":36},{"not_picked":["Multi-Cast","Beam Cell+1"],"picked":"Tempest+1","floor":39},{"not_picked":["Darkness","Hologram"],"picked":"Loop+1","floor":39},{"not_picked":["Doom and Gloom+1","Steam"],"picked":"Sweeping Beam","floor":40},{"not_picked":["FTL","Streamline+1"],"picked":"Steam","floor":41},{"not_picked":["Hologram","Gash+1"],"picked":"Conserve Battery","floor":41},{"not_picked":["Tempest","Cold Snap"],"picked":"Chill+1","floor":42},{"not_picked":["Tempest+1","Meteor Strike"],"picked":"Barrage+1","floor":48},{"not_picked":["BasicCrystalCard+1","Blizzard+1"],"picked":"Coolheaded+1","floor":54}],"player_experience":91751,"relics_obtained":[{"floor":6,"key":"Letter Opener"},{"floor":8,"key":"Frozen Egg 2"},{"floor":9,"key":"infinitespire:WardingShard"},{"floor":10,"key":"Replay:Rubber Ducky"},{"floor":12,"key":"Replay:Bandana"},{"floor":13,"key":"ReplayTheSpireMod:Ring of Exchange"},{"floor":23,"key":"Onion Ring"},{"floor":25,"key":"ReplayTheSpireMod:TigerMarble"},{"floor":27,"key":"Replay:Bottled Eggs"},{"floor":30,"key":"Tiny Chest"},{"floor":40,"key":"Quantum Egg"},{"floor":42,"key":"infinitespire:Beetle Shell"},{"floor":43,"key":"Geode"},{"floor":46,"key":"Ancient Tea Set"},{"floor":48,"key":"Orichalcum"},{"floor":54,"key":"CaptainsWheel"}],"event_choices":[{"cards_removed":["champ:Execute"],"damage_healed":0,"gold_gain":0,"player_choice":"Card Removal","damage_taken":0,"max_hp_gain":0,"max_hp_loss":0,"event_name":"The Cleric","floor":2,"gold_loss":50},{"damage_healed":0,"gold_gain":0,"player_choice":"Searched \u00271\u0027 times","damage_taken":0,"max_hp_gain":0,"max_hp_loss":0,"event_name":"Dead Adventurer","floor":12,"gold_loss":0},{"damage_healed":0,"gold_gain":100,"player_choice":"Pray","damage_taken":0,"max_hp_gain":0,"max_hp_loss":0,"event_name":"Golden Shrine","floor":37,"gold_loss":0}],"is_beta":false,"boss_relics":[{"not_picked":["Painkiller Herb","Strange Spoon"],"picked":"SlaversCollar"},{"not_picked":["Replay:Ancient Bell","Runic Pyramid"],"picked":"Toolbox"}],"items_purged_floors":[29,45],"is_endless":false,"potions_floor_spawned":[5,6,8,10,16,21,22,23,25,36,39,40,54],"ascension_level":2}}