{"host":"01gbg40krdpein5y","time":1611728576,"event":{"mods":["BaseMod","BetterRewards","Minty Spire (QoL Compilation)","Permanent Neow","Remove Card Discount Mod","SuperFastMode","Transform Curses"],"gold_per_floor":[110,110,128,128,144,144,144,170,170,42,56,56,56,118,118,217,267,283,283,283,300,318,318,345,21,21,39,138,138,155,170,170,266,266,281,10,23,23,41,69,69,0,24,41,41,60,73,90,90,90,90],"floor_reached":50,"language":"ENG","playtime":2441,"items_purged":["Loop+1","Shame"],"score":669,"play_id":"3d54f394-809f-44e0-8266-b5b2b0cbd00b","local_time":"20210126222256","is_ascension_mode":false,"campfire_choices":[{"data":"Double Energy","floor":6,"key":"SMITH"},{"data":"Zap","floor":13,"key":"SMITH"},{"data":"Tempest","floor":15,"key":"SMITH"},{"floor":23,"key":"REST"},{"floor":32,"key":"REST"},{"data":"Double Energy","floor":41,"key":"SMITH"},{"floor":49,"key":"REST"}],"circlet_count":0,"master_deck":["Strike_B","Strike_B","Strike_B","Defend_B","Defend_B","Defend_B","Defend_B+1","Zap+1","Dualcast","Defragment+1","Tempest+1","Double Energy+1","Hello World+1","BootSequence","Buffer+1","Electrodynamics+1","Double Energy+1","Capacitor+1","Loop+1","White Noise","BootSequence","Turbo","Storm+1","Hologram+1","Well Laid Plans+1","Feed","Wraith Form v2+1","Heatsinks+1","Dark Shackles","Flex","Body Slam+1","BattleHymn+1"],"relics":["Cracked Core","Frozen Egg 2","Omamori","TheAbacus","StoneCalendar","Calipers","WarpedTongs","Pen Nib","Mercury Hourglass","Ornamental Fan","Emotion Chip","Tiny House","Blue Candle","PrismaticShard","Sundial","Regal Pillow","SacredBark","PreservedInsect","Oddly Smooth Stone","Red Mask","Strawberry"],"acts_visited":["Exordium","TheCity","TheBeyond"],"potions_floor_usage":[3,8,16,18,27,33,33,33,37,37,39,50,50],"damage_taken":[{"damage":6,"enemies":"Jaw Worm","floor":1,"turns":2},{"damage":6,"enemies":"2 Louse","floor":3,"turns":2},{"damage":0,"enemies":"Cultist","floor":5,"turns":2},{"damage":5,"enemies":"3 Sentries","floor":8,"turns":7},{"damage":0,"enemies":"Large Slime","floor":11,"turns":2},{"damage":0,"enemies":"3 Sentries","floor":14,"turns":5},{"damage":4,"enemies":"The Guardian","floor":16,"turns":7},{"damage":15,"enemies":"3 Byrds","floor":18,"turns":2},{"damage":0,"enemies":"Chosen","floor":21,"turns":4},{"damage":18,"enemies":"3 Cultists","floor":22,"turns":3},{"damage":12,"enemies":"Gremlin Leader","floor":24,"turns":5},{"damage":11,"enemies":"Centurion and Healer","floor":27,"turns":3},{"damage":16,"enemies":"Snake Plant","floor":30,"turns":3},{"damage":0,"enemies":"Cultist and Chosen","floor":31,"turns":4},{"damage":6,"enemies":"Collector","floor":33,"turns":7},{"damage":0,"enemies":"3 Shapes","floor":35,"turns":3},{"damage":2,"enemies":"3 Darklings","floor":37,"turns":3},{"damage":10,"enemies":"Sphere and 2 Shapes","floor":39,"turns":3},{"damage":13,"enemies":"Giant Head","floor":40,"turns":7},{"damage":1,"enemies":"Transient","floor":44,"turns":5},{"damage":16,"enemies":"3 Darklings","floor":46,"turns":4},{"damage":26,"enemies":"Sphere and 2 Shapes","floor":47,"turns":3},{"damage":0,"enemies":"Jaw Worm Horde","floor":48,"turns":2},{"damage":69,"enemies":"Awakened One","floor":50,"turns":3}],"seed_played":"-4559448417181254179","potions_obtained":[{"floor":1,"key":"FocusPotion"},{"floor":5,"key":"SteroidPotion"},{"floor":17,"key":"LiquidBronze"},{"floor":21,"key":"SmokeBomb"},{"floor":24,"key":"SkillPotion"},{"floor":35,"key":"DuplicationPotion"},{"floor":39,"key":"Fire Potion"},{"floor":48,"key":"FocusPotion"}],"is_trial":false,"path_per_floor":["M","?","M","?","M","R","?","E","T","$","M","T","R","?","R","B",null,"M","?","?","M","M","R","E","$","T","M","?","?","M","M","R","B",null,"M","$","M","?","M","E","R","?","T","M","$","M","M","M","R","B"],"character_chosen":"DEFECT","items_purchased":["Frozen Egg 2","Defragment+1","Omamori","TheAbacus","Buffer+1","Block Potion","Storm+1","EntropicBrew","PrismaticShard","PreservedInsect","Heatsinks+1","ColorlessPotion"],"campfire_rested":3,"item_purchase_floors":[0,0,0,0,10,10,25,25,25,36,36,36],"current_hp_per_floor":[69,69,63,63,63,63,63,58,58,58,58,58,58,58,58,54,80,65,65,65,65,47,71,59,59,59,48,48,48,32,32,71,65,80,80,80,78,78,68,55,55,55,62,61,61,45,19,19,60,0,0],"gold":90,"neow_bonus":"","is_daily":false,"chose_seed":false,"campfire_upgraded":4,"win_rate":0.0,"timestamp":1611728576,"path_taken":["M","?","M","?","?","R","?","E","T","$","M","?","R","?","R","BOSS","M","?","?","M","M","R","E","$","T","?","?","?","M","M","R","BOSS","M","$","M","?","M","E","R","?","T","M","?","M","?","M","R","BOSS"],"items_purchased_type":["Relic","Card","Relic","Relic","Card","Potion","Card","Potion","Relic","Relic","Card","Potion"],"build_version":"2020-12-22","purchased_purges":2,"victory":false,"max_hp_per_floor":[75,75,75,75,75,75,75,75,75,75,75,75,75,75,75,75,80,80,80,80,80,80,80,80,80,80,80,80,80,80,80,80,80,80,80,80,80,80,80,80,80,80,87,87,87,87,87,87,87,87,87],"card_choices":[{"not_picked":["Beam Cell","Cold Snap"],"picked":"Double Energy","floor":1},{"not_picked":["Leap","Cold Snap"],"picked":"Hello World+1","floor":3},{"not_picked":["Beam Cell","Compile Driver"],"picked":"BootSequence","floor":5},{"not_picked":["Rip and Tear","Sunder","Reprogram"],"picked":"SKIP","floor":8},{"not_picked":["Hologram","Doom and Gloom","Blizzard"],"picked":"SKIP","floor":11},{"not_picked":["Meteor Strike","Rainbow"],"picked":"Electrodynamics+1","floor":16},{"not_picked":["Glacier","Turbo"],"picked":"Double Energy","floor":17},{"not_picked":["Heatsinks+1","Blizzard"],"picked":"Capacitor+1","floor":18},{"not_picked":["Scrape","Stack"],"picked":"White Noise","floor":21},{"not_picked":["Leap","Recycle"],"picked":"BootSequence","floor":22},{"not_picked":["Doom and Gloom","FTL"],"picked":"Turbo","floor":24},{"not_picked":["Deep Breath","Flame Barrier"],"picked":"Hologram+1","floor":27},{"not_picked":["WreathOfFlame+1","Evolve+1"],"picked":"Well Laid Plans+1","floor":30},{"not_picked":["Consecrate","Hologram+1"],"picked":"Feed","floor":31},{"not_picked":["Core Surge","Limit Break"],"picked":"Wraith Form v2+1","floor":33},{"not_picked":["Compile Driver","Underhanded Strike","Hologram+1"],"picked":"SKIP","floor":35},{"not_picked":["Cleave","Perfected Strike+1"],"picked":"Dark Shackles","floor":37},{"not_picked":["Crescendo+1","WaveOfTheHand"],"picked":"Flex","floor":39},{"not_picked":["Gash+1","Clash","Body Slam+1"],"picked":"SKIP","floor":40},{"not_picked":["Deadly Poison+1","Cloak And Dagger","Compile Driver"],"picked":"SKIP","floor":44},{"not_picked":["PanicButton","Bane"],"picked":"Body Slam+1","floor":46},{"not_picked":["Aggregate","Poisoned Stab+1"],"picked":"BattleHymn+1","floor":47},{"not_picked":["Shrug It Off","Tantrum+1","Streamline+1"],"picked":"SKIP","floor":48}],"player_experience":433729,"relics_obtained":[{"floor":8,"key":"Pen Nib"},{"floor":9,"key":"Mercury Hourglass"},{"floor":12,"key":"Ornamental Fan"},{"floor":14,"key":"Emotion Chip"},{"floor":24,"key":"Blue Candle"},{"floor":26,"key":"Sundial"},{"floor":40,"key":"Oddly Smooth Stone"},{"floor":43,"key":"Strawberry"}],"event_choices":[{"damage_healed":0,"gold_gain":0,"player_choice":"Box","damage_taken":0,"relics_obtained":["Calipers"],"max_hp_gain":0,"max_hp_loss":0,"event_name":"Big Fish","floor":2,"gold_loss":0,"cards_obtained":["Regret"]},{"damage_healed":0,"gold_gain":0,"player_choice":"Rummage","damage_taken":0,"relics_obtained":["WarpedTongs"],"max_hp_gain":0,"max_hp_loss":0,"event_name":"Accursed Blacksmith","floor":4,"gold_loss":0,"cards_obtained":["Pain"]},{"damage_healed":0,"gold_gain":0,"player_choice":"Ignored","damage_taken":0,"max_hp_gain":0,"max_hp_loss":0,"event_name":"Golden Wing","floor":7,"gold_loss":0},{"damage_healed":0,"gold_gain":0,"player_choice":"Searched \u00271\u0027 times","damage_taken":0,"max_hp_gain":0,"max_hp_loss":0,"event_name":"Dead Adventurer","floor":14,"gold_loss":0},{"damage_healed":0,"gold_gain":0,"player_choice":"Read","damage_taken":0,"max_hp_gain":0,"max_hp_loss":0,"event_name":"The Library","floor":19,"gold_loss":0,"cards_obtained":["Loop"]},{"damage_healed":0,"gold_gain":0,"player_choice":"Ignored","damage_taken":0,"max_hp_gain":0,"max_hp_loss":0,"event_name":"Ghosts","floor":20,"gold_loss":0},{"damage_healed":0,"gold_gain":99,"player_choice":"Stole From Cult","damage_taken":0,"max_hp_gain":0,"max_hp_loss":0,"event_name":"Nest","floor":28,"gold_loss":0},{"damage_healed":0,"gold_gain":0,"player_choice":"Stole Relic","damage_taken":0,"relics_obtained":["Regal Pillow"],"max_hp_gain":0,"max_hp_loss":0,"event_name":"Addict","floor":29,"gold_loss":0,"cards_obtained":["Shame"]},{"cards_removed":["Strike_B"],"damage_healed":0,"gold_gain":0,"player_choice":"Removed Attack","damage_taken":0,"max_hp_gain":0,"max_hp_loss":0,"event_name":"Falling","floor":38,"gold_loss":0},{"damage_healed":0,"gold_gain":0,"player_choice":"Paid","damage_taken":0,"relics_obtained":["Red Mask"],"max_hp_gain":0,"max_hp_loss":0,"event_name":"Tomb of Lord Red Mask","floor":42,"gold_loss":69}],"is_beta":false,"boss_relics":[{"not_picked":["Velvet Choker","Astrolabe"],"picked":"Tiny House"},{"not_picked":["Busted Crown","Runic Dome"],"picked":"SacredBark"}],"items_purged_floors":[0,36],"is_endless":false,"potions_floor_spawned":[1,5,21,24,35,39,48],"killed_by":"Awakened One","ascension_level":0}}