{"host":"mydft8i2zzydgggw","time":1611788390,"event":{"mods":["AchievementEnabler","BaseMod","BetterRewards","Colored Map","Colored Powertips","DeckTracker","Keyboard Shortcuts","Minty Spire (QoL Compilation)","Rare Cards Sparkle","StSLib","SuperFastMode","everything is the same but u backflip on backflip"],"gold_per_floor":[114,130,130,141,141,175,175,234,234,245,255,22,22,22],"floor_reached":13,"language":"KOR","playtime":209,"items_purged":["Strike_B"],"score":198,"play_id":"a7b6062d-e375-4165-84bd-a103e3f0e388","local_time":"20210128075950","is_ascension_mode":true,"campfire_choices":[{"data":"Zap","floor":7,"key":"SMITH"}],"circlet_count":0,"master_deck":["AscendersBane","Strike_B","Strike_B","Defend_B","Defend_B","Defend_B","Defend_B","Zap+1","Dualcast","Beam Cell","Auto Shields","Consume","Conserve Battery","Sweeping Beam","Self Repair","Reinforced Body"],"relics":["Cracked Core","Lantern","Ice Cream","Tiny Chest","Sundial"],"acts_visited":["Exordium"],"potions_floor_usage":[6,8,13,13],"damage_taken":[{"damage":0,"enemies":"Small Slimes","floor":1,"turns":3},{"damage":2,"enemies":"Jaw Worm","floor":2,"turns":3},{"damage":0,"enemies":"2 Louse","floor":4,"turns":1},{"damage":0,"enemies":"3 Sentries","floor":6,"turns":4},{"damage":26,"enemies":"Lagavulin Event","floor":8,"turns":6},{"damage":3,"enemies":"Blue Slaver","floor":10,"turns":4},{"damage":23,"enemies":"Exordium Thugs","floor":11,"turns":4},{"damage":10,"enemies":"Lagavulin","floor":13,"turns":4}],"seed_played":"-1485128082188525841","potions_obtained":[{"floor":2,"key":"PowerPotion"},{"floor":6,"key":"Weak Potion"},{"floor":8,"key":"SteroidPotion"},{"floor":10,"key":"SteroidPotion"}],"is_trial":false,"path_per_floor":["M","M","?","M","?","E","R","?","T","M","M","$","E"],"character_chosen":"DEFECT","items_purchased":["Self Repair","Reinforced Body"],"campfire_rested":0,"item_purchase_floors":[12,12],"current_hp_per_floor":[64,62,55,55,55,55,55,29,29,26,3,3,0,0],"gold":22,"neow_bonus":"RANDOM_COMMON_RELIC","is_daily":false,"chose_seed":false,"campfire_upgraded":1,"win_rate":0.0,"timestamp":1611788390,"path_taken":["M","M","?","M","?","E","R","?","T","M","M","?","E"],"items_purchased_type":["Card","Card"],"build_version":"2020-12-22","purchased_purges":1,"victory":false,"max_hp_per_floor":[71,71,71,71,71,71,71,71,71,71,71,71,71,71],"card_choices":[{"not_picked":["Static Discharge","Scrape"],"picked":"Beam Cell","floor":1},{"not_picked":["Sunder","Turbo"],"picked":"Auto Shields","floor":2},{"not_picked":["Darkness","Steam"],"picked":"Consume","floor":4},{"not_picked":["Steam","White Noise","Lockon"],"picked":"SKIP","floor":6},{"not_picked":["Tempest","Barrage"],"picked":"Conserve Battery","floor":8},{"not_picked":["Conserve Battery","Ball Lightning"],"picked":"Sweeping Beam","floor":10},{"not_picked":["Consume","Hello World","White Noise"],"picked":"SKIP","floor":11}],"player_experience":227157,"relics_obtained":[{"floor":6,"key":"Ice Cream"},{"floor":8,"key":"Tiny Chest"},{"floor":9,"key":"Sundial"}],"event_choices":[{"cards_removed":["Strike_B"],"damage_healed":0,"gold_gain":0,"player_choice":"Card Removal","damage_taken":7,"max_hp_gain":0,"max_hp_loss":0,"event_name":"Golden Wing","floor":3,"gold_loss":0},{"damage_healed":0,"gold_gain":0,"player_choice":"Ignored","damage_taken":0,"max_hp_gain":0,"max_hp_loss":0,"event_name":"Liars Game","floor":5,"gold_loss":0},{"damage_healed":0,"gold_gain":0,"player_choice":"Searched \u00272\u0027 times","damage_taken":0,"max_hp_gain":0,"max_hp_loss":0,"event_name":"Dead Adventurer","floor":8,"gold_loss":0}],"is_beta":false,"boss_relics":[],"items_purged_floors":[12],"is_endless":false,"potions_floor_spawned":[2,6,8,10],"killed_by":"Lagavulin","ascension_level":16}}