{"host":"vqs1j3qalc1cciyt","time":1611709679,"event":{"mods":["2.2 Compatiblity","AchievementEnabler","Aspiration","Bard","BaseMod","Beaked The Cultist","Better Altar","Better Match","Better Note","Better Sensory Stone","Better Skull","Better Third Choice","Clockwork Mod","Colored Map","Conspire","Downfall","Friendly Minions","GifTheSpireLib","Glutton Mod","Halation","Highlight Path","Hubris","Infinite Spire","Minty Spire (QoL Compilation)","RRrroohrrRGHHhhh!!","Replay The Spire","Spicy Shops","StSLib","Stuff the Spire","The Construct","The Cursed","The Disciple","The Hierophant"],"gold_per_floor":[114,128,128,147,42,76,76,90,167,147,164,164,176,210,283,379,379,398,443,443,463,196,226,246,246,246,246,246,272,272,285,285,380,380,399,399,399,399,399,426,444,469,492,510,510,524,537,321,321,321],"floor_reached":51,"language":"ENG","playtime":3212,"items_purged":["hubris:Lust","Defend_G","Defend_G","Defend_G"],"score":718,"play_id":"c1f6c106-f4db-480f-82cf-75cd6ada92cf","local_time":"20210126170759","is_ascension_mode":true,"campfire_choices":[{"data":"Sucker Punch","floor":7,"key":"SMITH"},{"data":"After Image","floor":27,"key":"SMITH"},{"data":"Cloak And Dagger","floor":30,"key":"SMITH"},{"data":"Cloak And Dagger","floor":32,"key":"SMITH"},{"data":"Juggernaut","floor":49,"key":"SMITH"}],"circlet_count":0,"master_deck":["Strike_G","Strike_G","Survivor","Neutralize","Sucker Punch+1","Flying Knee+1","Blade Dance","Outmaneuver","conspire:DoublingDagger","Dagger Throw","Backstab","Tactician","After Image+1","Cloak And Dagger+1","Cloak And Dagger+1","ReplayTheSpireMod:Scrap Shanks","Dagger Throw+1","Juggernaut+1","Replay:Fractal Strike","Hidden Blade+1","PiercingWail","rorgmod:Tools of the Trade","hubris:SlightOfHand","Panache+1","Outmaneuver","Outmaneuver"],"relics":["Ring of the Snake","halation:LostSnail","White Beast Statue","Snack Pack","Smiling Mask","Kintsugi","Oddly Smooth Stone","Blue Doll","hubris:ToyBattleship","StuffTheSpire:PointBlank","beaked:SacredDeck","Replay:Rubber Ducky","StuffTheSpire:Experiment12","hubris:Backtick","aspiration:Lifesprig","halation:EternalFortune","hubris:Towel","infinitespire:Cupcake","Anchor","Lantern","Replay:Bottled Snecko","ReplayFunnel"],"acts_visited":["Exordium","TheCity","TheBeyond"],"potions_floor_usage":[6,14,16,16,16,24,33,33,50,50],"damage_taken":[{"damage":0,"enemies":"2 Louse","floor":1,"turns":2},{"damage":1,"enemies":"Jaw Worm","floor":2,"turns":5},{"damage":1,"enemies":"Cultist","floor":4,"turns":3},{"damage":21,"enemies":"3 Sentries","floor":6,"turns":8},{"damage":1,"enemies":"Looter","floor":8,"turns":3},{"damage":11,"enemies":"Red Slaver","floor":11,"turns":3},{"damage":0,"enemies":"2 Fungi Beasts","floor":13,"turns":3},{"damage":8,"enemies":"Gremlin Nob","floor":14,"turns":4},{"damage":60,"enemies":"The Guardian","floor":16,"turns":14},{"damage":21,"enemies":"Chosen","floor":18,"turns":6},{"damage":20,"enemies":"Spheric Guardian","floor":21,"turns":5},{"damage":9,"enemies":"Replay:Snechameleon","floor":23,"turns":8},{"damage":17,"enemies":"3 Cultists","floor":24,"turns":7},{"damage":21,"enemies":"conspire:Head Lice","floor":29,"turns":5},{"damage":0,"enemies":"Snecko","floor":31,"turns":3},{"damage":40,"enemies":"Automaton","floor":33,"turns":8},{"damage":0,"enemies":"3 Darklings","floor":35,"turns":4},{"damage":0,"enemies":"Nemesis","floor":40,"turns":5},{"damage":0,"enemies":"Orb Walker","floor":41,"turns":3},{"damage":0,"enemies":"Reptomancer","floor":42,"turns":4},{"damage":0,"enemies":"Spire Growth","floor":44,"turns":4},{"damage":0,"enemies":"3 Darklings","floor":46,"turns":4},{"damage":0,"enemies":"4 Shapes","floor":47,"turns":4},{"damage":0,"enemies":"Replay:Hell Engine","floor":50,"turns":5}],"seed_played":"-4639197937202204987","potions_obtained":[{"floor":4,"key":"Elixir"},{"floor":6,"key":"Strength Potion"},{"floor":8,"key":"sneckomod:MuddlingPotion"},{"floor":10,"key":"hexamod:SoulburnPotion"},{"floor":11,"key":"Strength Potion"},{"floor":14,"key":"CunningPotion"},{"floor":16,"key":"Fire Potion"},{"floor":18,"key":"Poison Potion"},{"floor":21,"key":"Elixir"},{"floor":23,"key":"SpeedPotion"},{"floor":24,"key":"BlessingOfTheForge"},{"floor":31,"key":"Flashbang"},{"floor":33,"key":"Strength Potion"},{"floor":35,"key":"LiquidBronze"},{"floor":41,"key":"EntropicBrew"},{"floor":42,"key":"SteroidPotion"},{"floor":47,"key":"DuplicationPotion"}],"is_trial":false,"path_per_floor":["M","M","?","M","$","E","R","M","T","?","M","?","M","E","R_BF","B",null,"M","T","?","M","$","E","M","AVR","T","R","?","E","R","M","R","B",null,"M","?","?","?","AVR","E","M","E","T","M","?","M","M","$","R","B",null],"character_chosen":"THE_SILENT","items_purchased":["halation:LostSnail","Outmaneuver","ReplayTheSpireMod:Scrap Shanks","Blue Doll","Panache+1","Outmaneuver"],"campfire_rested":0,"item_purchase_floors":[5,5,22,22,48,48],"current_hp_per_floor":[77,76,76,75,75,54,54,53,53,53,46,50,54,52,52,8,77,60,60,60,48,48,53,48,48,48,48,48,41,41,47,47,31,77,77,77,80,80,80,83,83,83,83,83,79,79,79,79,79,79],"gold":321,"neow_bonus":"TEN_PERCENT_HP_BONUS","is_daily":false,"chose_seed":false,"campfire_upgraded":5,"win_rate":0.0,"timestamp":1611709679,"path_taken":["M","M","?","M","$","E","R","M","T","?","?","?","M","E","R_BF","BOSS","M","?","?","M","$","E","?","AVR","T","R","?","E","R","M","R","BOSS","M","?","?","?","AVR","E","M","E","T","M","?","M","?","$","R","BOSS"],"items_purchased_type":["Relic","Card","Card","Relic","Card","Card"],"build_version":"2020-12-22","purchased_purges":4,"victory":true,"max_hp_per_floor":[77,77,77,77,77,77,77,77,77,77,77,77,77,77,77,77,77,77,77,77,77,77,77,77,77,77,77,77,77,77,77,77,77,77,77,77,80,80,80,83,83,83,83,83,79,79,79,79,79,79],"card_choices":[{"not_picked":["StuffTheSpire:Sprint","StuffTheSpire:ClusterCrunch"],"picked":"Sucker Punch","floor":1},{"not_picked":["Expertise","StuffTheSpire:BumpUp"],"picked":"Flying Knee","floor":2},{"not_picked":["Dagger Spray","Hidden Blade"],"picked":"Blade Dance","floor":4},{"not_picked":["Dagger Throw","StuffTheSpire:Incursion"],"picked":"conspire:DoublingDagger","floor":6},{"not_picked":["StuffTheSpire:ClusterCrunch","Blade Dance"],"picked":"Dagger Throw","floor":8},{"not_picked":["Blade Dance","Sneak Up"],"picked":"Backstab","floor":11},{"not_picked":["Bane","Deadly Poison"],"picked":"Tactician","floor":13},{"not_picked":["StuffTheSpire:Injection","conspire:DoublingDagger","Endless Agony"],"picked":"SKIP","floor":14},{"not_picked":["Glass Knife","rorgmod:Wraith Form"],"picked":"After Image","floor":16},{"not_picked":["Backflip","StuffTheSpire:Injection+1"],"picked":"Cloak And Dagger","floor":18},{"not_picked":["Acrobatics","StuffTheSpire:ClusterCrunch"],"picked":"Cloak And Dagger","floor":21},{"not_picked":["Outmaneuver","StuffTheSpire:BumpUp","Backflip+1"],"picked":"SKIP","floor":23},{"not_picked":["Footwork","Setup"],"picked":"Dagger Throw+1","floor":24},{"not_picked":["Sucker Punch","StuffTheSpire:BumpUp"],"picked":"Hidden Blade+1","floor":29},{"not_picked":["Glass Knife","Caltrops"],"picked":"PiercingWail","floor":31},{"not_picked":["infinitespire:Neurotoxin","Malaise"],"picked":"rorgmod:Tools of the Trade","floor":33},{"not_picked":["Outmaneuver+1","ReplayTheSpireMod:Tripwire","Sucker Punch"],"picked":"SKIP","floor":35},{"not_picked":["StuffTheSpire:Incursion","Endless Agony","Backstab+1"],"picked":"SKIP","floor":40},{"not_picked":["ReplayTheSpireMod:Exploit Weakness","Tactician+1"],"picked":"hubris:SlightOfHand","floor":41},{"not_picked":["StuffTheSpire:Incursion+1","rorgmod:Tendon Slice+1","Toxin Wave"],"picked":"SKIP","floor":42},{"not_picked":["StuffTheSpire:Python","Escape Plan+1","Dagger Spray"],"picked":"SKIP","floor":44},{"not_picked":["Atom Bomb","Dagger Throw","Cloak And Dagger"],"picked":"SKIP","floor":46},{"not_picked":["rorgmod:Tendon Slice+1","Poisoned Stab","Acrobatics"],"picked":"SKIP","floor":47}],"player_experience":920171,"relics_obtained":[{"floor":6,"key":"White Beast Statue"},{"floor":9,"key":"Snack Pack"},{"floor":14,"key":"Smiling Mask"},{"floor":19,"key":"Oddly Smooth Stone"},{"floor":23,"key":"hubris:ToyBattleship"},{"floor":26,"key":"Replay:Rubber Ducky"},{"floor":29,"key":"StuffTheSpire:Experiment12"},{"floor":40,"key":"halation:EternalFortune"},{"floor":40,"key":"Lantern"},{"floor":42,"key":"Replay:Bottled Snecko"},{"floor":43,"key":"ReplayFunnel"}],"event_choices":[{"damage_healed":0,"gold_gain":0,"player_choice":"Bought 1 Potion","damage_taken":0,"max_hp_gain":0,"max_hp_loss":0,"event_name":"The Woman in Blue","floor":10,"gold_loss":0},{"damage_healed":4,"gold_gain":0,"player_choice":"LEAVE ","damage_taken":0,"relics_obtained":[],"max_hp_gain":0,"max_hp_loss":0,"event_name":"betterSkull:BetterSkull","floor":12,"gold_loss":0,"cards_upgraded":[]},{"cards_removed":["SwitchConfidence"],"damage_healed":0,"gold_gain":0,"player_choice":"Purged","damage_taken":0,"max_hp_gain":0,"max_hp_loss":0,"event_name":"Purifier","floor":20,"gold_loss":0},{"damage_healed":0,"gold_gain":0,"player_choice":"Max HP","damage_taken":0,"max_hp_gain":0,"max_hp_loss":4,"event_name":"Winding Halls","floor":45,"gold_loss":0}],"is_beta":false,"boss_relics":[{"not_picked":["Ring of the Serpent","halation:PinkAlligatorPlush"],"picked":"Kintsugi"},{"not_picked":["halation:LoveArrow","Pandora\u0027s Box"],"picked":"hubris:Backtick"}],"items_purged_floors":[22,25,39,48],"is_endless":false,"potions_floor_spawned":[4,6,8,11,13,14,16,18,21,23,24,29,31,33,35,40,41,42,44,46,47],"ascension_level":2}}