{"host":"c9qdigwavhre9ru1","time":1611790261,"event":{"mods":["AlwaysNeverKeys","BaseMod","BetterRewards","Minty Spire (QoL Compilation)","Quick Restart","Rare Cards Sparkle","Shop Mod"],"gold_per_floor":[117,128,128,146,321,351,361,361,361],"floor_reached":8,"language":"ENG","playtime":208,"items_purged":[],"score":75,"play_id":"00c990b4-7942-4a42-b9fd-868d03c5b1f2","local_time":"20210127173101","is_ascension_mode":true,"campfire_choices":[],"circlet_count":0,"master_deck":["Strike_R","Strike_R","Strike_R","Strike_R","Strike_R","Defend_R","Defend_R","Defend_R","Defend_R","Bash","Metallicize","Body Slam","Warcry","Doubt","Evolve","Power Through"],"relics":["Burning Blood","NeowsBlessing","Champion Belt"],"acts_visited":["Exordium"],"potions_floor_usage":[6,6],"damage_taken":[{"damage":0,"enemies":"Jaw Worm","floor":1,"turns":1},{"damage":0,"enemies":"2 Louse","floor":2,"turns":1},{"damage":0,"enemies":"Cultist","floor":4,"turns":1},{"damage":28,"enemies":"Lagavulin","floor":6,"turns":6},{"damage":10,"enemies":"Exordium Wildlife","floor":7,"turns":5},{"damage":37,"enemies":"Gremlin Nob","floor":8,"turns":6}],"seed_played":"5669943645074363821","potions_obtained":[{"floor":1,"key":"GamblersBrew"},{"floor":4,"key":"PowerPotion"}],"is_trial":false,"path_per_floor":["M","M","?","M","?","E","M","E"],"character_chosen":"IRONCLAD","items_purchased":[],"campfire_rested":0,"item_purchase_floors":[],"current_hp_per_floor":[78,80,85,85,85,63,59,22,22],"gold":361,"neow_bonus":"THREE_ENEMY_KILL","is_daily":false,"chose_seed":false,"campfire_upgraded":0,"win_rate":0.0,"timestamp":1611790261,"path_taken":["M","M","?","M","?","E","M","E"],"items_purchased_type":[],"build_version":"2020-12-22","purchased_purges":0,"victory":false,"max_hp_per_floor":[80,80,85,85,85,85,85,85,85],"card_choices":[{"not_picked":["Rupture","Blood for Blood"],"picked":"Metallicize","floor":1},{"not_picked":["Havoc","Sword Boomerang"],"picked":"Body Slam","floor":2},{"not_picked":["Cleave","Perfected Strike"],"picked":"Warcry","floor":4},{"not_picked":["Pommel Strike","Perfected Strike"],"picked":"Evolve","floor":6},{"not_picked":["Havoc","Whirlwind"],"picked":"Power Through","floor":7}],"player_experience":339124,"relics_obtained":[{"floor":6,"key":"Champion Belt"}],"event_choices":[{"damage_healed":0,"gold_gain":0,"player_choice":"Donut","damage_taken":0,"max_hp_gain":5,"max_hp_loss":0,"event_name":"Big Fish","floor":3,"gold_loss":0},{"damage_healed":0,"gold_gain":175,"player_choice":"AGREE","damage_taken":0,"max_hp_gain":0,"max_hp_loss":0,"event_name":"Liars Game","floor":5,"gold_loss":0,"cards_obtained":["Doubt"]}],"is_beta":false,"boss_relics":[],"items_purged_floors":[],"is_endless":false,"potions_floor_spawned":[1,4],"killed_by":"Gremlin Nob","ascension_level":6}}