{"host":"qy1e0kd24tpj3i2m","time":1611752170,"event":{"mods":["Act Like it!","Alarm Clock","BaseMod","Better Skull","Better Vampires","Colored Map","Colored Powertips","Custom Start","Faster Ascension Climbing","Friendly Minions","GifTheSpireLib","Gremlin Skip","Highlight Path","Minty Spire (QoL Compilation)","Permanent Neow","Poor People Problems","Quick Restart","Red Circlet Mod","Relic Filter Mod","Relic Sorter","Reorder Act Four","SacredBarkPlus","Shop Mod","StSLib","SuperFastMode","Transform Curses","没有小屋子和绿帽子啦"],"gold_per_floor":[117,117,135,6,6,41,57,57,57,57,69,69,86,110,110,188,188,199,114,114,127,127,127,143,153,177,177,192,211,238,255,255,328,328,345,345,345,370,416,416,430,450,450,465,465,479,499,499,499],"floor_reached":48,"language":"ZHS","playtime":3090,"items_purged":["Bash"],"score":897,"play_id":"eef50d3b-795b-4f4c-a0d1-bca5bccfca11","local_time":"20210127215610","is_ascension_mode":true,"campfire_choices":[{"data":"Flame Barrier","floor":8.0,"key":"SMITH"},{"data":"Feel No Pain","floor":10.0,"key":"SMITH"},{"data":"True Grit","floor":15.0,"key":"SMITH"},{"data":"Entrench","floor":23.0,"key":"SMITH"},{"data":"Whirlwind","floor":27.0,"key":"SMITH"},{"data":"Juggernaut","floor":32.0,"key":"SMITH"},{"floor":40.0,"key":"RECALL"},{"data":"Juggernaut","floor":45.0,"key":"SMITH"}],"circlet_count":0,"master_deck":["AscendersBane","Strike_R","Strike_R","Strike_R","Strike_R","Defend_R+1","Defend_R+1","Iron Wave+1","Flame Barrier+1","Feel No Pain+1","Reckless Charge","Entrench+1","Wild Strike","Shrug It Off","True Grit+1","Whirlwind+1","Juggernaut+1","Flame Barrier+1","Flame Barrier","Flex","True Grit","Impervious","Reckless Charge+1","Blood for Blood+1","Ghostly Armor+1","Battle Trance","Battle Trance","Fire Breathing+1","Sword Boomerang+1","Juggernaut+1","Madness","Madness","Rampage+1","Body Slam"],"relics":["Burning Blood","Torii","Shuriken","Prayer Wheel","Meat on the Bone","Odd Mushroom","Coffee Dripper","War Paint","Red Mask","Busted Crown","Pocketwatch","Unceasing Top","Frozen Egg 2"],"acts_visited":["Exordium","TheCity","TheBeyond"],"potions_floor_usage":[46],"damage_taken":[{"damage":8.0,"enemies":"Jaw Worm","floor":1.0,"turns":5.0},{"damage":0.0,"enemies":"2 Louse","floor":3.0,"turns":3.0},{"damage":47.0,"enemies":"Lagavulin","floor":6.0,"turns":8.0},{"damage":4.0,"enemies":"Small Slimes","floor":7.0,"turns":5.0},{"damage":4.0,"enemies":"2 Fungi Beasts","floor":11.0,"turns":4.0},{"damage":4.0,"enemies":"Gremlin Gang","floor":13.0,"turns":5.0},{"damage":22.0,"enemies":"The Mushroom Lair","floor":14.0,"turns":5.0},{"damage":22.0,"enemies":"The Guardian","floor":16.0,"turns":16.0},{"damage":2.0,"enemies":"3 Byrds","floor":18.0,"turns":5.0},{"damage":13.0,"enemies":"Chosen","floor":21.0,"turns":5.0},{"damage":11.0,"enemies":"Snecko","floor":24.0,"turns":5.0},{"damage":1.0,"enemies":"Centurion and Healer","floor":25.0,"turns":7.0},{"damage":1.0,"enemies":"Chosen and Byrds","floor":28.0,"turns":5.0},{"damage":10.0,"enemies":"Snecko","floor":29.0,"turns":5.0},{"damage":0.0,"enemies":"Masked Bandits","floor":30.0,"turns":1.0},{"damage":0.0,"enemies":"Snake Plant","floor":31.0,"turns":3.0},{"damage":31.0,"enemies":"Automaton","floor":33.0,"turns":11.0},{"damage":1.0,"enemies":"Orb Walker","floor":35.0,"turns":3.0},{"damage":1.0,"enemies":"Mind Bloom Boss Battle","floor":38.0,"turns":5.0},{"damage":25.0,"enemies":"2 Orb Walkers","floor":39.0,"turns":5.0},{"damage":19.0,"enemies":"3 Darklings","floor":41.0,"turns":4.0},{"damage":12.0,"enemies":"Transient","floor":42.0,"turns":6.0},{"damage":8.0,"enemies":"Spire Growth","floor":44.0,"turns":6.0},{"damage":13,"enemies":"Jaw Worm Horde","floor":46,"turns":4},{"damage":20,"enemies":"Sphere and 2 Shapes","floor":47,"turns":5},{"damage":54,"enemies":"Giant Head","floor":48,"turns":6}],"seed_played":"-8248795110194861655","potions_obtained":[{"floor":6.0,"key":"FearPotion"},{"floor":7.0,"key":"Swift Potion"},{"floor":11.0,"key":"ColorlessPotion"},{"floor":16.0,"key":"ColorlessPotion"},{"floor":18.0,"key":"Energy Potion"},{"floor":21.0,"key":"Regen Potion"},{"floor":25.0,"key":"Dexterity Potion"},{"floor":30.0,"key":"SpeedPotion"},{"floor":41.0,"key":"AttackPotion"},{"floor":44.0,"key":"AttackPotion"}],"is_trial":false,"path_per_floor":["M","?","M","$","?","E","M","R","T","R","M","?","M","?","R","B",null,"M","?","?","M","?","R","M","M","T","R","M","M","?","M","R","B",null,"M","?","?","?","?","R","M","M","T","M","R","M","M","E"],"character_chosen":"IRONCLAD","items_purchased":["PowerPotion"],"campfire_rested":0,"item_purchase_floors":[4],"current_hp_per_floor":[66,46,52,52,52,11,13,13,13,13,27,27,41,37,37,33,59,63,63,59,52,52,52,61,66,66,66,68,64,68,68,68,43,62,67,55,55,60,41,41,40,46,46,44,44,49,47,0,0],"gold":499,"neow_bonus":"ONE_RARE_RELIC","is_daily":false,"chose_seed":false,"campfire_upgraded":7,"win_rate":0.0,"timestamp":1611752170,"path_taken":["M","?","M","$","?","E","M","R","T","R","M","?","M","?","R","BOSS","M","?","?","?","?","R","M","M","T","R","M","M","?","?","R","BOSS","M","?","?","?","?","R","M","?","T","?","R","M","M","E"],"items_purchased_type":["Potion"],"build_version":"2020-12-22","purchased_purges":1,"victory":false,"max_hp_per_floor":[68,68,68,68,68,68,68,68,68,68,68,68,68,68,68,68,68,68,68,68,68,68,68,68,68,68,68,68,68,68,68,68,68,68,68,68,68,68,68,68,68,68,68,68,68,68,68,68,68],"card_choices":[{"not_picked":["Warcry","Searing Blow"],"picked":"Iron Wave","floor":1.0},{"not_picked":["Combust","Battle Trance"],"picked":"Flame Barrier","floor":3.0},{"not_picked":["Dual Wield","Anger"],"picked":"Feel No Pain","floor":6.0},{"not_picked":["Second Wind","Anger","Armaments"],"picked":"SKIP","floor":7.0},{"not_picked":["Anger","Clash","Clothesline"],"picked":"SKIP","floor":7.0},{"not_picked":["Cleave","Dual Wield"],"picked":"Reckless Charge","floor":11.0},{"not_picked":["Iron Wave","Double Tap"],"picked":"Entrench","floor":11.0},{"not_picked":["Cleave","Wild Strike"],"picked":"Shrug It Off","floor":13.0},{"not_picked":["Second Wind","Feel No Pain"],"picked":"True Grit","floor":13.0},{"not_picked":["Flex","Body Slam"],"picked":"Whirlwind","floor":14.0},{"not_picked":["Impervious","Immolate"],"picked":"Juggernaut","floor":16.0},{"not_picked":["Twin Strike","Body Slam"],"picked":"Flame Barrier","floor":18.0},{"not_picked":["Disarm","Entrench","Dual Wield"],"picked":"SKIP","floor":18.0},{"not_picked":["Cleave","Blood for Blood"],"picked":"Flame Barrier","floor":21.0},{"not_picked":["Flex","Twin Strike","Perfected Strike"],"picked":"SKIP","floor":21.0},{"not_picked":["Twin Strike","Perfected Strike"],"picked":"Flex","floor":21.0},{"not_picked":["Clothesline","Pommel Strike"],"picked":"Reckless Charge+1","floor":24.0},{"not_picked":["Combust","Pommel Strike"],"picked":"Blood for Blood+1","floor":24.0},{"not_picked":["Bloodletting","Twin Strike","Dropkick"],"picked":"SKIP","floor":25.0},{"not_picked":["Whirlwind","Sever Soul","Headbutt"],"picked":"SKIP","floor":25.0},{"not_picked":["Anger","Pommel Strike"],"picked":"Ghostly Armor+1","floor":28.0},{"not_picked":["Entrench","True Grit"],"picked":"Battle Trance","floor":28.0},{"not_picked":["Fiend Fire","Dropkick"],"picked":"Battle Trance","floor":29.0},{"not_picked":["Spot Weakness","Bloodletting","Carnage"],"picked":"SKIP","floor":29.0},{"not_picked":["Shockwave","Ghostly Armor"],"picked":"Fire Breathing+1","floor":31.0},{"not_picked":["Headbutt","Shrug It Off"],"picked":"Sword Boomerang+1","floor":31.0},{"not_picked":["Exhume","Feed"],"picked":"Juggernaut","floor":33.0},{"not_picked":["Carnage"],"picked":"SKIP","floor":35.0},{"not_picked":["Havoc"],"picked":"SKIP","floor":35.0},{"not_picked":["Clothesline"],"picked":"SKIP","floor":41.0},{"not_picked":["Perfected Strike"],"picked":"SKIP","floor":41.0},{"not_picked":[],"picked":"Rampage+1","floor":42.0},{"not_picked":["Thunderclap"],"picked":"SKIP","floor":42.0},{"not_picked":["Fiend Fire"],"picked":"SKIP","floor":44.0},{"not_picked":["Anger"],"picked":"SKIP","floor":44.0},{"not_picked":[],"picked":"Body Slam","floor":46},{"not_picked":["Sword Boomerang"],"picked":"SKIP","floor":46},{"not_picked":["Pummel"],"picked":"SKIP","floor":47},{"not_picked":["Cleave+1"],"picked":"SKIP","floor":47}],"player_experience":956353,"relics_obtained":[{"floor":6.0,"key":"Prayer Wheel"},{"floor":9.0,"key":"Meat on the Bone"},{"floor":14.0,"key":"Odd Mushroom"},{"floor":30.0,"key":"Red Mask"},{"floor":38.0,"key":"Pocketwatch"},{"floor":39.0,"key":"Unceasing Top"},{"floor":43.0,"key":"Frozen Egg 2"}],"event_choices":[{"damage_healed":0.0,"max_hp_gain":0.0,"max_hp_loss":0.0,"gold_gain":0.0,"event_name":"Shining Light","player_choice":"Entered Light","floor":2.0,"gold_loss":0.0,"damage_taken":20.0,"cards_upgraded":["Defend_R","Iron Wave"]},{"damage_healed":0.0,"max_hp_gain":0.0,"max_hp_loss":0.0,"gold_gain":0.0,"event_name":"Big Fish","player_choice":"Box","floor":5.0,"gold_loss":0.0,"damage_taken":0.0,"relics_obtained":["Shuriken"],"cards_obtained":["Regret"]},{"damage_healed":0.0,"max_hp_gain":0.0,"max_hp_loss":0.0,"gold_gain":0.0,"cards_transformed":["Regret"],"event_name":"Living Wall","player_choice":"Change","floor":12.0,"gold_loss":0.0,"damage_taken":0.0,"cards_obtained":["Wild Strike"]},{"damage_healed":0.0,"max_hp_gain":0.0,"max_hp_loss":0.0,"gold_gain":0.0,"event_name":"Mushrooms","player_choice":"Fought Mushrooms","floor":14.0,"gold_loss":0.0,"damage_taken":0.0},{"damage_healed":0.0,"max_hp_gain":0.0,"max_hp_loss":0.0,"gold_gain":0.0,"event_name":"Addict","player_choice":"Obtained Relic","floor":19.0,"gold_loss":85.0,"damage_taken":0.0,"relics_obtained":["War Paint"]},{"damage_healed":0.0,"max_hp_gain":0.0,"max_hp_loss":0.0,"gold_gain":0.0,"event_name":"The Woman in Blue","player_choice":"Bought 0 Potions","floor":20.0,"gold_loss":0.0,"damage_taken":0.0},{"damage_healed":0.0,"max_hp_gain":0.0,"max_hp_loss":0.0,"gold_gain":0.0,"cards_transformed":["Defend_R","Defend_R"],"event_name":"Drug Dealer","player_choice":"Became Test Subject","floor":22.0,"gold_loss":0.0,"damage_taken":0.0,"cards_obtained":["True Grit","Impervious"]},{"damage_healed":0.0,"max_hp_gain":0.0,"max_hp_loss":0.0,"gold_gain":0.0,"event_name":"Masked Bandits","player_choice":"Fought Bandits","floor":30.0,"gold_loss":0.0,"damage_taken":0.0},{"damage_healed":0.0,"max_hp_gain":0.0,"max_hp_loss":0.0,"gold_gain":0.0,"event_name":"Winding Halls","player_choice":"Embrace Madness","floor":36.0,"gold_loss":0.0,"damage_taken":12.0,"cards_obtained":["Madness","Madness"]},{"cards_removed":["Strike_R"],"damage_healed":0.0,"max_hp_gain":0.0,"max_hp_loss":0.0,"gold_gain":0.0,"event_name":"Falling","player_choice":"Removed Attack","floor":37.0,"gold_loss":0.0,"damage_taken":0.0},{"damage_healed":0.0,"max_hp_gain":0.0,"max_hp_loss":0.0,"gold_gain":0.0,"event_name":"MindBloom","player_choice":"Fight","floor":38.0,"gold_loss":0.0,"damage_taken":0.0},{"damage_healed":0.0,"max_hp_gain":0.0,"max_hp_loss":0.0,"gold_gain":0.0,"event_name":"Mysterious Sphere","player_choice":"Fight","floor":39.0,"gold_loss":0.0,"damage_taken":0.0}],"is_beta":false,"boss_relics":[{"not_picked":["Astrolabe","Fusion Hammer"],"picked":"Coffee Dripper"},{"not_picked":["Runic Cube","Snecko Eye"],"picked":"Busted Crown"}],"items_purged_floors":[4],"is_endless":false,"potions_floor_spawned":[6,7,11,16,18,21,25,30,41,44],"killed_by":"Giant Head","ascension_level":20}}