{"host":"254qdhpnbonm8z0p","time":1611742944,"event":{"mods":["AchievementEnabler","BaseMod","Block Reminder","Colored Map","Colored Powertips","Minty Spire (QoL Compilation)","ojb\u0027s Better Paths Mod"],"gold_per_floor":[112,124,138,138,138,164,178,196,220,220,234,234,252,265,265,265,265],"floor_reached":16,"language":"ENG","playtime":1102,"items_purged":[],"score":111,"play_id":"2c2562b9-5466-4fdf-899a-f1931676059b","local_time":"20210127022224","is_ascension_mode":true,"campfire_choices":[{"floor":10,"key":"REST"},{"floor":12,"key":"REST"},{"floor":15,"key":"RECALL"}],"circlet_count":0,"master_deck":["Strike_R","Strike_R","Strike_R","Strike_R","Defend_R","Defend_R","Defend_R","Defend_R","Bash","Heavy Blade","Inflame","Double Tap","Pommel Strike","Searing Blow","Armaments","Heavy Blade"],"relics":["Burning Blood","NeowsBlessing","Pear","Blood Vial","MealTicket"],"acts_visited":["Exordium"],"potions_floor_usage":[16,16],"damage_taken":[{"damage":0,"enemies":"2 Louse","floor":1,"turns":1},{"damage":0,"enemies":"Jaw Worm","floor":2,"turns":1},{"damage":0,"enemies":"Cultist","floor":3,"turns":1},{"damage":65,"enemies":"Lagavulin","floor":6,"turns":7},{"damage":15,"enemies":"Red Slaver","floor":7,"turns":4},{"damage":11,"enemies":"Large Slime","floor":8,"turns":5},{"damage":31,"enemies":"Exordium Thugs","floor":11,"turns":5},{"damage":11,"enemies":"2 Fungi Beasts","floor":13,"turns":3},{"damage":0,"enemies":"Looter","floor":14,"turns":4},{"damage":62,"enemies":"The Guardian","floor":16,"turns":12}],"seed_played":"-5747635040458273520","potions_obtained":[{"floor":7,"key":"Strength Potion"},{"floor":8,"key":"SmokeBomb"},{"floor":11,"key":"SpeedPotion"},{"floor":14,"key":"Energy Potion"}],"is_trial":false,"path_per_floor":["M","M","M","?","T","E","M","M","T","R","M","R","M","M","R","B"],"character_chosen":"IRONCLAD","items_purchased":[],"campfire_rested":2,"item_purchase_floors":[],"current_hp_per_floor":[80,80,80,80,90,31,24,21,21,48,25,52,49,57,57,0,0],"gold":265,"neow_bonus":"THREE_ENEMY_KILL","is_daily":false,"chose_seed":false,"campfire_upgraded":0,"win_rate":0.0,"timestamp":1611742944,"path_taken":["M","M","M","?","?","E","M","M","T","R","M","R","M","M","R","BOSS"],"items_purchased_type":[],"build_version":"2020-12-22","purchased_purges":0,"victory":false,"max_hp_per_floor":[80,80,80,80,90,90,90,90,90,90,90,90,90,90,90,90,90],"card_choices":[{"not_picked":["Shrug It Off","Warcry"],"picked":"Heavy Blade","floor":1},{"not_picked":["Shockwave","Power Through","True Grit"],"picked":"SKIP","floor":2},{"not_picked":["Reckless Charge","Perfected Strike"],"picked":"Inflame","floor":3},{"not_picked":["Whirlwind","Clothesline"],"picked":"Double Tap","floor":6},{"not_picked":["Headbutt","Flex"],"picked":"Pommel Strike","floor":7},{"not_picked":["Headbutt","Anger"],"picked":"Searing Blow","floor":8},{"not_picked":["Hemokinesis","Wild Strike"],"picked":"Armaments","floor":11},{"not_picked":["Pummel","Anger","Shrug It Off"],"picked":"SKIP","floor":13},{"not_picked":["Body Slam","Flame Barrier"],"picked":"Heavy Blade","floor":14}],"player_experience":109273,"relics_obtained":[{"floor":5,"key":"Pear"},{"floor":6,"key":"Blood Vial"},{"floor":9,"key":"MealTicket"}],"event_choices":[{"cards_removed":["Strike_R"],"damage_healed":0,"gold_gain":0,"player_choice":"Forget","damage_taken":0,"max_hp_gain":0,"max_hp_loss":0,"event_name":"Living Wall","floor":4,"gold_loss":0}],"is_beta":false,"boss_relics":[],"items_purged_floors":[],"is_endless":false,"potions_floor_spawned":[7,8,11,14],"killed_by":"The Guardian","ascension_level":1}}