{"host":"2yhbarjh4s9lrrzt","time":1611791308,"event":{"mods":["2.2 Compatiblity","BaseMod","Better Note","Better Third Choice","Block Reminder","Hubris","Marked Mod","Minty Spire (QoL Compilation)","Replay The Spire","StSLib"],"gold_per_floor":[115,290,307,307,47,47,73,90,90,90,102,102,102,118,118,223,223,213,213,213,225,17,0,0,13,39,39,39,39],"floor_reached":28,"language":"ENG","playtime":1707,"items_purged":["Doubt"],"score":216,"play_id":"4221007e-dd12-4526-bf9e-010ff26d2f65","local_time":"20210127184828","is_ascension_mode":false,"campfire_choices":[{"data":"Eruption","floor":6,"key":"SMITH"},{"floor":10,"key":"REST"},{"floor":13,"key":"REST"},{"data":"Replay:Sssssssssshield","floor":15,"key":"SMITH"},{"floor":24,"key":"REST"}],"circlet_count":0,"master_deck":["Strike_P","Strike_P","Strike_P","Defend_P","Defend_P+1","Defend_P","Eruption+1","Vigilance","Replay:Sssssssssshield+1","Nirvana","MarkedMod:GentlePulse","FlurryOfBlows","FlurryOfBlows","BattleHymn+1","Consecrate","JustLucky","FollowUp","hubris:DuctTapeCard","PathToVictory","MarkedMod:NorthStar","WaveOfTheHand","Bandage Up","Swivel","Indignation","MentalFortress","Replay:Hum","WheelKick","SashWhip","hubris:Insight","Halt"],"relics":["PureWater","Orichalcum","Torii","Gremlin Food","hubris:DuctTape","hubris:Backtick","Lantern","BargainBundle","Enchiridion"],"acts_visited":["Exordium","TheCity"],"potions_floor_usage":[7,16,16,21,25,28],"damage_taken":[{"damage":0,"enemies":"2 Louse","floor":1,"turns":3},{"damage":14,"enemies":"Small Slimes","floor":3,"turns":4},{"damage":25,"enemies":"3 Sentries","floor":7,"turns":9},{"damage":0,"enemies":"Jaw Worm","floor":8,"turns":4},{"damage":1,"enemies":"3 Louse","floor":11,"turns":5},{"damage":0,"enemies":"Large Slime","floor":14,"turns":7},{"damage":13,"enemies":"The Guardian","floor":16,"turns":12},{"damage":29,"enemies":"2 Thieves","floor":18,"turns":4},{"damage":21,"enemies":"Chosen","floor":21,"turns":7},{"damage":18,"enemies":"Snake Plant","floor":25,"turns":5},{"damage":18,"enemies":"Sentry and Sphere","floor":28,"turns":3}],"seed_played":"5614340660596827250","potions_obtained":[{"floor":1,"key":"SkillPotion"},{"floor":3,"key":"Dexterity Potion"},{"floor":11,"key":"Weak Potion"},{"floor":18,"key":"ColorlessPotion"},{"floor":19,"key":"Block Potion"},{"floor":19,"key":"MarkedMod:BlackLotusJuice"},{"floor":19,"key":"LifebloodPotion"},{"floor":25,"key":"Flashbang"}],"is_trial":false,"path_per_floor":["M","?","M","?","$","R","E","M","T","R","M","T","R","M","R","B",null,"M","?","?","M","$","?","R","M","T","?","M"],"character_chosen":"WATCHER","items_purchased":["Orichalcum","FlurryOfBlows","BattleHymn","BargainBundle","Indignation","MentalFortress","Replay:Hum","WheelKick","SashWhip","hubris:Insight","Energy Potion"],"campfire_rested":3,"item_purchase_floors":[5,5,5,22,22,22,22,22,22,22,22],"current_hp_per_floor":[72,72,58,72,72,72,47,47,47,68,67,67,72,72,72,59,72,43,43,43,26,26,26,47,33,33,17,0,0],"gold":39,"neow_bonus":"RANDOM_COLORLESS","is_daily":false,"chose_seed":false,"campfire_upgraded":2,"win_rate":0.0,"timestamp":1611791308,"path_taken":["M","?","M","?","$","R","E","M","T","R","M","?","R","M","R","BOSS","M","?","?","?","$","?","R","M","T","?","M"],"items_purchased_type":["Relic","Card","Card","Relic","Card","Card","Card","Card","Card","Card","Potion"],"build_version":"2020-12-22","purchased_purges":1,"victory":false,"max_hp_per_floor":[72,72,72,72,72,72,72,72,72,72,72,72,72,72,72,72,72,72,72,72,72,72,72,72,72,72,72,72,72],"card_choices":[{"not_picked":["Impatience","Mind Blast"],"picked":"Replay:Sssssssssshield","floor":0},{"not_picked":["EmptyFist","CutThroughFate"],"picked":"Nirvana","floor":1},{"not_picked":["Meditate","Nirvana"],"picked":"MarkedMod:GentlePulse","floor":3},{"not_picked":["Halt","Replay:Vibes"],"picked":"Consecrate","floor":7},{"not_picked":["Evaluate","WreathOfFlame"],"picked":"JustLucky","floor":8},{"not_picked":["ClearTheMind","MarkedMod:Acupuncture"],"picked":"FollowUp","floor":11},{"not_picked":["Perseverance","Nirvana"],"picked":"PathToVictory","floor":14},{"not_picked":["Omniscience","Establishment"],"picked":"MarkedMod:NorthStar","floor":16},{"not_picked":["CutThroughFate","ThirdEye"],"picked":"WaveOfTheHand","floor":18},{"not_picked":["Wallop","EmptyBody"],"picked":"Swivel","floor":21},{"not_picked":["MentalFortress","FollowUp"],"picked":"Halt","floor":25}],"player_experience":273349,"relics_obtained":[{"floor":7,"key":"Torii"},{"floor":9,"key":"Gremlin Food"},{"floor":12,"key":"hubris:DuctTape"},{"floor":27,"key":"Enchiridion"}],"event_choices":[{"damage_healed":0,"gold_gain":175,"player_choice":"AGREE","damage_taken":115,"max_hp_gain":0,"max_hp_loss":0,"event_name":"betterThird:BetterSerpent","floor":2,"gold_loss":0},{"damage_healed":24,"gold_gain":0,"player_choice":"Banana","damage_taken":0,"max_hp_gain":0,"max_hp_loss":0,"event_name":"Big Fish","floor":4,"gold_loss":0},{"damage_healed":0,"gold_gain":0,"player_choice":"Got Potions","damage_taken":0,"max_hp_gain":0,"max_hp_loss":0,"event_name":"Lab","floor":19,"gold_loss":0},{"cards_removed":["MarkedMod:NorthStar"],"damage_healed":0,"gold_gain":0,"player_choice":"Take \u0026 Give","damage_taken":0,"max_hp_gain":0,"max_hp_loss":0,"event_name":"betterNote:BetterNote","floor":20,"gold_loss":0,"cards_obtained":["Bandage Up"]},{"damage_healed":0,"gold_gain":0,"player_choice":"Paid Fearfully","damage_taken":0,"max_hp_gain":0,"max_hp_loss":0,"event_name":"Masked Bandits","floor":23,"gold_loss":17},{"damage_healed":0,"gold_gain":0,"player_choice":"Obtained Book","damage_taken":16,"max_hp_gain":0,"max_hp_loss":0,"event_name":"Cursed Tome","floor":27,"gold_loss":0}],"is_beta":false,"boss_relics":[{"not_picked":["hubris:Stopwatch","Painkiller Herb"],"picked":"hubris:Backtick"}],"items_purged_floors":[22],"is_endless":false,"potions_floor_spawned":[1,3,11,18,25],"killed_by":"Sentry and Sphere","ascension_level":0}}