{"host":"l5zfpd2l2htson6l","time":1611726920,"event":{"mods":["AchievementEnabler","BaseMod","Colored Map","Colored Powertips","Minty Spire (QoL Compilation)","Permanent Neow","Quick Restart","Rare Cards Sparkle","Relic Stats","SuperFastMode"],"gold_per_floor":[112,112,128,145,145,172,172,182,182,216,242,20,30,57,57,157,157,173,133,152,171,19,19,19,45,45,45,60,71,71,71,71,175,175,194,38,56,0,0,33,33,61,85,100,100,126,139,156,156,156],"floor_reached":51,"language":"ENG","playtime":5354,"items_purged":[],"score":1043,"play_id":"d4132946-10e2-484f-84f3-ea6c627452ef","local_time":"20210126215520","is_ascension_mode":true,"campfire_choices":[{"data":"Whirlwind","floor":7.0,"key":"SMITH"},{"floor":15.0,"key":"REST"},{"data":"True Grit","floor":23.0,"key":"SMITH"},{"data":"Spot Weakness","floor":27.0,"key":"SMITH"},{"data":"Seeing Red","floor":30.0,"key":"SMITH"},{"floor":32.0,"key":"REST"},{"data":"Disarm","floor":41.0,"key":"SMITH"},{"data":"Corruption","floor":45.0,"key":"SMITH"},{"floor":49.0,"key":"REST"}],"circlet_count":0,"master_deck":["Strike_R","Strike_R+1","Strike_R+1","Strike_R","Strike_R+1","Defend_R","Defend_R+1","Defend_R","Bash+1","Perfected Strike","Thunderclap","Whirlwind+1","Spot Weakness+1","Twin Strike","Hemokinesis+1","Power Through","Uppercut+1","Battle Trance","True Grit+1","Reaper+1","Shrug It Off","Power Through+1","Fiend Fire+1","Metallicize","Seeing Red+1","Feed+1","Disarm+1","Corruption+1","Ghostly Armor+1"],"relics":["Burning Blood","Blue Candle","Molten Egg 2","Odd Mushroom","Sling","Regal Pillow","Runic Cube","Orrery","StrikeDummy","Paper Frog","Nilry\u0027s Codex","Snecko Eye","Frozen Eye","Red Mask","Calipers","Sundial","Bronze Scales"],"acts_visited":["Exordium","TheCity","TheBeyond"],"potions_floor_usage":[],"damage_taken":[{"damage":4.0,"enemies":"2 Louse","floor":1.0,"turns":3.0},{"damage":0.0,"enemies":"Cultist","floor":3.0,"turns":3.0},{"damage":6.0,"enemies":"Small Slimes","floor":4.0,"turns":2.0},{"damage":32.0,"enemies":"Gremlin Nob","floor":6.0,"turns":4.0},{"damage":0.0,"enemies":"3 Louse","floor":8.0,"turns":1.0},{"damage":25.0,"enemies":"3 Sentries","floor":10.0,"turns":4.0},{"damage":0.0,"enemies":"The Mushroom Lair","floor":11.0,"turns":1.0},{"damage":1.0,"enemies":"2 Fungi Beasts","floor":13.0,"turns":3.0},{"damage":17.0,"enemies":"Lagavulin","floor":14.0,"turns":3.0},{"damage":37.0,"enemies":"Hexaghost","floor":16.0,"turns":8.0},{"damage":24.0,"enemies":"3 Byrds","floor":18.0,"turns":5.0},{"damage":32.0,"enemies":"Spheric Guardian","floor":20.0,"turns":7.0},{"damage":7.0,"enemies":"Cultist and Chosen","floor":21.0,"turns":6.0},{"damage":24.0,"enemies":"Book of Stabbing","floor":25.0,"turns":6.0},{"damage":38.0,"enemies":"Snecko","floor":28.0,"turns":6.0},{"damage":20.0,"enemies":"3 Cultists","floor":29.0,"turns":5.0},{"damage":34.0,"enemies":"Champ","floor":33.0,"turns":10.0},{"damage":93.0,"enemies":"3 Darklings","floor":35.0,"turns":79.0},{"damage":8.0,"enemies":"Orb Walker","floor":37.0,"turns":3.0},{"damage":0.0,"enemies":"Reptomancer","floor":40.0,"turns":2.0},{"damage":41.0,"enemies":"Giant Head","floor":42.0,"turns":8.0},{"damage":29.0,"enemies":"Maw","floor":44.0,"turns":7.0},{"damage":65.0,"enemies":"Jaw Worm Horde","floor":47.0,"turns":8.0},{"damage":12.0,"enemies":"Sphere and 2 Shapes","floor":48.0,"turns":24.0},{"damage":80,"enemies":"Donu and Deca","floor":50,"turns":8}],"seed_played":"-3608511956745984562","potions_obtained":[{"floor":1.0,"key":"Fire Potion"},{"floor":3.0,"key":"GamblersBrew"},{"floor":6.0,"key":"Ancient Potion"},{"floor":10.0,"key":"Fire Potion"},{"floor":18.0,"key":"LiquidMemories"},{"floor":21.0,"key":"BlessingOfTheForge"},{"floor":25.0,"key":"Fruit Juice"},{"floor":29.0,"key":"HeartOfIron"},{"floor":33.0,"key":"SteroidPotion"},{"floor":37.0,"key":"Dexterity Potion"},{"floor":42.0,"key":"ColorlessPotion"}],"is_trial":false,"path_per_floor":["M","?","M","M","?","E","R","M","T","E","?","$","M","E","R","B",null,"M","?","M","M","$","R","?","E","T","R","M","M","R","?","R","B",null,"M","$","M","?","?","E","R","E","T","M","R","T","M","M","R","B",null],"character_chosen":"IRONCLAD","items_purchased":["Sling","Uppercut+1","Orrery","Frozen Eye"],"campfire_rested":3,"item_purchase_floors":[12,12,22,36],"current_hp_per_floor":[74,74,80,80,64,38,38,44,44,25,31,31,36,25,64,33,68,60,60,34,49,49,49,49,51,51,51,24,27,27,11,51,29,71,85,85,89,89,85,85,85,50,50,42,42,42,38,49,89,43],"gold":156,"neow_bonus":"UPGRADE_CARD","is_daily":false,"chose_seed":false,"campfire_upgraded":6,"win_rate":0.0,"timestamp":1611726920,"path_taken":["M","?","M","?","?","E","R","M","T","E","?","$","M","E","R","BOSS","M","?","M","M","?","R","?","E","T","R","M","M","R","?","R","BOSS","M","$","M","?","?","E","R","E","T","M","R","?","M","M","R","BOSS"],"items_purchased_type":["Relic","Card","Relic","Relic"],"build_version":"2020-12-22","purchased_purges":0,"victory":true,"max_hp_per_floor":[80,80,80,80,80,80,80,80,80,80,80,80,80,80,80,80,80,80,80,80,80,80,80,80,85,85,85,85,85,85,85,85,85,85,85,85,89,89,85,85,85,85,85,85,85,85,89,89,89,93],"relic_stats":{"Regal Pillow":44,"counters":[25,216],"Sundial":[6],"Blue Candle":[0],"Bronze Scales":[117],"Snecko Eye":[225,290,247,253],"obtain_stats":[{"Regal Pillow":14,"Calipers":40,"Nilry\u0027s Codex":31,"Blue Candle":9,"Odd Mushroom":11,"Sling":12,"Burning Blood":0,"Frozen Eye":36,"Sundial":42,"Bronze Scales":46,"Orrery":22,"Snecko Eye":34,"Molten Egg 2":10,"Red Mask":38,"StrikeDummy":25,"Runic Cube":17,"Paper Frog":26},{"Regal Pillow":9,"Calipers":20,"Nilry\u0027s Codex":16,"Blue Candle":5,"Odd Mushroom":7,"Sling":7,"Burning Blood":0,"Frozen Eye":18,"Sundial":21,"Bronze Scales":22,"Orrery":13,"Snecko Eye":17,"Molten Egg 2":6,"Red Mask":19,"StrikeDummy":14,"Runic Cube":10,"Paper Frog":14},{"Regal Pillow":24,"Calipers":161,"Nilry\u0027s Codex":67,"Blue Candle":13,"Odd Mushroom":18,"Sling":18,"Burning Blood":0,"Frozen Eye":156,"Sundial":169,"Bronze Scales":176,"Orrery":50,"Snecko Eye":77,"Molten Egg 2":17,"Red Mask":159,"StrikeDummy":56,"Runic Cube":32,"Paper Frog":56}],"Burning Blood":133,"Runic Cube":[79]},"card_choices":[{"not_picked":["Heavy Blade","Warcry"],"picked":"Perfected Strike","floor":1.0},{"not_picked":["Warcry","Fire Breathing"],"picked":"Thunderclap","floor":3.0},{"not_picked":["Rampage","Pommel Strike"],"picked":"Whirlwind","floor":4.0},{"not_picked":["Bloodletting","Second Wind"],"picked":"Spot Weakness","floor":6.0},{"not_picked":["Wild Strike","Armaments"],"picked":"Twin Strike","floor":8.0},{"not_picked":["Seeing Red","Havoc"],"picked":"Hemokinesis+1","floor":10.0},{"not_picked":["Havoc","Offering"],"picked":"Power Through","floor":11.0},{"not_picked":["Carnage+1","Perfected Strike+1"],"picked":"Battle Trance","floor":13.0},{"not_picked":["Rampage+1","Anger+1"],"picked":"True Grit","floor":14.0},{"not_picked":["Immolate+1","Juggernaut"],"picked":"Reaper+1","floor":16.0},{"not_picked":["Sword Boomerang+1","Heavy Blade+1","Wild Strike+1"],"picked":"SKIP","floor":18.0},{"not_picked":["Thunderclap+1","Anger+1","Perfected Strike+1"],"picked":"SKIP","floor":20.0},{"not_picked":["Cleave+1","Fire Breathing"],"picked":"Shrug It Off","floor":21.0},{"not_picked":["Intimidate","Flex+1"],"picked":"Power Through+1","floor":22.0},{"not_picked":["Flex+1","Shockwave"],"picked":"Fiend Fire+1","floor":22.0},{"not_picked":["Headbutt+1","Cleave+1","Reaper+1"],"picked":"SKIP","floor":25.0},{"not_picked":["Headbutt+1","Spot Weakness"],"picked":"Metallicize","floor":28.0},{"not_picked":["Perfected Strike+1","Pommel Strike+1"],"picked":"Seeing Red","floor":29.0},{"not_picked":["Limit Break","Double Tap"],"picked":"Feed+1","floor":33.0},{"not_picked":["Shockwave+1","Rupture","Combust+1"],"picked":"SKIP","floor":35.0},{"not_picked":["Perfected Strike+1","Shrug It Off","Heavy Blade+1"],"picked":"SKIP","floor":37.0},{"not_picked":["Hemokinesis+1","True Grit+1"],"picked":"Disarm","floor":40.0},{"not_picked":["Entrench","Thunderclap+1","Rampage+1"],"picked":"SKIP","floor":42.0},{"not_picked":["Headbutt+1","Clothesline+1"],"picked":"Corruption","floor":44.0},{"not_picked":["Anger+1","Warcry+1","Second Wind"],"picked":"SKIP","floor":47.0},{"not_picked":["Warcry+1","Anger+1"],"picked":"Ghostly Armor+1","floor":48.0}],"player_experience":720732,"relics_obtained":[{"floor":9.0,"key":"Blue Candle"},{"floor":10.0,"key":"Molten Egg 2"},{"floor":11.0,"key":"Odd Mushroom"},{"floor":14.0,"key":"Regal Pillow"},{"floor":25.0,"key":"StrikeDummy"},{"floor":26.0,"key":"Paper Frog"},{"floor":31.0,"key":"Nilry\u0027s Codex"},{"floor":40.0,"key":"Calipers"},{"floor":42.0,"key":"Sundial"},{"floor":46.0,"key":"Bronze Scales"}],"event_choices":[{"cards_removed":["Defend_R"],"damage_healed":0.0,"max_hp_gain":0.0,"max_hp_loss":0.0,"gold_gain":0.0,"event_name":"Bonfire Elementals","player_choice":"Offered Basic","floor":2.0,"gold_loss":0.0,"damage_taken":0.0},{"damage_healed":0.0,"max_hp_gain":0.0,"max_hp_loss":0.0,"gold_gain":0.0,"event_name":"Shining Light","player_choice":"Entered Light","floor":5.0,"gold_loss":0.0,"damage_taken":16.0,"cards_upgraded":["Defend_R","Strike_R"]},{"damage_healed":0.0,"max_hp_gain":0.0,"max_hp_loss":0.0,"gold_gain":0.0,"event_name":"Mushrooms","player_choice":"Fought Mushrooms","floor":11.0,"gold_loss":0.0,"damage_taken":0.0},{"damage_healed":0.0,"max_hp_gain":0.0,"max_hp_loss":0.0,"gold_gain":0.0,"event_name":"Designer","player_choice":"Upgraded Two","floor":19.0,"gold_loss":40.0,"damage_taken":0.0,"cards_upgraded":["Strike_R","Strike_R"]},{"damage_healed":0.0,"max_hp_gain":0.0,"max_hp_loss":0.0,"gold_gain":0.0,"event_name":"Cursed Tome","player_choice":"Obtained Book","floor":31.0,"gold_loss":0.0,"damage_taken":16.0},{"damage_healed":0.0,"max_hp_gain":0.0,"max_hp_loss":0.0,"gold_gain":0.0,"event_name":"Tomb of Lord Red Mask","player_choice":"Paid","floor":38.0,"gold_loss":56.0,"damage_taken":0.0,"relics_obtained":["Red Mask"]},{"damage_healed":0.0,"max_hp_gain":0.0,"max_hp_loss":4.0,"gold_gain":0.0,"event_name":"Winding Halls","player_choice":"Max HP","floor":39.0,"gold_loss":0.0,"damage_taken":0.0}],"is_beta":false,"boss_relics":[{"not_picked":["Pandora\u0027s Box","Ectoplasm"],"picked":"Runic Cube"},{"not_picked":["SlaversCollar","Black Star"],"picked":"Snecko Eye"}],"items_purged_floors":[],"is_endless":false,"potions_floor_spawned":[1,3,6,10,18,21,25,29,33,37,42],"ascension_level":8}}