{"host":"gzk4gkgy3zij1c51","time":1611773545,"event":{"mods":["BaseMod","Colored Map","Downfall","Highlight Path","Marked Mod","Minty Spire (QoL Compilation)","Relic Stats","StSLib","everything is the same but u backflip on backflip"],"gold_per_floor":[110,110,130,147,165,165,200,200,200,217,173,173,173],"floor_reached":12,"language":"ENG","playtime":606,"items_purged":[],"score":96,"play_id":"adb6530c-5f38-4f2c-bdaa-3fa59f9e6605","local_time":"20210127185225","is_ascension_mode":true,"campfire_choices":[{"data":"Vigilance","floor":6.0,"key":"SMITH"},{"data":"TalkToTheHand","floor":8.0,"key":"SMITH"}],"circlet_count":0,"master_deck":["Strike_P","Strike_P","Strike_P","Defend_P","Defend_P","Defend_P","Defend_P","Eruption","Vigilance+1","PathToVictory","FollowUp","CutThroughFate","Wallop","TalkToTheHand+1","DeusExMachina"],"relics":["PureWater","Pen Nib","Happy Flower"],"acts_visited":["Exordium"],"potions_floor_usage":[],"damage_taken":[{"damage":8.0,"enemies":"Jaw Worm","floor":1.0,"turns":5.0},{"damage":2.0,"enemies":"Cultist","floor":3.0,"turns":4.0},{"damage":0.0,"enemies":"Small Slimes","floor":4.0,"turns":3.0},{"damage":4.0,"enemies":"Looter","floor":5.0,"turns":3.0},{"damage":9.0,"enemies":"Lagavulin","floor":7.0,"turns":5.0},{"damage":41.0,"enemies":"Exordium Thugs","floor":10.0,"turns":6.0},{"damage":30,"enemies":"3 Sentries","floor":12,"turns":5}],"seed_played":"-7520886936669162497","potions_obtained":[{"floor":4.0,"key":"Guardian:BlockOnCardUsePotion"},{"floor":5.0,"key":"AttackPotion"}],"is_trial":false,"path_per_floor":["M","?","M","M","M","R","E","R","T","M","?","E"],"character_chosen":"WATCHER","items_purchased":[],"campfire_rested":0,"item_purchase_floors":[],"current_hp_per_floor":[71,71,69,69,65,65,56,56,56,15,15,0,0],"gold":173,"neow_bonus":"TEN_PERCENT_HP_BONUS","is_daily":false,"chose_seed":false,"campfire_upgraded":2,"win_rate":0.0,"timestamp":1611773545,"path_taken":["M","?","M","?","M","R","E","R","T","?","?","E"],"items_purchased_type":[],"build_version":"2020-12-22","purchased_purges":0,"victory":false,"max_hp_per_floor":[79,79,79,79,79,79,79,79,79,79,79,79,79],"relic_stats":{"Happy Flower":[3],"counters":[7,31],"Pen Nib":[1],"obtain_stats":[{"Happy Flower":9,"Pen Nib":7,"PureWater":0},{"Happy Flower":5,"Pen Nib":5,"PureWater":0},{"Happy Flower":20,"Pen Nib":20,"PureWater":0}]},"card_choices":[{"not_picked":["WaveOfTheHand","MentalFortress"],"picked":"PathToVictory","floor":1.0},{"not_picked":["Protect","Halt"],"picked":"FollowUp","floor":3.0},{"not_picked":["BattleHymn","FlyingSleeves"],"picked":"CutThroughFate","floor":4.0},{"not_picked":["Pray","ThirdEye"],"picked":"Wallop","floor":5.0},{"not_picked":["Perseverance","ThirdEye"],"picked":"TalkToTheHand","floor":7.0},{"not_picked":["CarveReality","DeceiveReality"],"picked":"DeusExMachina","floor":10.0}],"player_experience":1083802,"relics_obtained":[{"floor":7.0,"key":"Pen Nib"},{"floor":9.0,"key":"Happy Flower"}],"event_choices":[{"cards_removed":["Strike_P"],"damage_healed":0.0,"max_hp_gain":0.0,"max_hp_loss":0.0,"gold_gain":0.0,"event_name":"Wheel of Change","player_choice":"Card Removal","floor":2.0,"gold_loss":0.0,"damage_taken":0.0},{"damage_healed":0.0,"max_hp_gain":0.0,"max_hp_loss":0.0,"gold_gain":0.0,"event_name":"World of Goop","player_choice":"Left Gold","floor":11.0,"gold_loss":44.0,"damage_taken":0.0}],"is_beta":false,"boss_relics":[],"items_purged_floors":[],"is_endless":false,"potions_floor_spawned":[4,5],"killed_by":"3 Sentries","ascension_level":4}}