{"host":"d61fcf2p3sjwe6yo","time":1611779408,"event":{"mods":["AchievementEnabler","BaseMod","Colored Map","Downfall","Minty Spire (QoL Compilation)","StSLib","SuperFastMode"],"gold_per_floor":[99,99,99,119,135,154,177,191,201,101,133,148,158,192,202,273,273,173,189,189,200,211,230,230,262,162,175,175,85,85,102,122,197,197,197,30,30,43,56,85,85,96,126,139,139,124,124,135,145,145,145,176,76,76,76,76],"floor_reached":57,"language":"ENG","playtime":3426,"items_purged":["Pain","champ:Strike"],"score":1912,"play_id":"b3a6fe1a-17d4-4e69-b2c4-7b7eb14ecd44","local_time":"20210127233007","is_ascension_mode":true,"campfire_choices":[{"floor":1,"key":"RECALL"},{"data":"champ:ShieldWall","floor":10,"key":"SMITH"},{"data":"champ:StrikeOfGenius","floor":18,"key":"SMITH"},{"floor":26,"key":"REST"},{"data":"champ:DefensiveShout","floor":28,"key":"SMITH"},{"data":"champ:GladiatorForm","floor":35,"key":"SMITH"},{"floor":47,"key":"REST"},{"data":"champ:ArenaPreparation","floor":54,"key":"SMITH"}],"circlet_count":0,"master_deck":["AscendersBane","champ:Strike","champ:Strike","champ:Defend","champ:Defend","champ:Defend","champ:Defend","champ:Execute","champ:Taunt+1","champ:ShieldWall+1","champ:CrownThrow","champ:AdrenalArmor+1","champ:CalledShot+1","champ:TornadoPunch","champ:FlashCut","champ:Duel","champ:Circumvent","champ:DefensiveStyle","champ:FlashCut","champ:StrikeOfGenius+1","champ:Circumvent","champ:DefensiveShout+1","champ:Circumvent+1","champ:GladiatorForm+1","champ:ArenaPreparation+1","champ:ShieldWall+1","champ:RageSigil+1","champ:BringItOn+1"],"relics":["champ:ChampionCrown","MealTicket","downfall:HeartBlessingRed","War Paint","sneckomod:SneckoTalon","downfall:HeartBlessingGreen","WarpedTongs","Kunai","downfall:HeartBlessingBlue","Sozu","champ:DefensiveTrainingManual","Happy Flower","hexamod:BolsterEngine","Shuriken","Strawberry"],"acts_visited":["Exordium","TheCity","TheBeyond","TheEnding"],"potions_floor_usage":[13,14,16,16,25,25,33,56],"damage_taken":[{"damage":23,"enemies":"2 Louse","floor":4,"turns":4},{"damage":10,"enemies":"Jaw Worm","floor":5,"turns":3},{"damage":10,"enemies":"Cultist","floor":6,"turns":3},{"damage":29,"enemies":"Lots of Slimes","floor":8,"turns":5},{"damage":13,"enemies":"2 Fungi Beasts","floor":9,"turns":4},{"damage":8,"enemies":"3 Sentries","floor":11,"turns":5},{"damage":12,"enemies":"3 Louse","floor":12,"turns":3},{"damage":10,"enemies":"Lots of Slimes","floor":13,"turns":3},{"damage":18,"enemies":"Gremlin Nob","floor":14,"turns":4},{"damage":10,"enemies":"Large Slime","floor":15,"turns":5},{"damage":37,"enemies":"WA_ARCHETYPE_RETAIN","floor":16,"turns":9},{"damage":0,"enemies":"Chosen","floor":19,"turns":4},{"damage":4,"enemies":"Spheric Guardian","floor":21,"turns":3},{"damage":5,"enemies":"Snecko","floor":22,"turns":3},{"damage":19,"enemies":"Centurion and Healer","floor":23,"turns":7},{"damage":44,"enemies":"Slavers","floor":25,"turns":3},{"damage":14,"enemies":"Shelled Parasite and Fungi","floor":27,"turns":4},{"damage":8,"enemies":"downfall:FleeingMerchant","floor":29,"turns":4},{"damage":3,"enemies":"Snecko","floor":31,"turns":5},{"damage":7,"enemies":"Centurion and Healer","floor":32,"turns":5},{"damage":6,"enemies":"IC_MUSHROOM_ARCHETYPE","floor":33,"turns":7},{"damage":10,"enemies":"downfall:FleeingMerchant","floor":36,"turns":4},{"damage":5,"enemies":"3 Shapes","floor":38,"turns":4},{"damage":14,"enemies":"Orb Walker","floor":39,"turns":3},{"damage":23,"enemies":"Reptomancer","floor":40,"turns":8},{"damage":10,"enemies":"Sphere and 2 Shapes","floor":42,"turns":5},{"damage":10,"enemies":"Giant Head","floor":43,"turns":7},{"damage":12,"enemies":"Transient","floor":44,"turns":5},{"damage":20,"enemies":"downfall:FleeingMerchant","floor":46,"turns":4},{"damage":43,"enemies":"4 Shapes","floor":48,"turns":6},{"damage":15,"enemies":"Spire Growth","floor":49,"turns":4},{"damage":61,"enemies":"DF_ARCHETYPE_ORBS","floor":50,"turns":7},{"damage":5,"enemies":"downfall:CharBossMerchant","floor":52,"turns":9},{"damage":154,"enemies":"downfall:NeowBoss","floor":55,"turns":14},{"damage":69,"enemies":"downfall:NeowBossFinal","floor":56,"turns":9}],"seed_played":"3569203059438381085","potions_obtained":[{"floor":4,"key":"Guardian:BlockOnCardUsePotion"},{"floor":6,"key":"Guardian:BlockOnCardUsePotion"},{"floor":8,"key":"Block Potion"},{"floor":12,"key":"Block Potion"},{"floor":14,"key":"ColorlessPotion"},{"floor":15,"key":"Weak Potion"},{"floor":22,"key":"hexamod:SoulburnPotion"},{"floor":23,"key":"PowerPotion"},{"floor":27,"key":"Block Potion"},{"floor":30,"key":"CultistPotion"},{"floor":31,"key":"PowerPotion"}],"is_trial":false,"path_per_floor":["R","?","?","M","M","M","T","M","M","R","E","M","M","E","M","B",null,"R","M","?","M","M","M","T","E","R","M","R","$","?","M","M","B",null,"R","$","?","M","M","E","T","M","E","M","?","$","R","M","M","B",null,"E","$","R","B","B",null],"character_chosen":"THE_CHAMP","items_purchased":["champ:DefensiveTrainingManual"],"campfire_rested":2,"item_purchase_floors":[36],"current_hp_per_floor":[81,81,81,78,78,78,78,59,56,56,48,46,46,38,38,36,77,77,77,77,73,68,59,59,25,65,51,51,58,58,55,48,42,86,86,100,100,100,86,63,63,63,63,61,61,76,100,67,52,38,85,87,102,102,73,49],"gold":76,"neow_bonus":"UPGRADE_CARD","is_daily":false,"chose_seed":false,"campfire_upgraded":5,"win_rate":0.0,"timestamp":1611779407,"path_taken":["R","?","?","M","M","?","T","?","M","R","E","M","M","E","M","BOSS","R","M","?","?","M","M","T","E","R","?","R","$","?","M","M","BOSS","R","$","?","?","M","E","T","M","E","M","?","$","R","M","M","BOSS","E","$","R","BOSS","BOSS"],"items_purchased_type":["Relic"],"build_version":"2020-12-22","purchased_purges":2,"victory":true,"max_hp_per_floor":[90,90,90,90,90,90,90,90,90,90,90,90,90,90,90,90,90,90,90,90,90,90,90,90,90,100,100,100,100,100,100,100,100,100,100,100,100,100,100,100,100,100,100,100,100,100,100,100,100,100,100,107,107,107,107,107],"card_choices":[{"not_picked":["champ:Parry","champ:Haymaker"],"picked":"champ:CrownThrow","floor":4},{"not_picked":["champ:BerserkersShout","champ:RageSigil"],"picked":"champ:AdrenalArmor","floor":5},{"not_picked":["champ:PreciseThrust","champ:BladeFlurry"],"picked":"champ:CalledShot","floor":6},{"not_picked":["champ:CrownThrow","champ:ShieldSigil"],"picked":"champ:TornadoPunch","floor":8},{"not_picked":["champ:FalseCounter","champ:CalledShot"],"picked":"champ:FlashCut","floor":9},{"not_picked":["champ:Devastate","champ:GutPunch"],"picked":"champ:Duel","floor":11},{"not_picked":["champ:Shatter","champ:Backstep","champ:BladeFlurry"],"picked":"SKIP","floor":12},{"not_picked":["champ:StanceDance","champ:FocusedBerserking"],"picked":"champ:Circumvent","floor":13},{"not_picked":["champ:Circumvent","champ:RecklessLeap"],"picked":"champ:DefensiveStyle","floor":14},{"not_picked":["champ:ViciousMockery","champ:HeavySlash"],"picked":"champ:FlashCut","floor":15},{"not_picked":["champ:Devastate","champ:HeavySlash"],"picked":"champ:StrikeOfGenius","floor":16},{"not_picked":["champ:Shatter","champ:Backstep","champ:TornadoPunch"],"picked":"SKIP","floor":19},{"not_picked":["champ:BladeFlurry","champ:AdrenalArmor"],"picked":"champ:Circumvent","floor":21},{"not_picked":["champ:PreciseThrust","champ:Endure"],"picked":"champ:DefensiveShout","floor":22},{"not_picked":["champ:EndlessRage","champ:EnGarde"],"picked":"champ:Circumvent+1","floor":23},{"not_picked":["champ:FlashCut","champ:Backstep","champ:FocusedDefense"],"picked":"SKIP","floor":25},{"not_picked":["champ:SkillfulDodge+1","champ:FanOfKnives","champ:StanceDance"],"picked":"SKIP","floor":27},{"not_picked":["champ:EnGarde","champ:EnchantCrown","champ:ShieldSigil"],"picked":"SKIP","floor":29},{"not_picked":["champ:DefensiveShout","champ:CrownThrow","champ:ShieldSlam"],"picked":"SKIP","floor":31},{"not_picked":["champ:DefensiveShout","champ:PerfectedStrike","champ:StanceDance+1"],"picked":"SKIP","floor":32},{"not_picked":["champ:EnchantSword","champ:SwordThrow"],"picked":"champ:GladiatorForm","floor":33},{"not_picked":["champ:PerfectedStrike","champ:GladiatorStyle"],"picked":"champ:ArenaPreparation","floor":36},{"not_picked":["champ:EnGarde+1","champ:Circumvent","champ:BladeFlurry+1"],"picked":"SKIP","floor":38},{"not_picked":["champ:Shatter","champ:BladeFlurry","champ:StanceDance"],"picked":"SKIP","floor":39},{"not_picked":["champ:Haymaker+1","champ:ShieldSigil","champ:Endure"],"picked":"SKIP","floor":40},{"not_picked":["champ:SetATrap+1","champ:BerserkersShout","champ:BladeFlurry"],"picked":"SKIP","floor":42},{"not_picked":["champ:Haymaker","champ:Devastate","champ:BerserkerStyle"],"picked":"SKIP","floor":43},{"not_picked":["champ:BerserkerStyle","champ:FocusedBerserking"],"picked":"champ:RageSigil+1","floor":44},{"not_picked":["champ:GladiatorStyle+1","champ:DefensiveShout"],"picked":"champ:BringItOn+1","floor":46},{"not_picked":["champ:SetATrap","champ:SwordSigil","champ:Duel"],"picked":"SKIP","floor":48},{"not_picked":["champ:Haymaker","champ:TornadoPunch","champ:PreemptiveStrike"],"picked":"SKIP","floor":49},{"not_picked":["champ:FocusedDefense","champ:BladeFlurry","champ:Circumvent"],"picked":"SKIP","floor":52}],"player_experience":728167,"relics_obtained":[{"floor":7,"key":"MealTicket"},{"floor":14,"key":"War Paint"},{"floor":25,"key":"Kunai"},{"floor":40,"key":"Happy Flower"},{"floor":41,"key":"hexamod:BolsterEngine"},{"floor":43,"key":"Shuriken"},{"floor":52,"key":"Strawberry"}],"event_choices":[{"damage_healed":0,"gold_gain":0,"player_choice":"Rummage","damage_taken":0,"relics_obtained":["WarpedTongs"],"max_hp_gain":0,"max_hp_loss":0,"event_name":"Accursed Blacksmith","floor":20,"gold_loss":0,"cards_obtained":["Pain"]}],"is_beta":false,"boss_relics":[{"not_picked":["Philosopher\u0027s Stone","Black Star"],"picked":"sneckomod:SneckoTalon"},{"not_picked":["Runic Dome","SacredBark"],"picked":"Sozu"}],"items_purged_floors":[29,53],"is_endless":false,"potions_floor_spawned":[4,6,8,12,14,15,22,23,27,31,38,39,44,48,52],"ascension_level":13}}