{"host":"syozzdlzcqop4jia","time":1611781451,"event":{"mods":["BaseMod","Colored Map","Colored Powertips","Minty Spire (QoL Compilation)","Quick Restart"],"gold_per_floor":[114,126,126,126,1,1,29,29,29,29,55,20,20,44,44,158,158,177,201,46,46,46],"floor_reached":21,"language":"ENG","playtime":1238,"items_purged":["Strike_R"],"score":201,"play_id":"a04adafa-75d4-410c-81cd-3ac1e6d84550","local_time":"20210127220411","is_ascension_mode":true,"campfire_choices":[{"data":"Twin Strike","floor":6,"key":"SMITH"},{"data":"Anger","floor":10,"key":"SMITH"},{"floor":15,"key":"REST"}],"circlet_count":0,"master_deck":["Strike_R","Strike_R","Strike_R","Defend_R","Defend_R","Defend_R","Defend_R","Bash","Headbutt","Shrug It Off+1","Twin Strike+1","Anger+1","Heavy Blade","Dropkick","Wild Strike","Immolate","Metallicize+1","Iron Wave","Immolate","Warcry"],"relics":["Black Blood","Dead Branch","Sundial","Bottled Flame","Odd Mushroom","CeramicFish","DollysMirror"],"acts_visited":["Exordium","TheCity"],"potions_floor_usage":[7,18],"damage_taken":[{"damage":9,"enemies":"Jaw Worm","floor":1,"turns":5},{"damage":0,"enemies":"2 Louse","floor":2,"turns":3},{"damage":22,"enemies":"Gremlin Nob","floor":7,"turns":5},{"damage":30,"enemies":"The Mushroom Lair","floor":11,"turns":4},{"damage":0,"enemies":"Small Slimes","floor":14,"turns":2},{"damage":47,"enemies":"Hexaghost","floor":16,"turns":9},{"damage":30,"enemies":"3 Byrds","floor":18,"turns":5},{"damage":2,"enemies":"Chosen","floor":19,"turns":4},{"damage":59,"enemies":"Centurion and Healer","floor":21,"turns":6}],"seed_played":"3455905913519166718","potions_obtained":[{"floor":1,"key":"Block Potion"},{"floor":14,"key":"PowerPotion"},{"floor":19,"key":"SpeedPotion"}],"is_trial":false,"path_per_floor":["M","M","?","?","$","R","E","?","T","R","?","$","?","M","R","B",null,"M","M","$","M"],"character_chosen":"IRONCLAD","items_purchased":["Twin Strike","Dropkick","DollysMirror","Warcry"],"campfire_rested":1,"item_purchase_floors":[5,12,20,20],"current_hp_per_floor":[85,88,88,81,81,81,65,65,65,65,41,41,23,29,55,14,88,70,80,80,21,21],"gold":46,"neow_bonus":"TEN_PERCENT_HP_BONUS","is_daily":false,"chose_seed":false,"campfire_upgraded":2,"win_rate":0.0,"timestamp":1611781451,"path_taken":["M","M","?","?","$","R","E","?","T","R","?","?","?","M","R","BOSS","M","M","$","M"],"items_purchased_type":["Card","Card","Relic","Card"],"build_version":"2020-12-22","purchased_purges":1,"victory":false,"max_hp_per_floor":[88,88,88,88,88,88,88,88,88,88,88,88,88,88,88,88,88,88,88,88,88,88],"card_choices":[{"not_picked":["Flex","Thunderclap"],"picked":"Headbutt","floor":1},{"not_picked":["Havoc","Wild Strike"],"picked":"Shrug It Off","floor":2},{"not_picked":["Disarm","Rupture"],"picked":"Anger","floor":7},{"not_picked":["Warcry","True Grit"],"picked":"Heavy Blade","floor":11},{"not_picked":["Whirlwind","Iron Wave"],"picked":"Wild Strike","floor":14},{"not_picked":["Demon Form","Bludgeon"],"picked":"Immolate","floor":16},{"not_picked":["Clothesline","Searing Blow"],"picked":"Metallicize+1","floor":18},{"not_picked":["Whirlwind","Clash+1"],"picked":"Iron Wave","floor":19}],"player_experience":416815,"relics_obtained":[{"floor":7,"key":"Dead Branch"},{"floor":9,"key":"Bottled Flame"},{"floor":11,"key":"Odd Mushroom"}],"event_choices":[{"damage_healed":0,"gold_gain":0,"player_choice":"Grow","damage_taken":0,"max_hp_gain":0,"max_hp_loss":0,"event_name":"Living Wall","floor":3,"gold_loss":0,"cards_upgraded":["Shrug It Off"]},{"cards_removed":["Strike_R"],"damage_healed":0,"gold_gain":0,"player_choice":"Card Removal","damage_taken":7,"max_hp_gain":0,"max_hp_loss":0,"event_name":"Golden Wing","floor":4,"gold_loss":0},{"damage_healed":0,"gold_gain":0,"player_choice":"Searched \u00271\u0027 times","damage_taken":0,"relics_obtained":["Sundial"],"max_hp_gain":0,"max_hp_loss":0,"event_name":"Dead Adventurer","floor":8,"gold_loss":0},{"damage_healed":0,"gold_gain":0,"player_choice":"Fought Mushrooms","damage_taken":0,"max_hp_gain":0,"max_hp_loss":0,"event_name":"Mushrooms","floor":11,"gold_loss":0},{"damage_healed":0,"gold_gain":0,"player_choice":"Success","damage_taken":18,"relics_obtained":["CeramicFish"],"max_hp_gain":0,"max_hp_loss":0,"event_name":"Scrap Ooze","floor":13,"gold_loss":0}],"is_beta":false,"boss_relics":[{"not_picked":["Fusion Hammer","Astrolabe"],"picked":"Black Blood"}],"items_purged_floors":[5],"is_endless":false,"potions_floor_spawned":[1,14,19],"killed_by":"Centurion and Healer","ascension_level":3}}