{"host":"49c2zf0lajbcs427","time":1611730183,"event":{"mods":["AchievementEnabler","BaseMod","Colored Map","Colored Powertips","Highlight Path","Key Reminder","Minty Spire (QoL Compilation)","Relic Stats","StSLib"],"gold_per_floor":[112,130,130,147,158,158,186,197,197,213,213,248,259,272,272,372,372,389,389,407,251,251,251,267,287,364,364,264,264,281,281,281],"floor_reached":31,"language":"ENG","playtime":1790,"items_purged":["Strike_B","Strike_B"],"score":326,"play_id":"3b9587d2-a329-4c14-8c6e-6ae7ef69aa28","local_time":"20210127194943","is_ascension_mode":true,"campfire_choices":[{"data":"Zap","floor":6,"key":"SMITH"},{"data":"Rebound","floor":11,"key":"SMITH"},{"floor":15,"key":"REST"},{"data":"Multi-Cast","floor":23,"key":"SMITH"},{"floor":27,"key":"REST"},{"data":"Double Energy","floor":29,"key":"SMITH"}],"circlet_count":0,"master_deck":["Strike_B","Defend_B","Defend_B","Defend_B","Defend_B","Zap+1","Dualcast","Undo","Cold Snap","Ball Lightning","Rebound+1","Conserve Battery","Recycle","Glacier","Multi-Cast+1","Turbo","Glacier","Aggregate","PanicButton","Turbo","Cold Snap","Double Energy+1","Cold Snap"],"relics":["Busted Crown","Mango","Question Card","Mercury Hourglass","Runic Pyramid","Sundial"],"acts_visited":["Exordium","TheCity"],"potions_floor_usage":[5,5,14,16,16,24,31],"damage_taken":[{"damage":2,"enemies":"Jaw Worm","floor":1,"turns":3},{"damage":1,"enemies":"Cultist","floor":2,"turns":3},{"damage":1,"enemies":"Small Slimes","floor":4,"turns":3},{"damage":12,"enemies":"Gremlin Gang","floor":5,"turns":5},{"damage":11,"enemies":"3 Sentries","floor":7,"turns":8},{"damage":21,"enemies":"Exordium Thugs","floor":8,"turns":4},{"damage":0,"enemies":"2 Fungi Beasts","floor":10,"turns":3},{"damage":23,"enemies":"Gremlin Nob","floor":12,"turns":4},{"damage":9,"enemies":"Red Slaver","floor":13,"turns":2},{"damage":2,"enemies":"Lots of Slimes","floor":14,"turns":2},{"damage":20,"enemies":"Hexaghost","floor":16,"turns":10},{"damage":17,"enemies":"2 Thieves","floor":18,"turns":4},{"damage":5,"enemies":"3 Byrds","floor":20,"turns":4},{"damage":31,"enemies":"Shelled Parasite and Fungi","floor":24,"turns":6},{"damage":2,"enemies":"Snecko","floor":25,"turns":5},{"damage":30,"enemies":"Snake Plant","floor":30,"turns":5},{"damage":12,"enemies":"Gremlin Leader","floor":31,"turns":1}],"seed_played":"-7860694412401129255","potions_obtained":[{"floor":1,"key":"Block Potion"},{"floor":3,"key":"EssenceOfDarkness"},{"floor":3,"key":"Block Potion"},{"floor":7,"key":"Regen Potion"},{"floor":8,"key":"PowerPotion"},{"floor":13,"key":"PotionOfCapacity"},{"floor":16,"key":"GamblersBrew"},{"floor":25,"key":"SteroidPotion"},{"floor":30,"key":"SkillPotion"}],"is_trial":false,"path_per_floor":["M","M","?","M","M","R","E","M","T","M","R","E","M","M","R","B",null,"M","?","M","$","?","R","M","M","T","R","$","R","M","E"],"character_chosen":"DEFECT","items_purchased":["PanicButton"],"campfire_rested":2,"item_purchase_floors":[21],"current_hp_per_floor":[66,65,65,64,52,52,55,34,34,34,34,11,2,5,31,11,70,53,53,48,48,48,48,17,15,15,41,41,41,11,0,0],"gold":281,"neow_bonus":"BOSS_RELIC","is_daily":false,"chose_seed":false,"campfire_upgraded":4,"win_rate":0.0,"timestamp":1611730183,"path_taken":["M","M","?","M","M","R","E","?","T","M","R","E","M","M","R","BOSS","M","?","M","?","?","R","M","M","T","R","$","R","M","E"],"items_purchased_type":["Card"],"build_version":"2020-12-22","purchased_purges":2,"victory":false,"max_hp_per_floor":[75,75,75,75,75,75,89,89,89,89,89,89,89,89,89,89,89,89,89,89,89,89,89,89,89,89,89,89,89,89,89,89],"relic_stats":{"Busted Crown":32,"counters":[17,71],"Sundial":[0],"Question Card":10,"obtain_stats":[{"Busted Crown":0,"Sundial":26,"Mango":7,"Cracked Core":0,"Question Card":9,"Mercury Hourglass":12,"Runic Pyramid":17},{"Busted Crown":0,"Sundial":15,"Mango":5,"Cracked Core":0,"Question Card":6,"Mercury Hourglass":8,"Runic Pyramid":11},{"Busted Crown":0,"Sundial":65,"Mango":22,"Cracked Core":0,"Question Card":26,"Mercury Hourglass":33,"Runic Pyramid":47}],"Mercury Hourglass":[154]},"card_choices":[{"not_picked":[],"picked":"Undo","floor":1},{"not_picked":["Consume"],"picked":"SKIP","floor":2},{"not_picked":["Conserve Battery"],"picked":"SKIP","floor":4},{"not_picked":[],"picked":"Cold Snap","floor":5},{"not_picked":[],"picked":"Ball Lightning","floor":7},{"not_picked":["Scrape"],"picked":"SKIP","floor":8},{"not_picked":["Skim"],"picked":"Rebound","floor":10},{"not_picked":["Steam"],"picked":"Conserve Battery","floor":12},{"not_picked":["Beam Cell"],"picked":"Recycle","floor":13},{"not_picked":["Beam Cell"],"picked":"Glacier","floor":14},{"not_picked":["Seek"],"picked":"Multi-Cast","floor":16},{"not_picked":["Rebound+1"],"picked":"Turbo","floor":18},{"not_picked":["FTL"],"picked":"Aggregate","floor":20},{"not_picked":["Tempest"],"picked":"Cold Snap","floor":24},{"not_picked":["Cold Snap"],"picked":"Double Energy","floor":25},{"not_picked":["Reinforced Body"],"picked":"Cold Snap","floor":30}],"player_experience":2369558,"relics_obtained":[{"floor":7,"key":"Mango"},{"floor":9,"key":"Question Card"},{"floor":12,"key":"Mercury Hourglass"},{"floor":26,"key":"Sundial"}],"event_choices":[{"damage_healed":0,"gold_gain":0,"player_choice":"Got Potions","damage_taken":0,"max_hp_gain":0,"max_hp_loss":0,"event_name":"Lab","floor":3,"gold_loss":0},{"damage_healed":0,"gold_gain":0,"player_choice":"Copied","damage_taken":0,"max_hp_gain":0,"max_hp_loss":0,"event_name":"Duplicator","floor":19,"gold_loss":0,"cards_obtained":["Glacier"]},{"damage_healed":0,"gold_gain":0,"cards_transformed":["Strike_B"],"player_choice":"Transformed","damage_taken":0,"max_hp_gain":0,"max_hp_loss":0,"event_name":"Transmorgrifier","floor":22,"gold_loss":0,"cards_obtained":["Turbo"]}],"is_beta":false,"boss_relics":[{"not_picked":["Empty Cage","Inserter"],"picked":"Runic Pyramid"}],"items_purged_floors":[21,28],"is_endless":false,"potions_floor_spawned":[1,7,8,10,13,16,25,30],"killed_by":"Gremlin Leader","ascension_level":6}}