{"host":"q3s8ewiy6v9taln3","time":1611707938,"event":{"mods":["BaseMod","Minty Spire (QoL Compilation)"],"gold_per_floor":[118,293,312,331,331,331,354,354,424,55,91,115,115,140,140,270,270,294,41,65,65,90,90,90,90,90],"floor_reached":25,"language":"ENG","playtime":1483,"items_purged":["Strike_R"],"score":254,"play_id":"e3468065-c383-4e57-9488-45a5ff61e8ac","local_time":"20210126193858","is_ascension_mode":true,"campfire_choices":[{"data":"Flex","floor":6,"key":"SMITH"},{"data":"1","floor":15,"key":"LIFT"},{"data":"2","floor":23,"key":"LIFT"}],"circlet_count":0,"master_deck":["Strike_R","Strike_R+1","Strike_R","Strike_R","Defend_R","Defend_R","Defend_R","Defend_R","Bash","Doubt","Flex+1","Pummel+1","Limit Break+1","Inflame","Feed","Spot Weakness","Heavy Blade","Berserk","CurseOfTheBell","Shrug It Off+1","Flex+1"],"relics":["Burning Blood","Bloody Idol","Lantern","Shuriken","Girya","Calling Bell","Oddly Smooth Stone","Question Card","Du-Vu Doll","Matryoshka","Whetstone","Blue Candle"],"acts_visited":["Exordium","TheCity"],"potions_floor_usage":[14,16,22,25,25],"damage_taken":[{"damage":10,"enemies":"Jaw Worm","floor":1,"turns":6},{"damage":4,"enemies":"Small Slimes","floor":3,"turns":4},{"damage":4,"enemies":"2 Louse","floor":4,"turns":4},{"damage":20,"enemies":"Gremlin Gang","floor":7,"turns":6},{"damage":15,"enemies":"Lagavulin","floor":11,"turns":3},{"damage":14,"enemies":"Red Slaver","floor":12,"turns":2},{"damage":0,"enemies":"Looter","floor":14,"turns":2},{"damage":28,"enemies":"Hexaghost","floor":16,"turns":6},{"damage":36,"enemies":"3 Byrds","floor":18,"turns":7},{"damage":14,"enemies":"Shell Parasite","floor":20,"turns":4},{"damage":43,"enemies":"Cultist and Chosen","floor":22,"turns":6},{"damage":22,"enemies":"Snake Plant","floor":25,"turns":3}],"seed_played":"-6777172316050232253","potions_obtained":[{"floor":1,"key":"Ancient Potion"},{"floor":7,"key":"SmokeBomb"},{"floor":11,"key":"BloodPotion"},{"floor":12,"key":"Block Potion"},{"floor":14,"key":"ColorlessPotion"},{"floor":18,"key":"Strength Potion"},{"floor":22,"key":"Block Potion"}],"is_trial":false,"path_per_floor":["M","?","M","M","?","R","M","?","T","$","E","M","?","M","R","B",null,"M","$","M","T","M","R","?","M"],"character_chosen":"IRONCLAD","items_purchased":["Limit Break","Inflame","Feed","Matryoshka"],"campfire_rested":0,"item_purchase_floors":[10,10,10,19],"current_hp_per_floor":[84,84,86,88,66,66,52,45,45,45,39,31,31,37,37,15,72,45,45,37,37,18,18,18,0,0],"gold":90,"neow_bonus":"TEN_PERCENT_HP_BONUS","is_daily":false,"chose_seed":false,"campfire_upgraded":1,"win_rate":0.0,"timestamp":1611707938,"path_taken":["M","?","M","M","?","R","M","?","T","$","E","M","?","M","R","BOSS","M","$","?","?","?","R","?","M"],"items_purchased_type":["Card","Card","Card","Relic"],"build_version":"2020-12-22","purchased_purges":1,"victory":false,"max_hp_per_floor":[88,88,88,88,88,88,88,88,88,88,91,91,91,91,91,91,91,94,94,94,94,94,94,94,94,94],"card_choices":[{"not_picked":["Feel No Pain","Perfected Strike","Sword Boomerang"],"picked":"SKIP","floor":1},{"not_picked":["Sword Boomerang","Cleave"],"picked":"Flex","floor":3},{"not_picked":["Dual Wield","Cleave"],"picked":"Pummel","floor":4},{"not_picked":["Sentinel","Cleave","Rampage"],"picked":"SKIP","floor":7},{"not_picked":["True Grit","Headbutt"],"picked":"Spot Weakness","floor":11},{"not_picked":["Perfected Strike","Dropkick","Fire Breathing"],"picked":"SKIP","floor":12},{"not_picked":["Armaments","Feed"],"picked":"Heavy Blade","floor":14},{"not_picked":["Juggernaut","Immolate"],"picked":"Berserk","floor":16},{"not_picked":["Havoc","Perfected Strike","Entrench"],"picked":"Shrug It Off+1","floor":18},{"not_picked":["Iron Wave","Wild Strike","Clash+1","Dark Embrace+1"],"picked":"SKIP","floor":20},{"not_picked":["Rampage","Anger+1","Feel No Pain"],"picked":"Flex+1","floor":22}],"player_experience":140475,"relics_obtained":[{"floor":9,"key":"Shuriken"},{"floor":11,"key":"Girya"},{"floor":17,"key":"Oddly Smooth Stone"},{"floor":17,"key":"Question Card"},{"floor":17,"key":"Du-Vu Doll"},{"floor":21,"key":"Whetstone"},{"floor":21,"key":"Blue Candle"}],"event_choices":[{"damage_healed":0,"gold_gain":175,"player_choice":"AGREE","damage_taken":0,"max_hp_gain":0,"max_hp_loss":0,"event_name":"Liars Game","floor":2,"gold_loss":0,"cards_obtained":["Doubt"]},{"damage_healed":0,"gold_gain":0,"player_choice":"Take Damage","damage_taken":22,"relics_obtained":["Golden Idol"],"max_hp_gain":0,"max_hp_loss":0,"event_name":"Golden Idol","floor":5,"gold_loss":0},{"damage_healed":0,"gold_gain":0,"player_choice":"Success","damage_taken":7,"relics_obtained":["Lantern"],"max_hp_gain":0,"max_hp_loss":0,"event_name":"Scrap Ooze","floor":8,"gold_loss":0},{"damage_healed":0,"gold_gain":0,"player_choice":"Forge","damage_taken":0,"max_hp_gain":0,"max_hp_loss":0,"event_name":"Accursed Blacksmith","floor":13,"gold_loss":0,"cards_upgraded":["Limit Break"]},{"damage_healed":0,"gold_gain":0,"player_choice":"Gave Idol","damage_taken":0,"relics_obtained":["Bloody Idol"],"max_hp_gain":0,"max_hp_loss":0,"event_name":"Forgotten Altar","floor":24,"relics_lost":["Golden Idol"],"gold_loss":0}],"is_beta":false,"boss_relics":[{"not_picked":["Astrolabe","Black Blood"],"picked":"Calling Bell"}],"items_purged_floors":[10],"is_endless":false,"potions_floor_spawned":[1,7,11,12,14,18,22],"killed_by":"Snake Plant","ascension_level":5}}