{"host":"rih3m63woujmecfd","time":1611733775,"event":{"mods":["BaseMod","Colored Powertips","Conspire","Energized Spire","KinomotoSakuraMod(Ä¾Ö®±¾Ó£)","KomeijiMod","Marisa£¨ìFÓê¡¡Ä§ÀíÉ³£©","Minty Spire (QoL Compilation)","Reimu£¨²©ÀöÁéÃÎ£©","Relic Stats","Remilia£¨ÀÙÃ×ÀòÑÇ£©","Replay The Spire","RumiaBox-Â¶Ã×æ«µÄÉñÃØºÐ×Ó","Shop Mod","Spicy Shops","StSLib","The Hierophant","The Senshi","The Servant 0.9.4","Waifu the Spire","Youmu£¨»êÆÇÑýÃÎ£©","Yuyuko","[IsaacMod]ÒÔÈö¼âËþ"],"gold_per_floor":[112,128,53,88,104,119,119],"floor_reached":6,"language":"ZHS","playtime":900,"items_purged":["theSenshi:SailorKick"],"score":38,"play_id":"dab19846-bffb-4a8f-bc24-03222fca7ad6","local_time":"20210127154934","daily_mods":["Heirloom","Time Dilation","Flight","Elite Swarm"],"is_ascension_mode":false,"campfire_choices":[],"circlet_count":0,"master_deck":["theSenshi:SailorKick","theSenshi:SailorKick","theSenshi:SailorKick","theSenshi:SailorBlock","theSenshi:SailorBlock","theSenshi:SailorBlock","theSenshi:SailorBlock","theSenshi:RoseThrow","theSenshi:MoonPrismPowerMakeUp","BettingIsNotGood","theSenshi:SupersonicWaves","theSenshi:LateForSchool","theSenshi:EncouragingSpeech","theSenshi:TallSilhouette"],"relics":["theSenshi:TransformationBroochRelic","HushsDoor","D6","Dead Branch"],"acts_visited":["Exordium"],"potions_floor_usage":[6],"damage_taken":[{"damage":8.0,"enemies":"Jaw Worm","floor":1.0,"turns":2.0},{"damage":0.0,"enemies":"conspire:RoseBush","floor":2.0,"turns":3.0},{"damage":0.0,"enemies":"Cultist","floor":4.0,"turns":4.0},{"damage":19,"enemies":"Exordium Thugs","floor":5,"turns":5},{"damage":25,"enemies":"Lagavulin","floor":6,"turns":6}],"seed_played":"393009991933564497","potions_obtained":[{"floor":5,"key":"Strength Potion"}],"is_trial":true,"path_per_floor":["M","M","$","M","M","E"],"character_chosen":"THE_SENSHI","items_purchased":[],"campfire_rested":0,"item_purchase_floors":[],"current_hp_per_floor":[67,72,72,72,58,33,33],"gold":119,"neow_bonus":"","is_daily":false,"chose_seed":false,"campfire_upgraded":0,"win_rate":0.0,"timestamp":1611733774,"path_taken":["M","M","$","M","M","E"],"items_purchased_type":[],"build_version":"2020-12-22","purchased_purges":1,"victory":false,"max_hp_per_floor":[75,75,75,75,75,75,75],"relic_stats":{"counters":[5,20],"Dead Branch":[4],"obtain_stats":[{"KeepersGift":0,"D6":0,"theSenshi:TransformationBroochRelic":0,"Dead Branch":0,"HushsDoor":0},{"KeepersGift":0,"D6":0,"theSenshi:TransformationBroochRelic":0,"Dead Branch":0,"HushsDoor":0},{"KeepersGift":0,"D6":0,"theSenshi:TransformationBroochRelic":0,"Dead Branch":0,"HushsDoor":0}]},"card_choices":[{"not_picked":[],"picked":"BettingIsNotGood","floor":0.0},{"not_picked":["theSenshi:Sidestep","theSenshi:SailorStarHealerAssists"],"picked":"theSenshi:SupersonicWaves","floor":1.0},{"not_picked":["theSenshi:TuxedoMaskAssists","theSenshi:SailorMarsAssists"],"picked":"theSenshi:LateForSchool","floor":2.0},{"not_picked":["theSenshi:MoonKick","theSenshi:HesSoDreamy"],"picked":"theSenshi:EncouragingSpeech","floor":4},{"not_picked":["theSenshi:MoonPunch","theSenshi:EncouragingSpeech"],"picked":"theSenshi:TallSilhouette","floor":5}],"player_experience":141252,"relics_obtained":[],"event_choices":[],"is_beta":false,"boss_relics":[],"items_purged_floors":[3],"is_endless":true,"potions_floor_spawned":[5],"killed_by":"Lagavulin","ascension_level":0}}