{"host":"rolltorest","time":1611718154,"event":{"mods":["BaseMod","Jorbs\u0027s Wanderer Trilogy","Koishi","Minty Spire (QoL Compilation)","Relic Stats","Robot Space Explorer","Slay the Relics Exporter","StSLib","The Servant 0.9.4"],"gold_per_floor":[12,12,12,12,30,30,59,79,130,155,155,155,155],"floor_reached":12,"language":"ENG","playtime":292,"items_purged":[],"score":172,"play_id":"a4f1814b-8587-4c99-ad87-bb91fefb12f1","local_time":"20210126192914","is_ascension_mode":true,"campfire_choices":[{"data":"Koishi:HeartAttack","floor":6,"key":"SMITH"}],"circlet_count":0,"master_deck":["AscendersBane","Koishi:BasicStrike","Koishi:BasicDefend","Koishi:BasicDefend","Koishi:BasicDefend","Koishi:BasicDefend","Koishi:Provoke","Koishi:HauntingSlash+1","Koishi:FidgetySnatcher+1","Koishi:FreudianInstinct","Koishi:StingingMind","Koishi:Prune","Koishi:HeartAttack+1","Koishi:ParalyzingFear","Koishi:StingingMind"],"relics":["Koishi:ImaginaryFriend","Toy Ornithopter","Centennial Puzzle","Singing Bowl"],"acts_visited":["Exordium"],"potions_floor_usage":[],"damage_taken":[{"damage":2,"enemies":"Jaw Worm","floor":1,"turns":6},{"damage":2,"enemies":"2 Louse","floor":5,"turns":3},{"damage":28,"enemies":"3 Sentries","floor":7,"turns":9},{"damage":0,"enemies":"Cultist","floor":8,"turns":1},{"damage":6,"enemies":"Gremlin Nob","floor":10,"turns":3},{"damage":2,"enemies":"Lagavulin","floor":12,"turns":3}],"seed_played":"3617026053005723684","potions_obtained":[{"floor":8,"key":"SteroidPotion"}],"is_trial":false,"path_per_floor":["M","?","?","$","M","R","E","M","T","E","?","E"],"character_chosen":"KOISHI","items_purchased":[],"campfire_rested":0,"item_purchase_floors":[],"current_hp_per_floor":[52,52,35,35,35,35,11,11,11,11,11,9,9],"gold":155,"neow_bonus":"TRANSFORM_TWO_CARDS","is_daily":false,"chose_seed":false,"campfire_upgraded":1,"win_rate":0.0,"timestamp":1611718154,"path_taken":["M","?","?","?","M","R","E","?","T","E","?","E"],"items_purchased_type":[],"build_version":"2020-12-18","purchased_purges":0,"victory":false,"max_hp_per_floor":[57,57,57,57,57,57,57,57,57,59,59,59,59],"relic_stats":{"Centennial Puzzle":[6],"Singing Bowl":2,"counters":[6,25],"obtain_stats":[{"Centennial Puzzle":9,"Singing Bowl":10,"Toy Ornithopter":7,"Koishi:ImaginaryFriend":0},{"Centennial Puzzle":4,"Singing Bowl":5,"Toy Ornithopter":3,"Koishi:ImaginaryFriend":0},{"Centennial Puzzle":19,"Singing Bowl":22,"Toy Ornithopter":18,"Koishi:ImaginaryFriend":0}],"Toy Ornithopter":0},"card_choices":[{"not_picked":["Koishi:SubterraneanRose","Koishi:RacingHeart"],"picked":"Koishi:StingingMind","floor":1},{"not_picked":["Koishi:UnconsciousUprising","Koishi:TraumaticStroke"],"picked":"Koishi:HeartAttack","floor":5},{"not_picked":["Koishi:Bloodlust","Koishi:ReflexRadar"],"picked":"Koishi:ParalyzingFear","floor":7},{"not_picked":["Koishi:UnconsciousUprising","Koishi:CatchAndRose"],"picked":"Koishi:StingingMind","floor":8},{"not_picked":["Koishi:Whimsy","Koishi:RollingInRichesHeart","Koishi:HeartfeltFancy"],"picked":"Singing Bowl","floor":10}],"player_experience":2244491,"relics_obtained":[{"floor":7,"key":"Toy Ornithopter"},{"floor":9,"key":"Centennial Puzzle"},{"floor":10,"key":"Singing Bowl"}],"event_choices":[{"damage_healed":0,"gold_gain":0,"cards_transformed":["Koishi:BasicStrike"],"player_choice":"Change","damage_taken":0,"max_hp_gain":0,"max_hp_loss":0,"event_name":"Living Wall","floor":2,"gold_loss":0,"cards_obtained":["Koishi:Prune"]},{"damage_healed":0,"gold_gain":0,"player_choice":"Entered Light","damage_taken":17,"max_hp_gain":0,"max_hp_loss":0,"event_name":"Shining Light","floor":3,"gold_loss":0,"cards_upgraded":["Koishi:HauntingSlash","Koishi:FidgetySnatcher"]},{"damage_healed":0,"gold_gain":0,"player_choice":"Ignored","damage_taken":0,"max_hp_gain":0,"max_hp_loss":0,"event_name":"Liars Game","floor":11,"gold_loss":0}],"is_beta":true,"boss_relics":[],"items_purged_floors":[],"is_endless":false,"potions_floor_spawned":[8],"killed_by":"Lagavulin","ascension_level":20}}