{"host":"na09lpbrez4gbfiz","time":1611737840,"event":{"mods":["Act Like it!","BaseMod","BetterRewards","Colored Map","Colored Powertips","DeckTracker","Googly Eyes","Highlight Path","Minty Spire (QoL Compilation)","Quick Restart","Spicy Shops","StSLib","SuperFastMode","Synergy Search"],"gold_per_floor":[116,116,116,131,131,131,164,180,180,214,214,164,164,196,196,299,299,315,96,96,106,106,434,434,434,434,434,533,43,72,86,86,188,188,205,215,215,90,109,141,191,217,242,242,254,265,297,87,87,87,87,87,9,43,43],"floor_reached":56,"language":"ENG","playtime":1864,"items_purged":["Strike_R","Defend_R","Defend_R","Defend_R"],"score":2264,"play_id":"6cc9b91f-f8cf-48ca-b85d-f0eeba8a970d","local_time":"20210127095720","is_ascension_mode":true,"campfire_choices":[{"data":"Carnage","floor":6,"key":"SMITH"},{"data":"Uppercut","floor":11,"key":"SMITH"},{"data":"Shrug It Off","floor":13,"key":"SMITH"},{"data":"Bash","floor":15,"key":"SMITH"},{"floor":24,"key":"RECALL"},{"floor":27,"key":"REST"},{"floor":32,"key":"REST"},{"data":"Inflame","floor":49,"key":"SMITH"},{"floor":52,"key":"REST"}],"circlet_count":0,"master_deck":["Strike_R+1","Defend_R","Bash+1","Uppercut+1","Carnage+1","Shrug It Off+1","Flame Barrier+1","Offering+1","True Grit+1","Barricade","Impervious+1","Inflame+1","Riddle With Holes+1"],"relics":["Burning Blood","NeowsBlessing","Vajra","FossilizedHelix","Toxic Egg 2","PreservedInsect","Calipers","Snecko Eye","Anchor","Dream Catcher","Old Coin","Thread and Needle","Incense Burner","Letter Opener","Busted Crown","Juzu Bracelet","Ice Cream","Potion Belt","Omamori","Molten Egg 2","PrismaticShard","Dead Branch"],"acts_visited":["Exordium","TheCity","TheBeyond","TheEnding"],"potions_floor_usage":[8,10,16,47,55,55,55,55],"damage_taken":[{"damage":0,"enemies":"2 Louse","floor":1,"turns":1},{"damage":0,"enemies":"Jaw Worm","floor":4,"turns":1},{"damage":0,"enemies":"Lagavulin","floor":7,"turns":1},{"damage":0,"enemies":"Small Slimes","floor":8,"turns":2},{"damage":0,"enemies":"Gremlin Nob","floor":10,"turns":2},{"damage":0,"enemies":"Lagavulin","floor":14,"turns":3},{"damage":0,"enemies":"Slime Boss","floor":16,"turns":7},{"damage":0,"enemies":"Spheric Guardian","floor":18,"turns":1},{"damage":0,"enemies":"Chosen","floor":21,"turns":2},{"damage":22,"enemies":"Gremlin Leader","floor":23,"turns":8},{"damage":0,"enemies":"Slavers","floor":30,"turns":2},{"damage":13,"enemies":"Snake Plant","floor":31,"turns":4},{"damage":0,"enemies":"Automaton","floor":33,"turns":8},{"damage":0,"enemies":"3 Shapes","floor":35,"turns":4},{"damage":24,"enemies":"3 Darklings","floor":36,"turns":4},{"damage":0,"enemies":"Transient","floor":39,"turns":5},{"damage":0,"enemies":"Reptomancer","floor":40,"turns":6},{"damage":0,"enemies":"Mind Bloom Boss Battle","floor":41,"turns":4},{"damage":0,"enemies":"Nemesis","floor":42,"turns":3},{"damage":0,"enemies":"Writhing Mass","floor":45,"turns":3},{"damage":0,"enemies":"4 Shapes","floor":46,"turns":6},{"damage":0,"enemies":"Reptomancer","floor":47,"turns":5},{"damage":0,"enemies":"Time Eater","floor":50,"turns":15},{"damage":6,"enemies":"Shield and Spear","floor":54,"turns":4},{"damage":8,"enemies":"The Heart","floor":55,"turns":12}],"seed_played":"42116911940913937","potions_obtained":[{"floor":1,"key":"SteroidPotion"},{"floor":8,"key":"Fruit Juice"},{"floor":10,"key":"AttackPotion"},{"floor":23,"key":"ColorlessPotion"},{"floor":31,"key":"BlessingOfTheForge"},{"floor":41,"key":"AttackPotion"},{"floor":45,"key":"GamblersBrew"},{"floor":47,"key":"Ancient Potion"}],"is_trial":false,"path_per_floor":["M","?","T","M","?","R","E","M","T","E","R","?","R","E","R","B",null,"M","$","?","M","?","E","R","?","T","R","?","$","E","M","R","B",null,"M","M","?","$","M","E","?","E","T","T","M","M","E","$","R","B",null,"R","$","E","B",null],"character_chosen":"IRONCLAD","items_purchased":["Anchor","Incense Burner","HeartOfIron","Inflame","PrismaticShard"],"campfire_rested":3,"item_purchase_floors":[19,29,29,48,53],"current_hp_per_floor":[78,62,62,68,61,61,67,78,78,84,84,84,84,85,85,85,85,85,85,85,85,85,69,69,69,69,85,85,85,85,78,85,85,85,85,67,67,67,73,79,85,85,85,85,85,85,85,85,85,85,85,85,85,85,83],"gold":43,"neow_bonus":"THREE_ENEMY_KILL","is_daily":false,"chose_seed":false,"campfire_upgraded":5,"win_rate":0.0,"timestamp":1611737840,"path_taken":["M","?","?","M","?","R","E","?","T","E","R","?","R","E","R","BOSS","M","$","?","M","?","E","R","?","T","R","?","?","E","M","R","BOSS","M","M","?","?","M","E","?","E","T","?","M","M","E","$","R","BOSS","R","$","E","BOSS"],"items_purchased_type":["Relic","Relic","Potion","Card","Relic"],"build_version":"2020-12-22","purchased_purges":4,"victory":true,"max_hp_per_floor":[80,80,80,80,80,80,80,85,85,85,85,85,85,85,85,85,85,85,85,85,85,85,85,85,85,85,85,85,85,85,85,85,85,85,85,85,85,85,85,85,85,85,85,85,85,85,85,85,85,85,85,85,85,85,85],"card_choices":[{"not_picked":["True Grit","Clash"],"picked":"Uppercut","floor":1},{"not_picked":["Perfected Strike","Body Slam"],"picked":"Carnage","floor":4},{"not_picked":["Perfected Strike","Dark Embrace","Infernal Blade"],"picked":"SKIP","floor":7},{"not_picked":["Wild Strike","Headbutt"],"picked":"Shrug It Off","floor":8},{"not_picked":["Spot Weakness+1","Entrench+1"],"picked":"Flame Barrier+1","floor":10},{"not_picked":["Evolve","Uppercut","Power Through+1"],"picked":"SKIP","floor":14},{"not_picked":["Brutality","Bludgeon"],"picked":"Offering+1","floor":16},{"not_picked":["Clothesline","Searing Blow","Rage+1"],"picked":"SKIP","floor":18},{"not_picked":["Perfected Strike","Pommel Strike","True Grit+1"],"picked":"SKIP","floor":21},{"not_picked":["Flex+1","Infernal Blade+1","Sentinel+1"],"picked":"SKIP","floor":23},{"not_picked":["Headbutt","Twin Strike"],"picked":"Barricade","floor":30},{"not_picked":["Evolve","Ghostly Armor+1","Blood for Blood"],"picked":"SKIP","floor":31},{"not_picked":["Barricade","Feed"],"picked":"Impervious+1","floor":33},{"not_picked":["Bloodletting+1"],"picked":"SKIP","floor":35},{"not_picked":["Havoc+1"],"picked":"SKIP","floor":36},{"not_picked":["Feel No Pain+1"],"picked":"SKIP","floor":39},{"not_picked":["Wild Strike+1"],"picked":"SKIP","floor":40},{"not_picked":["Pommel Strike+1"],"picked":"SKIP","floor":42},{"not_picked":["Pommel Strike"],"picked":"SKIP","floor":45},{"not_picked":["Iron Wave+1"],"picked":"SKIP","floor":46},{"not_picked":["Perfected Strike+1"],"picked":"SKIP","floor":47},{"not_picked":[],"picked":"Riddle With Holes+1","floor":54}],"player_experience":172153,"relics_obtained":[{"floor":3,"key":"Vajra"},{"floor":7,"key":"FossilizedHelix"},{"floor":9,"key":"Toxic Egg 2"},{"floor":10,"key":"PreservedInsect"},{"floor":14,"key":"Calipers"},{"floor":23,"key":"Old Coin"},{"floor":26,"key":"Thread and Needle"},{"floor":30,"key":"Letter Opener"},{"floor":40,"key":"Juzu Bracelet"},{"floor":41,"key":"Ice Cream"},{"floor":42,"key":"Potion Belt"},{"floor":43,"key":"Omamori"},{"floor":47,"key":"Molten Egg 2"},{"floor":54,"key":"Dead Branch"}],"event_choices":[{"damage_healed":0,"gold_gain":0,"player_choice":"Entered Light","damage_taken":16,"max_hp_gain":0,"max_hp_loss":0,"event_name":"Shining Light","floor":2,"gold_loss":0,"cards_upgraded":["Strike_R","Strike_R"]},{"cards_removed":["Strike_R"],"damage_healed":0,"gold_gain":0,"player_choice":"Card Removal","damage_taken":7,"max_hp_gain":0,"max_hp_loss":0,"event_name":"Golden Wing","floor":5,"gold_loss":0},{"cards_removed":["Strike_R"],"damage_healed":0,"gold_gain":0,"player_choice":"Card Removal","damage_taken":0,"max_hp_gain":0,"max_hp_loss":0,"event_name":"The Cleric","floor":12,"gold_loss":50},{"damage_healed":0,"gold_gain":0,"player_choice":"Opened","damage_taken":0,"relics_obtained":["Dream Catcher"],"max_hp_gain":0,"max_hp_loss":0,"event_name":"The Mausoleum","floor":20,"gold_loss":0},{"damage_healed":0,"gold_gain":0,"player_choice":"Read","damage_taken":0,"max_hp_gain":0,"max_hp_loss":0,"event_name":"The Library","floor":22,"gold_loss":0,"cards_obtained":["True Grit"]},{"damage_healed":0,"gold_gain":0,"player_choice":"Ignored","damage_taken":0,"max_hp_gain":0,"max_hp_loss":0,"event_name":"Cursed Tome","floor":25,"gold_loss":0},{"damage_healed":0,"gold_gain":99,"player_choice":"Stole From Cult","damage_taken":0,"max_hp_gain":0,"max_hp_loss":0,"event_name":"Nest","floor":28,"gold_loss":0},{"cards_removed":["Strike_R"],"damage_healed":0,"gold_gain":0,"player_choice":"Purged","damage_taken":0,"max_hp_gain":0,"max_hp_loss":0,"event_name":"Purifier","floor":37,"gold_loss":0},{"damage_healed":0,"gold_gain":0,"player_choice":"Fight","damage_taken":0,"max_hp_gain":0,"max_hp_loss":0,"event_name":"MindBloom","floor":41,"gold_loss":0}],"is_beta":false,"boss_relics":[{"not_picked":["Philosopher\u0027s Stone","Black Star"],"picked":"Snecko Eye"},{"not_picked":["Mark of Pain","Astrolabe"],"picked":"Busted Crown"}],"items_purged_floors":[19,29,38,48],"is_endless":false,"potions_floor_spawned":[1,8,10,23,31,33,41,45,47],"ascension_level":7}}