{"host":"640uue19m79c7wbt","time":1611715116,"event":{"mods":["BaseMod","Colored Map","Googly Eyes","Highlight Path","Minty Spire (QoL Compilation)","Quick Restart","StSLib"],"gold_per_floor":[119,119,60,72,72,100,100,100,100,1,1,30,49,65,65,138,138,150,150,168,168,168],"floor_reached":21,"language":"ENG","playtime":569,"items_purged":["Regret"],"score":392,"play_id":"3f835ecf-983d-4370-a04a-a9e04c39ade9","local_time":"20210126213836","is_ascension_mode":true,"campfire_choices":[{"data":"Bouncing Flask","floor":8.0,"key":"SMITH"},{"floor":15,"key":"REST"}],"circlet_count":0,"master_deck":["AscendersBane","Strike_G","Strike_G","Strike_G","Strike_G","Defend_G","Defend_G","Defend_G","Defend_G","Defend_G","Survivor","Neutralize","Bouncing Flask+1","Cloak And Dagger","Backstab","Noxious Fumes","PiercingWail","Setup","Blade Dance","Endless Agony","Venomology","Noxious Fumes","Unload"],"relics":["Ring of the Serpent","NeowsBlessing","InkBottle","Incense Burner","Bottled Lightning","Vajra","Torii"],"acts_visited":["Exordium","TheCity"],"potions_floor_usage":[12,16,20,20,21],"damage_taken":[{"damage":0.0,"enemies":"Small Slimes","floor":1.0,"turns":1.0},{"damage":0.0,"enemies":"Cultist","floor":4.0,"turns":1.0},{"damage":0.0,"enemies":"Lagavulin","floor":6.0,"turns":1.0},{"damage":16,"enemies":"Gremlin Nob","floor":12,"turns":3},{"damage":1,"enemies":"2 Louse","floor":13,"turns":2},{"damage":1,"enemies":"Blue Slaver","floor":14,"turns":2},{"damage":11,"enemies":"Slime Boss","floor":16,"turns":9},{"damage":12,"enemies":"2 Thieves","floor":18,"turns":4},{"damage":7,"enemies":"3 Byrds","floor":20,"turns":5},{"damage":21,"enemies":"Centurion and Healer","floor":21,"turns":4}],"seed_played":"1267291036367721292","potions_obtained":[{"floor":1.0,"key":"FearPotion"},{"floor":13,"key":"CunningPotion"},{"floor":18,"key":"LiquidMemories"},{"floor":19,"key":"CultistPotion"}],"is_trial":false,"path_per_floor":["M","?","$","M","$","E","?","R","T","$","?","E","M","M","R","B",null,"M","?","M","M"],"character_chosen":"THE_SILENT","items_purchased":["Cloak And Dagger","PiercingWail"],"campfire_rested":1,"item_purchase_floors":[3,10],"current_hp_per_floor":[59,59,59,59,59,59,59,59,59,59,54,38,37,36,55,44,61,49,49,42,21,21],"gold":168,"neow_bonus":"THREE_ENEMY_KILL","is_daily":false,"chose_seed":false,"campfire_upgraded":1,"win_rate":0.0,"timestamp":1611715116,"path_taken":["M","?","$","M","?","E","?","R","T","$","?","E","?","M","R","BOSS","M","?","M","M"],"items_purchased_type":["Card","Card"],"build_version":"2020-12-22","purchased_purges":1,"victory":false,"max_hp_per_floor":[66,66,66,66,66,66,66,66,66,66,66,66,66,66,66,66,66,66,66,66,66,66],"card_choices":[{"not_picked":["Outmaneuver","Slice"],"picked":"Bouncing Flask","floor":1.0},{"not_picked":["All Out Attack","PiercingWail"],"picked":"Backstab","floor":4.0},{"not_picked":["Poisoned Stab","Endless Agony"],"picked":"Noxious Fumes","floor":6.0},{"not_picked":["Quick Slash","Dagger Throw"],"picked":"Setup","floor":12},{"not_picked":["Riddle With Holes","Dodge and Roll"],"picked":"Blade Dance","floor":13},{"not_picked":["Dagger Throw","Prepared"],"picked":"Endless Agony","floor":14},{"not_picked":["Grand Finale","Die Die Die"],"picked":"Venomology","floor":16},{"not_picked":["Deadly Poison","Acrobatics"],"picked":"Noxious Fumes","floor":18},{"not_picked":["Deadly Poison","Endless Agony"],"picked":"Unload","floor":20}],"player_experience":639198,"relics_obtained":[{"floor":6.0,"key":"InkBottle"},{"floor":9.0,"key":"Bottled Lightning"},{"floor":12,"key":"Torii"}],"event_choices":[{"cards_removed":["Strike_G"],"damage_healed":0.0,"max_hp_gain":0.0,"max_hp_loss":0.0,"gold_gain":0.0,"event_name":"Bonfire Elementals","player_choice":"Offered Basic","floor":2.0,"gold_loss":0.0,"damage_taken":0.0},{"damage_healed":0.0,"max_hp_gain":0.0,"max_hp_loss":0.0,"gold_gain":0.0,"event_name":"Big Fish","player_choice":"Box","floor":7.0,"gold_loss":0.0,"damage_taken":0.0,"relics_obtained":["Incense Burner"],"cards_obtained":["Regret"]},{"damage_healed":0.0,"max_hp_gain":0.0,"max_hp_loss":0.0,"gold_gain":0.0,"event_name":"Scrap Ooze","player_choice":"Success","floor":11.0,"gold_loss":0.0,"damage_taken":5.0,"relics_obtained":["Vajra"]},{"damage_healed":0,"gold_gain":0,"player_choice":"Got Potions","damage_taken":0,"max_hp_gain":0,"max_hp_loss":0,"event_name":"Lab","floor":19,"gold_loss":0}],"is_beta":false,"boss_relics":[{"not_picked":["Coffee Dripper","Black Star"],"picked":"Ring of the Serpent"}],"items_purged_floors":[10],"is_endless":false,"potions_floor_spawned":[1,13,18],"killed_by":"Centurion and Healer","ascension_level":17}}