{"host":"0cm5wy4nhuju7tij","time":1611737948,"event":{"mods":["100% Spire Juice","2.2 Compatiblity","AchievementEnabler","Aspiration","BaseMod","Better Third Choice","BetterRewards","CCEM2","CapriCore","Colored Powertips","Curses Come First","Custom Start","Displayed Cursed Tome","Downfall","Energized Spire","Evolution","Filter the Spire","Highlight Path","Jess\u0027s Bottle","Minty Spire (QoL Compilation)","Permanent Neow","Poor People Problems","Relic Stats","Shop Mod","Spicy Shops","StSLib","The Cursed","The Dragonkin","The Juggle","Weighted Paths"],"gold_per_floor":[114,129,140,152,152,178,43,43,43,43,72,72,106,116,116,116,116],"floor_reached":16,"language":"ENG","playtime":1353,"items_purged":[],"score":110,"play_id":"d83a1d0d-2f59-4464-b793-eff659e8742f","local_time":"20210127035908","is_ascension_mode":false,"campfire_choices":[{"floor":8,"key":"REST"},{"data":"theextravagant:Firework","floor":10,"key":"SMITH"},{"floor":12,"key":"REST"},{"floor":15,"key":"REST"}],"circlet_count":0,"master_deck":["theextravagant:SlyStrike","theextravagant:SlyStrike","theextravagant:SlyStrike","theextravagant:SlyStrike","theextravagant:Fence","theextravagant:Fence","theextravagant:Fence","theextravagant:Fence","theextravagant:QuickAttack","theextravagant:Triumph+1","theextravagant:Shake","theextravagant:Twitch","theextravagant:Precaution","theextravagant:Twitch","theextravagant:Firework+1","theextravagant:RustyBuckler","theextravagant:Riot","theextravagant:Shove","theextravagant:Comeback","theextravagant:StepBack"],"relics":["theextravagant:TranslucentFeather","EVO:Axolotl","CCEMRelics:OldTooth","Letter Opener","Odd Mushroom","theextravagant:EmbroidedHandkerchief"],"acts_visited":["Exordium"],"potions_floor_usage":[16],"damage_taken":[{"damage":0,"enemies":"Small Slimes","floor":1,"turns":5},{"damage":0,"enemies":"Jaw Worm","floor":2,"turns":4},{"damage":1,"enemies":"Cultist","floor":3,"turns":4},{"damage":12,"enemies":"Exordium Wildlife","floor":4,"turns":7},{"damage":51,"enemies":"Gremlin Nob","floor":6,"turns":7},{"damage":18,"enemies":"The Mushroom Lair","floor":11,"turns":5},{"damage":19,"enemies":"3 Sentries","floor":13,"turns":8},{"damage":3,"enemies":"Blue Slaver","floor":14,"turns":3},{"damage":37,"enemies":"The Guardian","floor":16,"turns":9}],"seed_played":"453563184842525815","potions_obtained":[{"floor":6,"key":"BlessingOfTheForge"},{"floor":13,"key":"Fire Potion"}],"is_trial":false,"path_per_floor":["M","M","M","M","?","E","$","R","T","R","?","R","E","M","R","B"],"character_chosen":"THE_EXTRAVAGANT","items_purchased":["theextravagant:RustyBuckler","theextravagant:Riot"],"campfire_rested":3,"item_purchase_floors":[7,7],"current_hp_per_floor":[75,75,74,62,62,11,11,33,33,33,15,37,18,15,37,0,0],"gold":116,"neow_bonus":"UPGRADE_CARD","is_daily":false,"chose_seed":false,"campfire_upgraded":1,"win_rate":0.0,"timestamp":1611737948,"path_taken":["M","M","M","M","?","E","$","R","T","R","?","R","E","M","R","BOSS"],"items_purchased_type":["Card","Card"],"build_version":"2020-12-22","purchased_purges":0,"victory":false,"max_hp_per_floor":[75,75,75,75,75,75,75,75,75,75,75,75,75,75,75,75,75],"relic_stats":{"counters":[9,52],"Letter Opener":[15],"obtain_stats":[{"CCEMRelics:OldTooth":6,"theextravagant:EmbroidedHandkerchief":13,"theextravagant:TranslucentFeather":0,"EVO:Axolotl":0,"Letter Opener":9,"Odd Mushroom":11},{"CCEMRelics:OldTooth":5,"theextravagant:EmbroidedHandkerchief":7,"theextravagant:TranslucentFeather":0,"EVO:Axolotl":0,"Letter Opener":5,"Odd Mushroom":6},{"CCEMRelics:OldTooth":27,"theextravagant:EmbroidedHandkerchief":40,"theextravagant:TranslucentFeather":0,"EVO:Axolotl":0,"Letter Opener":27,"Odd Mushroom":32}]},"card_choices":[{"not_picked":["theextravagant:Clairvoyance","theextravagant:Drift"],"picked":"theextravagant:Shake","floor":1},{"not_picked":["theextravagant:GarbageCannon","theextravagant:Drift"],"picked":"theextravagant:Twitch","floor":2},{"not_picked":["theextravagant:TreasureHunt","theextravagant:Antiquity"],"picked":"theextravagant:Precaution","floor":3},{"not_picked":["theextravagant:Supersonic","theextravagant:PuffUp"],"picked":"theextravagant:Twitch","floor":4},{"not_picked":["theextravagant:Tension","theextravagant:Precaution"],"picked":"theextravagant:Firework","floor":6},{"not_picked":["theextravagant:Flashback","theextravagant:GustOfWind"],"picked":"theextravagant:Shove","floor":11},{"not_picked":["theextravagant:Clairvoyance","theextravagant:Pushthrough"],"picked":"theextravagant:Comeback","floor":13},{"not_picked":["theextravagant:Repell","theextravagant:SpiritBolt"],"picked":"theextravagant:StepBack","floor":14}],"player_experience":275209,"relics_obtained":[{"floor":6,"key":"CCEMRelics:OldTooth"},{"floor":9,"key":"Letter Opener"},{"floor":11,"key":"Odd Mushroom"},{"floor":13,"key":"theextravagant:EmbroidedHandkerchief"}],"event_choices":[{"damage_healed":0,"gold_gain":0,"player_choice":"Ignored","damage_taken":152,"max_hp_gain":0,"max_hp_loss":0,"event_name":"betterThird:BetterSerpent","floor":5,"gold_loss":0},{"damage_healed":0,"gold_gain":0,"player_choice":"Fought Mushrooms","damage_taken":0,"max_hp_gain":0,"max_hp_loss":0,"event_name":"Mushrooms","floor":11,"gold_loss":0}],"is_beta":false,"boss_relics":[],"items_purged_floors":[],"is_endless":false,"potions_floor_spawned":[3,6,13],"killed_by":"The Guardian","ascension_level":0}}