{"host":"8f5cu9y0fpol72qs","time":1611785133,"event":{"mods":["AlwaysNeverKeys","BaseMod","Colored Map","Colored Powertips","Curses Come First","Highlight Path","Key Reminder","Minty Spire (QoL Compilation)","StSLib"],"gold_per_floor":[116,136,136,156,156,192,192,233,319,331,343,368,424,459,471,577,589,622,634,331,355,355,355,373,417,417,453,453,127,151,171,171,266,266,282,301,634,105,105,105,137,154,178,400,415,415,445,445,445,445,445],"floor_reached":50,"language":"ENG","playtime":5768,"items_purged":["Strike_G","Strike_G","Strike_G"],"score":970,"play_id":"2be8ed62-d244-488c-879c-2f24eef9f52b","local_time":"20210127140533","is_ascension_mode":true,"campfire_choices":[{"data":"Doppelganger","floor":7.0,"key":"SMITH"},{"floor":11.0,"key":"REST"},{"floor":15.0,"key":"REST"},{"floor":23,"key":"REST"},{"floor":28,"key":"REST"},{"floor":32,"key":"RECALL"},{"floor":40,"key":"REST"},{"floor":46,"key":"REST"},{"floor":49,"key":"REST"}],"circlet_count":0,"master_deck":["AscendersBane","Strike_G","Strike_G+1","Defend_G","Defend_G","Defend_G","Defend_G","Defend_G","Survivor","Neutralize+1","Doppelganger+1","Blade Dance+1","Flying Knee+1","Cloak And Dagger","Die Die Die","Cloak And Dagger","PiercingWail","Poisoned Stab+1","Adrenaline","Poisoned Stab+1","Well Laid Plans","Sucker Punch+1","Caltrops","Predator+1","Night Terror","Bouncing Flask"],"relics":["Ring of the Snake","Pocketwatch","MawBank","Molten Egg 2","Paper Crane","Fusion Hammer","ClockworkSouvenir","Bottled Lightning","InkBottle","Red Mask","Strawberry","Busted Crown","Pear","Bronze Scales","Lizard Tail","Whetstone"],"acts_visited":["Exordium","TheCity","TheBeyond"],"potions_floor_usage":[25,25,30,33,41,41,47,48],"damage_taken":[{"damage":0.0,"enemies":"Small Slimes","floor":1.0,"turns":4.0},{"damage":3.0,"enemies":"Jaw Worm","floor":2.0,"turns":4.0},{"damage":0.0,"enemies":"2 Louse","floor":4.0,"turns":3.0},{"damage":11.0,"enemies":"Lagavulin","floor":6.0,"turns":9.0},{"damage":15.0,"enemies":"3 Sentries","floor":8.0,"turns":8.0},{"damage":1.0,"enemies":"Looter","floor":12.0,"turns":3.0},{"damage":24.0,"enemies":"Gremlin Nob","floor":13.0,"turns":4.0},{"damage":3.0,"enemies":"Blue Slaver","floor":14.0,"turns":3.0},{"damage":18.0,"enemies":"Hexaghost","floor":16.0,"turns":12.0},{"damage":19.0,"enemies":"Spheric Guardian","floor":18.0,"turns":4.0},{"damage":14,"enemies":"2 Thieves","floor":21,"turns":4},{"damage":2,"enemies":"3 Cultists","floor":24,"turns":5},{"damage":20,"enemies":"Book of Stabbing","floor":25,"turns":7},{"damage":7,"enemies":"Masked Bandits","floor":27,"turns":4},{"damage":5,"enemies":"Cultist and Chosen","floor":30,"turns":5},{"damage":0,"enemies":"Chosen and Byrds","floor":31,"turns":4},{"damage":34,"enemies":"Automaton","floor":33,"turns":10},{"damage":2,"enemies":"3 Shapes","floor":35,"turns":7},{"damage":10,"enemies":"Orb Walker","floor":36,"turns":4},{"damage":19,"enemies":"Giant Head","floor":41,"turns":7},{"damage":18,"enemies":"Spire Growth","floor":42,"turns":5},{"damage":5,"enemies":"3 Darklings","floor":45,"turns":4},{"damage":28,"enemies":"Nemesis","floor":47,"turns":7},{"damage":0,"enemies":"Jaw Worm Horde","floor":48,"turns":1},{"damage":108,"enemies":"Donu and Deca","floor":50,"turns":8}],"seed_played":"-3339399531930052600","potions_obtained":[{"floor":1.0,"key":"SpeedPotion"},{"floor":2.0,"key":"BlessingOfTheForge"},{"floor":8.0,"key":"LiquidBronze"},{"floor":21,"key":"SneckoOil"},{"floor":22,"key":"Regen Potion"},{"floor":27,"key":"PowerPotion"},{"floor":33,"key":"SneckoOil"},{"floor":36,"key":"FearPotion"},{"floor":42,"key":"SteroidPotion"},{"floor":45,"key":"SmokeBomb"}],"is_trial":false,"path_per_floor":["M","M","?","M","?","E","R","E","T","?","R","M","E","M","R","B",null,"M","?","$","M","?","R","M","E","T","?","R","$","M","M","R","B",null,"M","M","?","$","?","R","E","M","T","?","M","R","E","M","R","B"],"character_chosen":"THE_SILENT","items_purchased":["ClockworkSouvenir","Well Laid Plans","Sucker Punch+1","Regen Potion","Strawberry","Pear","Bronze Scales"],"campfire_rested":7,"item_purchase_floors":[20,20,20,29,29,38,38],"current_hp_per_floor":[59,56,56,56,56,45,45,30,30,12,30,29,5,2,20,2,46,27,27,27,13,13,31,29,24,24,17,35,42,52,52,52,18,55,53,43,43,53,53,76,57,39,39,39,34,57,29,29,52,0,0],"gold":445,"neow_bonus":"ONE_RANDOM_RARE_CARD","is_daily":false,"chose_seed":false,"campfire_upgraded":1,"win_rate":0.0,"timestamp":1611785133,"path_taken":["M","M","?","M","?","E","R","E","T","?","R","M","E","M","R","BOSS","M","?","$","M","?","R","?","E","T","?","R","$","M","M","R","BOSS","M","M","?","$","?","R","E","M","T","?","M","R","E","M","R","BOSS"],"items_purchased_type":["Relic","Card","Card","Potion","Relic","Relic","Relic"],"build_version":"2020-12-22","purchased_purges":3,"victory":false,"max_hp_per_floor":[66,66,60,60,60,60,60,60,60,60,60,60,60,60,60,60,60,60,60,60,60,60,60,60,60,60,60,60,67,67,67,67,67,67,67,67,67,77,77,77,77,77,77,77,77,77,77,77,77,77,77],"card_choices":[{"not_picked":["Eviscerate","Slice"],"picked":"Blade Dance","floor":1.0},{"not_picked":["Outmaneuver","Eviscerate"],"picked":"Flying Knee","floor":2.0},{"not_picked":["Dodge and Roll","Bane"],"picked":"Cloak And Dagger","floor":4.0},{"not_picked":["Dagger Throw","Deadly Poison"],"picked":"Die Die Die","floor":6.0},{"not_picked":["Flying Knee","PiercingWail"],"picked":"Cloak And Dagger","floor":8.0},{"not_picked":["Cloak And Dagger","Backflip"],"picked":"PiercingWail","floor":12.0},{"not_picked":["Acrobatics","Bane+1","Phantasmal Killer"],"picked":"SKIP","floor":13.0},{"not_picked":["Concentrate","Acrobatics"],"picked":"Poisoned Stab+1","floor":14.0},{"not_picked":["After Image","Envenom"],"picked":"Adrenaline","floor":16.0},{"not_picked":["Finisher+1","Tactician+1"],"picked":"Poisoned Stab+1","floor":18.0},{"not_picked":["Bane+1","Slice+1","Sucker Punch+1"],"picked":"SKIP","floor":21},{"not_picked":["Tactician","Expertise+1","Flying Knee+1"],"picked":"SKIP","floor":24},{"not_picked":["Outmaneuver","Slice+1","Deflect"],"picked":"SKIP","floor":25},{"not_picked":["Expertise","Sucker Punch+1"],"picked":"Caltrops","floor":27},{"not_picked":["Dagger Throw+1","Tactician"],"picked":"Predator+1","floor":30},{"not_picked":["Deadly Poison","Acrobatics+1","Dagger Spray+1"],"picked":"SKIP","floor":31},{"not_picked":["Storm of Steel","Corpse Explosion"],"picked":"Night Terror","floor":33},{"not_picked":["Poisoned Stab+1"],"picked":"SKIP","floor":35},{"not_picked":["Acrobatics+1"],"picked":"SKIP","floor":36},{"not_picked":["Reflex"],"picked":"SKIP","floor":41},{"not_picked":["Acrobatics+1"],"picked":"SKIP","floor":42},{"not_picked":["Bane+1"],"picked":"SKIP","floor":45},{"not_picked":[],"picked":"Bouncing Flask","floor":47}],"player_experience":916598,"relics_obtained":[{"floor":6.0,"key":"Pocketwatch"},{"floor":8.0,"key":"MawBank"},{"floor":9.0,"key":"Molten Egg 2"},{"floor":13.0,"key":"Paper Crane"},{"floor":25,"key":"Bottled Lightning"},{"floor":26,"key":"InkBottle"},{"floor":27,"key":"Red Mask"},{"floor":41,"key":"Lizard Tail"},{"floor":47,"key":"Whetstone"}],"event_choices":[{"damage_healed":0.0,"max_hp_gain":0.0,"max_hp_loss":6.0,"gold_gain":0.0,"event_name":"Golden Idol","player_choice":"Lose Max HP","floor":3.0,"gold_loss":0.0,"damage_taken":0.0,"relics_obtained":["Golden Idol"]},{"damage_healed":0.0,"max_hp_gain":0.0,"max_hp_loss":0.0,"gold_gain":0.0,"event_name":"Liars Game","player_choice":"Ignored","floor":5.0,"gold_loss":0.0,"damage_taken":0.0},{"damage_healed":0.0,"max_hp_gain":0.0,"max_hp_loss":0.0,"gold_gain":0.0,"event_name":"Shining Light","player_choice":"Entered Light","floor":10.0,"gold_loss":0.0,"damage_taken":18.0,"cards_upgraded":["Blade Dance","Strike_G"]},{"damage_healed":0,"gold_gain":0,"player_choice":"Ignored","damage_taken":0,"max_hp_gain":0,"max_hp_loss":0,"event_name":"Cursed Tome","floor":19,"gold_loss":0},{"damage_healed":0,"gold_gain":0,"player_choice":"Got Potions","damage_taken":0,"max_hp_gain":0,"max_hp_loss":0,"event_name":"Lab","floor":22,"gold_loss":0},{"damage_healed":0,"gold_gain":0,"player_choice":"Fought Bandits","damage_taken":0,"max_hp_gain":0,"max_hp_loss":0,"event_name":"Masked Bandits","floor":27,"gold_loss":0},{"damage_healed":0,"gold_gain":333,"player_choice":"Gave Idol","damage_taken":0,"max_hp_gain":0,"max_hp_loss":0,"event_name":"The Moai Head","floor":37,"relics_lost":["Golden Idol"],"gold_loss":0},{"damage_healed":0,"gold_gain":0,"player_choice":"Memory 1","damage_taken":0,"max_hp_gain":0,"max_hp_loss":0,"event_name":"SensoryStone","floor":39,"gold_loss":0},{"damage_healed":0,"gold_gain":222,"player_choice":"Wore Mask","damage_taken":0,"max_hp_gain":0,"max_hp_loss":0,"event_name":"Tomb of Lord Red Mask","floor":44,"gold_loss":0}],"is_beta":false,"boss_relics":[{"not_picked":["Ectoplasm","Tiny House"],"picked":"Fusion Hammer"},{"not_picked":["Philosopher\u0027s Stone","SacredBark"],"picked":"Busted Crown"}],"items_purged_floors":[20,29,38],"is_endless":false,"potions_floor_spawned":[1,2,4,8,21,27,33,36,42,45],"killed_by":"Donu and Deca","ascension_level":15}}