{"host":"d7fiu2yjkssjxoz6","time":1611739940,"event":{"mods":["AchievementEnabler","BaseMod","Duelist Mod","Minty Spire (QoL Compilation)","StSLib"],"gold_per_floor":[141,160,178,178,178,178,178,178],"floor_reached":7,"language":"ENG","playtime":389,"items_purged":[],"score":72,"play_id":"67292217-ba41-4bc9-a71e-a1987091bbbd","local_time":"20210127013220","is_ascension_mode":true,"campfire_choices":[{"data":"theDuelist:Dakki","floor":6.0,"key":"SMITH"}],"circlet_count":0,"master_deck":["theDuelist:ArchfiendSoldier","theDuelist:ArmoredZombie","AscendersBane","theDuelist:CastleWalls","theDuelist:CastleWalls","theDuelist:ClownZombie","theDuelist:PatricianDarkness","theDuelist:ShallowGrave","theDuelist:Sparks","theDuelist:Sparks","theDuelist:SummonedSkull","theDuelist:Dakki+1","theDuelist:SkullConductor","theDuelist:VampireRetainer","Regret"],"relics":["theDuelist:MillenniumPuzzle","theDuelist:CardPoolRelic","theDuelist:CardPoolBasicRelic","theDuelist:BoosterPackPoolRelic","theDuelist:CardPoolAddRelic","theDuelist:CardPoolMinusRelic","theDuelist:CardPoolSaveRelic","theDuelist:CardPoolOptionsRelic","theDuelist:BoosterPackSpellEgg","theDuelist:DuelistTeaSet"],"acts_visited":["Exordium"],"potions_floor_usage":[7],"damage_taken":[{"damage":3.0,"enemies":"Jaw Worm","floor":1.0,"turns":2.0},{"damage":6.0,"enemies":"Cultist","floor":2.0,"turns":3.0},{"damage":4.0,"enemies":"2 Louse","floor":3.0,"turns":3.0},{"damage":52,"enemies":"3 Sentries","floor":7,"turns":6}],"seed_played":"-1574498243478164588","potions_obtained":[{"floor":1.0,"key":"theDuelist:BigTributeBottle"},{"floor":3.0,"key":"theDuelist:MillenniumElixir"}],"is_trial":false,"path_per_floor":["M","M","M","?","?","R","E"],"character_chosen":"THE_DUELIST","items_purchased":[],"campfire_rested":0,"item_purchase_floors":[],"current_hp_per_floor":[67,61,57,49,49,49,0,0],"gold":178,"neow_bonus":"TEN_PERCENT_HP_BONUS","is_daily":false,"chose_seed":false,"campfire_upgraded":1,"win_rate":0.0,"timestamp":1611739940,"path_taken":["M","M","M","?","?","R","E"],"items_purchased_type":[],"build_version":"2020-12-22","purchased_purges":0,"victory":false,"max_hp_per_floor":[77,77,77,77,77,77,77,77],"card_choices":[{"not_picked":["theDuelist:YukiOnnaIce","theDuelist:Yasha","theDuelist:Tengu","theDuelist:Hajun"],"picked":"theDuelist:Dakki","floor":1.0},{"not_picked":["theDuelist:FiendMegacyber","theDuelist:Kasha","theDuelist:GhostrickAlucard","theDuelist:VampireKingdom"],"picked":"theDuelist:SkullConductor","floor":2.0},{"not_picked":["theDuelist:VampireDragon","theDuelist:VendreadCore","theDuelist:VendreadBattlelord","theDuelist:AvendreadSavior"],"picked":"theDuelist:VampireRetainer","floor":3.0}],"player_experience":322017,"relics_obtained":[],"event_choices":[{"damage_healed":0.0,"max_hp_gain":0.0,"max_hp_loss":0.0,"gold_gain":0.0,"event_name":"Aknamkanon\u0027s Tomb","player_choice":"Dig - random Duelist relic","duelist":true,"floor":4.0,"gold_loss":0.0,"damage_taken":0.0},{"damage_healed":0.0,"max_hp_gain":0.0,"max_hp_loss":0.0,"gold_gain":0.0,"event_name":"Big Fish","player_choice":"Box","floor":5.0,"gold_loss":0.0,"damage_taken":0.0,"relics_obtained":["theDuelist:DuelistTeaSet"],"cards_obtained":["Regret"]}],"is_beta":false,"boss_relics":[],"items_purged_floors":[],"is_endless":false,"potions_floor_spawned":[1,3],"killed_by":"3 Sentries","ascension_level":15}}