{"host":"g01l53quoe6lrer0","time":1611791449,"event":{"mods":["2.2 Compatiblity","AchievementEnabler","BaseMod","Colored Map","Highlight Path","Keyboard Shortcuts","Minty Spire (QoL Compilation)","Permanent Neow","StSLib","SuperFastMode","everything is the same but u backflip on backflip"],"gold_per_floor":[363,378,397,322,57,85,85,85,85],"floor_reached":8,"language":"KOR","playtime":209,"items_purged":["Strike_G"],"score":109,"play_id":"1d19c128-aa82-441d-a953-baf272391ada","local_time":"20210128085049","is_ascension_mode":true,"campfire_choices":[{"data":"Neutralize","floor":7,"key":"SMITH"}],"circlet_count":0,"master_deck":["AscendersBane","Strike_G+1","Strike_G","Strike_G","Strike_G","Defend_G","Defend_G","Defend_G","Defend_G","Defend_G","Survivor","Neutralize+1","All Out Attack+1","Blade Dance","Underhanded Strike","Footwork","Masterful Stab","Leg Sweep"],"relics":["Ring of the Snake","Membership Card","Whetstone"],"acts_visited":["Exordium"],"potions_floor_usage":[6],"damage_taken":[{"damage":7.0,"enemies":"Jaw Worm","floor":1.0,"turns":5.0},{"damage":0.0,"enemies":"2 Louse","floor":2.0,"turns":3.0},{"damage":1.0,"enemies":"Cultist","floor":3.0,"turns":3.0},{"damage":33,"enemies":"Lagavulin","floor":6,"turns":8},{"damage":35,"enemies":"Gremlin Nob","floor":8,"turns":4}],"seed_played":"-8892600303974826139","potions_obtained":[{"floor":2.0,"key":"Regen Potion"}],"is_trial":false,"path_per_floor":["M","M","M","?","$","E","R","E"],"character_chosen":"THE_SILENT","items_purchased":["Membership Card","Footwork","Masterful Stab"],"campfire_rested":0,"item_purchase_floors":[5,5,5],"current_hp_per_floor":[52,52,51,51,51,33,33,0,0],"gold":85,"neow_bonus":"TWO_FIFTY_GOLD","is_daily":false,"chose_seed":false,"campfire_upgraded":1,"win_rate":0.0,"timestamp":1611791449,"path_taken":["M","M","M","?","$","E","R","E"],"items_purchased_type":["Relic","Card","Card"],"build_version":"2020-12-22","purchased_purges":1,"victory":false,"max_hp_per_floor":[66,66,66,63,63,63,63,63,63],"card_choices":[{"not_picked":["Bane","Infinite Blades"],"picked":"All Out Attack","floor":1.0},{"not_picked":["Flying Knee","Outmaneuver"],"picked":"Blade Dance","floor":2.0},{"not_picked":["Distraction","Prepared"],"picked":"Underhanded Strike","floor":3.0},{"not_picked":["Deadly Poison","Riddle With Holes"],"picked":"Leg Sweep","floor":6}],"player_experience":311314,"relics_obtained":[{"floor":6,"key":"Whetstone"}],"event_choices":[{"cards_removed":["Parasite"],"damage_healed":0.0,"max_hp_gain":0.0,"max_hp_loss":0.0,"gold_gain":0.0,"event_name":"The Cleric","player_choice":"Card Removal","floor":4.0,"gold_loss":75.0,"damage_taken":0.0}],"is_beta":false,"boss_relics":[],"items_purged_floors":[5],"is_endless":false,"potions_floor_spawned":[2],"killed_by":"Gremlin Nob","ascension_level":19}}