{"host":"c44ey07ufggfw2m8","time":1611759175,"event":{"mods":["2.2 Compatiblity","BaseMod","Colored Map","DeckTracker","Highlight Path","Keyboard Shortcuts","Minty Spire (QoL Compilation)","Permanent Neow","Quick Restart","StSLib","SuperFastMode","UnlockEverythingMod"],"gold_per_floor":[110,120,136,136,154,187,187,220,271,271,285,285,136,136,136,233,233,233,233],"floor_reached":18,"language":"KOR","playtime":625,"items_purged":["Strike_P"],"score":213,"play_id":"92524f37-a23a-4069-81fe-cf5c8a54748f","local_time":"20210127235255","is_ascension_mode":true,"campfire_choices":[{"data":"Conclude","floor":10.0,"key":"SMITH"},{"data":"CrushJoints","floor":12.0,"key":"SMITH"},{"data":"ReachHeaven","floor":15.0,"key":"SMITH"}],"circlet_count":0,"master_deck":["Defend_P","Defend_P","Defend_P","Eruption+1","Vigilance","Master of Strategy","ReachHeaven+1","MentalFortress","Prostrate","Perseverance","Worship","Conclude+1","CrushJoints+1","Adaptation","Scrawl","MentalFortress+1","Consecrate+1","SpiritShield+1"],"relics":["PureWater","Akabeko","Bottled Flame","Juzu Bracelet","Astrolabe"],"acts_visited":["Exordium","TheCity"],"potions_floor_usage":[],"damage_taken":[{"damage":3.0,"enemies":"Jaw Worm","floor":1.0,"turns":5.0},{"damage":7.0,"enemies":"Small Slimes","floor":2.0,"turns":2.0},{"damage":6.0,"enemies":"Cultist","floor":3.0,"turns":3.0},{"damage":7.0,"enemies":"Looter","floor":5.0,"turns":4.0},{"damage":2.0,"enemies":"Lagavulin","floor":6.0,"turns":7.0},{"damage":10.0,"enemies":"3 Sentries","floor":8.0,"turns":5.0},{"damage":4.0,"enemies":"Blue Slaver","floor":11.0,"turns":4.0},{"damage":10.0,"enemies":"Slime Boss","floor":16.0,"turns":4.0},{"damage":18,"enemies":"3 Byrds","floor":18,"turns":3}],"seed_played":"-5562059142619769839","potions_obtained":[{"floor":2.0,"key":"Regen Potion"},{"floor":5.0,"key":"ColorlessPotion"},{"floor":11.0,"key":"Energy Potion"}],"is_trial":false,"path_per_floor":["M","M","M","?","M","E","?","E","T","R","M","R","$","?","R","B",null,"M"],"character_chosen":"WATCHER","items_purchased":["Adaptation"],"campfire_rested":0,"item_purchase_floors":[13],"current_hp_per_floor":[62,55,49,42,35,48,48,38,38,38,34,34,34,34,34,24,55,37,37],"gold":233,"neow_bonus":"RANDOM_COLORLESS_2","is_daily":false,"chose_seed":false,"campfire_upgraded":3,"win_rate":0.0,"timestamp":1611759175,"path_taken":["M","M","M","?","M","E","?","E","T","R","M","R","$","?","R","BOSS","M"],"items_purchased_type":["Card"],"build_version":"2020-12-22","purchased_purges":1,"victory":false,"max_hp_per_floor":[65,65,65,65,65,65,65,65,65,65,65,65,65,65,65,65,65,65,65],"card_choices":[{"not_picked":["Sadistic Nature","Magnetism"],"picked":"Master of Strategy","floor":0.0},{"not_picked":["Weave","WaveOfTheHand"],"picked":"ReachHeaven","floor":1.0},{"not_picked":["SashWhip","Perseverance"],"picked":"MentalFortress","floor":2.0},{"not_picked":["CutThroughFate","Indignation"],"picked":"Prostrate","floor":3.0},{"not_picked":["FlyingSleeves","Protect"],"picked":"Perseverance","floor":5.0},{"not_picked":["Fasting2","Wish"],"picked":"Worship","floor":6.0},{"not_picked":["DevaForm","MentalFortress"],"picked":"Conclude","floor":8.0},{"not_picked":["FollowUp","Protect"],"picked":"CrushJoints","floor":11.0},{"not_picked":["DeusExMachina","LessonLearned"],"picked":"Scrawl","floor":16.0}],"player_experience":77318,"relics_obtained":[{"floor":6.0,"key":"Akabeko"},{"floor":8.0,"key":"Bottled Flame"},{"floor":9.0,"key":"Juzu Bracelet"}],"event_choices":[{"cards_removed":["Strike_P"],"damage_healed":0.0,"max_hp_gain":0.0,"max_hp_loss":0.0,"gold_gain":0.0,"event_name":"Golden Wing","player_choice":"Card Removal","floor":4.0,"gold_loss":0.0,"damage_taken":7.0},{"damage_healed":0.0,"max_hp_gain":0.0,"max_hp_loss":0.0,"gold_gain":0.0,"event_name":"Accursed Blacksmith","player_choice":"Forge","floor":7.0,"gold_loss":0.0,"damage_taken":0.0,"cards_upgraded":["Eruption"]},{"damage_healed":0.0,"max_hp_gain":0.0,"max_hp_loss":0.0,"gold_gain":0.0,"event_name":"Dead Adventurer","player_choice":"Searched \u00270\u0027 times","floor":14.0,"gold_loss":0.0,"damage_taken":0.0}],"is_beta":false,"boss_relics":[{"not_picked":["Black Star","Pandora\u0027s Box"],"picked":"Astrolabe"}],"items_purged_floors":[13],"is_endless":false,"potions_floor_spawned":[2,5,11],"killed_by":"3 Byrds","ascension_level":5}}