{"host":"jwbw4f4imxd0v0b0","time":1611720640,"event":{"mods":["BaseMod","Colored Map","Highlight Path","Minty Spire (QoL Compilation)","Relic Stats","StSLib"],"gold_per_floor":[114,130,130,149,99,99,99,99],"floor_reached":7,"language":"ENG","playtime":260,"items_purged":[],"score":57,"play_id":"7af0c58a-8e7f-4a4c-99c5-ac768b8af7b4","local_time":"20210126221040","is_ascension_mode":true,"campfire_choices":[{"data":"Sweeping Beam","floor":6,"key":"SMITH"}],"circlet_count":0,"master_deck":["Strike_B","Strike_B","Strike_B","Defend_B","Defend_B","Defend_B","Defend_B","Zap","Dualcast","Sweeping Beam+1","Cold Snap","Glacier"],"relics":["Cracked Core","Boot","Dream Catcher"],"acts_visited":["Exordium"],"potions_floor_usage":[],"damage_taken":[{"damage":0,"enemies":"Cultist","floor":1,"turns":4},{"damage":0,"enemies":"2 Louse","floor":2,"turns":2},{"damage":2,"enemies":"Jaw Worm","floor":4,"turns":4},{"damage":18,"enemies":"Lagavulin","floor":7,"turns":9}],"seed_played":"-4080364805962333860","potions_obtained":[{"floor":2,"key":"Dexterity Potion"},{"floor":4,"key":"DuplicationPotion"}],"is_trial":false,"path_per_floor":["M","M","?","M","?","R","E"],"character_chosen":"DEFECT","items_purchased":[],"campfire_rested":0,"item_purchase_floors":[],"current_hp_per_floor":[68,68,65,63,63,63,45,45],"gold":99,"neow_bonus":"RANDOM_COMMON_RELIC","is_daily":false,"chose_seed":false,"campfire_upgraded":1,"win_rate":0.0,"timestamp":1611720640,"path_taken":["M","M","?","M","?","R","E"],"items_purchased_type":[],"build_version":"2020-12-22","purchased_purges":0,"victory":false,"max_hp_per_floor":[75,75,75,75,75,75,75,75],"relic_stats":{"Dream Catcher":0,"counters":[4,19],"Boot":[6],"obtain_stats":[{"Dream Catcher":3,"Cracked Core":0,"Boot":0},{"Dream Catcher":2,"Cracked Core":0,"Boot":0},{"Dream Catcher":6,"Cracked Core":0,"Boot":0}]},"card_choices":[{"not_picked":["Hologram","Barrage"],"picked":"Sweeping Beam","floor":1},{"not_picked":["Compile Driver","Gash"],"picked":"Cold Snap","floor":2},{"not_picked":["Sweeping Beam","White Noise"],"picked":"Glacier","floor":4}],"player_experience":1150217,"relics_obtained":[],"event_choices":[{"damage_healed":0,"gold_gain":0,"player_choice":"Success","damage_taken":3,"relics_obtained":["Dream Catcher"],"max_hp_gain":0,"max_hp_loss":0,"event_name":"Scrap Ooze","floor":3,"gold_loss":0},{"cards_removed":["Strike_B"],"damage_healed":0,"gold_gain":0,"player_choice":"Card Removal","damage_taken":0,"max_hp_gain":0,"max_hp_loss":0,"event_name":"The Cleric","floor":5,"gold_loss":50}],"is_beta":false,"boss_relics":[],"items_purged_floors":[],"is_endless":false,"potions_floor_spawned":[2,4],"killed_by":"Lagavulin","ascension_level":8}}