{"host":"1rf9pknejqhzkc4o","time":1611784458,"event":{"mods":["A Penny For Your Troubles","Aspiration","BaseMod","Better Altar","Better Match","Better Note","Better Sensory Stone","Better Skull","Better Third Choice","Colored Map","Colored Powertips","Communication Mod","Conspire","Curses Come First","Displayed Cursed Tome","Energized Spire","Hubris","Infinite Spire","Ironclad Rager","Minty Spire (QoL Compilation)","Quick Restart","RNG Fix","Rare Cards Sparkle","Relic Stats","Reliquary","Replay The Spire","Retaliation","Spicy Shops","StS++","StSLib","The Blue Laboratory","Trackpad"],"gold_per_floor":[114,129,144,144,219,219,249,249,274,304,319,284,299,15,15,115,115,130,145,145,160,160,160,175,175,175],"floor_reached":25,"language":"ENG","playtime":1105,"items_purged":[],"score":213,"play_id":"863fea35-b898-41a8-a281-0128a99c858a","local_time":"20210128005418","daily_mods":["Heirloom","Blue Cards","Elite Swarm"],"is_ascension_mode":false,"campfire_choices":[{"data":"Ball Lightning","floor":6.0,"key":"SMITH"},{"data":"ReplayTheSpireMod:Fabricate Wheel","floor":8.0,"key":"SMITH"},{"floor":15.0,"key":"REST"},{"floor":23,"key":"REST"}],"circlet_count":0,"master_deck":["Strike_R","Strike_R","Strike_R","Strike_R","Strike_R","Defend_R","Defend_R","Defend_R","Defend_R","Bash","Ball Lightning+1","Cold Snap","Coolheaded","ReplayRNGCard","Echo Form","Hologram","Leap","BootSequence","Flame Barrier","Ball Lightning","Ball Lightning","Reboot","StSpp:Succumb","Beam Cell","Rebound+1","ReplaySolidLightProjector","Necronomicurse","Flex+1","Static Discharge","Flex+1","Beam Cell"],"relics":["Burning Blood","hubris:BundleOfHerbs","reliquary:IridiumChain","Vajra","Prayer Wheel","infinitespire:Bottled Soul","Gremlin Horn","conspire:SpecialSausage","Necronomicon"],"acts_visited":["Exordium","TheCity"],"potions_floor_usage":[21,25],"damage_taken":[{"damage":11.0,"enemies":"conspire:RoseBush","floor":1.0,"turns":3.0},{"damage":6.0,"enemies":"Jaw Worm","floor":2.0,"turns":3.0},{"damage":9.0,"enemies":"2 Louse","floor":3.0,"turns":2.0},{"damage":26.0,"enemies":"3 Sentries","floor":7.0,"turns":8.0},{"damage":79.0,"enemies":"Gremlin Nob","floor":10.0,"turns":7.0},{"damage":0.0,"enemies":"Large Slime","floor":11.0,"turns":4.0},{"damage":9.0,"enemies":"Exordium Thugs","floor":13.0,"turns":5.0},{"damage":11.0,"enemies":"Hexaghost","floor":16.0,"turns":11.0},{"damage":10.0,"enemies":"Spheric Guardian","floor":18.0,"turns":3.0},{"damage":7.0,"enemies":"Shell Parasite","floor":19.0,"turns":4.0},{"damage":40,"enemies":"Shelled Parasite and Fungi","floor":21,"turns":8},{"damage":15,"enemies":"Cultist and Chosen","floor":24,"turns":4},{"damage":55,"enemies":"conspire:SneckoGhost","floor":25,"turns":6}],"seed_played":"-8653540479942029245","potions_obtained":[{"floor":3.0,"key":"SteroidPotion"},{"floor":7.0,"key":"Weak Potion"},{"floor":11.0,"key":"EssenceOfSteel"},{"floor":18.0,"key":"BloodPotion"},{"floor":21,"key":"blueLaboratory:PolymorphPotion"},{"floor":24,"key":"SpeedPotion"}],"is_trial":false,"path_per_floor":["M","M","M","?","?","R","E","R","T","E","M","?","M","$","R","B",null,"M","M","?","M","?","R","M","E"],"character_chosen":"IRONCLAD","items_purchased":["Gremlin Horn","Ball Lightning"],"campfire_rested":2,"item_purchase_floors":[14,14],"current_hp_per_floor":[75,75,72,72,64,64,80,80,80,7,13,33,35,35,59,60,80,76,75,59,25,25,49,46,0,0],"gold":175,"neow_bonus":"","is_daily":true,"chose_seed":false,"campfire_upgraded":2,"win_rate":0.0,"timestamp":1611784458,"path_taken":["M","M","M","?","?","R","E","R","T","E","?","?","M","?","R","BOSS","M","M","?","M","?","R","M","E"],"items_purchased_type":["Relic","Card"],"build_version":"2020-12-22","purchased_purges":0,"victory":false,"max_hp_per_floor":[80,80,80,80,80,80,80,80,80,80,80,80,80,80,80,80,80,80,80,80,80,80,80,80,80,80],"relic_stats":{"Gremlin Horn":[2,2],"counters":[13,68],"Prayer Wheel":6,"Necronomicon":[5],"obtain_stats":[{"Gremlin Horn":14,"infinitespire:Bottled Soul":10,"Vajra":9,"Prayer Wheel":10,"conspire:SpecialSausage":17,"hubris:BundleOfHerbs":0,"Necronomicon":20,"Burning Blood":0,"reliquary:IridiumChain":7},{"Gremlin Horn":7,"infinitespire:Bottled Soul":5,"Vajra":4,"Prayer Wheel":5,"conspire:SpecialSausage":8,"hubris:BundleOfHerbs":0,"Necronomicon":10,"Burning Blood":0,"reliquary:IridiumChain":4},{"Gremlin Horn":32,"infinitespire:Bottled Soul":23,"Vajra":16,"Prayer Wheel":17,"conspire:SpecialSausage":43,"hubris:BundleOfHerbs":0,"Necronomicon":50,"Burning Blood":0,"reliquary:IridiumChain":16}],"Burning Blood":69},"card_choices":[{"not_picked":["Abandon","Go for the Eyes"],"picked":"Ball Lightning","floor":1.0},{"not_picked":["DDmod:ScaleUpSkill","hubris:ReadiedAction"],"picked":"Cold Snap","floor":2.0},{"not_picked":["Shrug It Off","conspire:Rain"],"picked":"Coolheaded","floor":3.0},{"not_picked":["Hemogenesis","Rainbow"],"picked":"ReplayTheSpireMod:Fabricate Wheel","floor":7.0},{"not_picked":["ICR:Cyclone","StSpp:Betrayal"],"picked":"Echo Form","floor":10.0},{"not_picked":["True Grit","Fire Breathing"],"picked":"Hologram","floor":11.0},{"not_picked":["Clothesline","DDmod:SpikeMailSkill"],"picked":"Leap","floor":11.0},{"not_picked":["Headbutt","conspire:ExplosiveBarrier"],"picked":"BootSequence","floor":13.0},{"not_picked":["DDmod:EasePowerCard","Sentinel"],"picked":"Flame Barrier","floor":13.0},{"not_picked":["Barricade","Creative AI"],"picked":"Reboot","floor":16.0},{"not_picked":["Barrage+1","Steam"],"picked":"StSpp:Succumb","floor":18.0},{"not_picked":["StSpp:TheBiggerTheyAre","Wild Strike"],"picked":"Beam Cell","floor":18.0},{"not_picked":["Cleave","conspire:Purge"],"picked":"Rebound+1","floor":19.0},{"not_picked":["ReplayTheSpireMod:Strike From Hell","Hello World"],"picked":"ReplaySolidLightProjector","floor":19.0},{"not_picked":["Defy Death+1","ReplayTheSpireMod:Strike From Hell"],"picked":"Flex+1","floor":21},{"not_picked":["Steam","Panic Button+1"],"picked":"Static Discharge","floor":21},{"not_picked":["Replay:Undeath\u0027s Touch","ICR:Frenzy"],"picked":"Flex+1","floor":24},{"not_picked":["BasicCrystalCard","Compile Driver+1"],"picked":"Beam Cell","floor":24}],"player_experience":149305,"relics_obtained":[{"floor":7.0,"key":"reliquary:IridiumChain"},{"floor":9.0,"key":"Vajra"},{"floor":10.0,"key":"infinitespire:Bottled Soul"}],"event_choices":[{"damage_healed":0.0,"max_hp_gain":0.0,"max_hp_loss":0.0,"gold_gain":0.0,"event_name":"Purifier","player_choice":"Ignored","floor":4.0,"gold_loss":0.0,"damage_taken":0.0},{"damage_healed":0.0,"max_hp_gain":0.0,"max_hp_loss":0.0,"gold_gain":75.0,"event_name":"FaceTrader","player_choice":"Touch","floor":5.0,"gold_loss":0.0,"damage_taken":8.0},{"damage_healed":20.0,"max_hp_gain":0.0,"max_hp_loss":0.0,"gold_gain":0.0,"event_name":"The Cleric","player_choice":"Healed","floor":12.0,"gold_loss":35.0,"damage_taken":0.0},{"damage_healed":0.0,"max_hp_gain":0.0,"max_hp_loss":0.0,"gold_gain":0.0,"event_name":"Cursed Tome","player_choice":"Obtained Book","floor":20.0,"gold_loss":0.0,"damage_taken":16.0},{"damage_healed":0,"gold_gain":0,"player_choice":"Leave","damage_taken":0,"max_hp_gain":0,"max_hp_loss":0,"event_name":"conspire:Investor","floor":22,"gold_loss":0}],"is_beta":false,"boss_relics":[{"not_picked":["ChewingGum","conspire:SeveredTorchhead"],"picked":"conspire:SpecialSausage"}],"items_purged_floors":[],"is_endless":false,"potions_floor_spawned":[3,7,11,18,21,24],"killed_by":"conspire:SneckoGhost","ascension_level":0}}