{"host":"5uvzo7moqy5vd63g","time":1611791892,"event":{"mods":["Aspiration","BaseMod","Conspire","Curses Come First","Dio Mod","Downfall","Hermit","Hubris","Jedi Mod","Mimic Mod","Minty Spire (QoL Compilation)","Replay The Spire","StSLib","Wandering Minibosses"],"gold_per_floor":[99,109,122,133,147,174,200,200,200,200,216,216,116,174,191,226,244,244,244,244],"floor_reached":18,"language":"ENG","playtime":993,"items_purged":[],"score":149,"play_id":"c3a0a408-a6fa-43bb-a8fa-833498448637","local_time":"20210127185812","is_ascension_mode":false,"campfire_choices":[{"data":"bronze:BugBarrage","floor":13,"key":"SMITH"}],"circlet_count":0,"master_deck":["bronze:Strike","bronze:Strike","bronze:Defend","bronze:Defend","bronze:Defend","bronze:Defend","bronze:Replicate","bronze:Goto","bronze:ChildClass","bronze:WildBeam","bronze:GetLatest","bronze:BugBarrage+1","bronze:WildBeam","bronze:BugBarrage","bronze:Shield","bronze:Terminator","bronze:Shield","bronze:InfiniteBeams","bronze:HardenedForm","bronze:DarkDash"],"relics":["bronze:BronzeCore","Orichalcum","hubris:Towel","downfall:HeartBlessingBlue","Pear","ReplayTheSpireMod:Ninjato"],"acts_visited":["Exordium"],"potions_floor_usage":[6,16],"damage_taken":[{"damage":0,"enemies":"Small Slimes","floor":2,"turns":4},{"damage":0,"enemies":"conspire:RoseBush","floor":3,"turns":2},{"damage":0,"enemies":"Cultist","floor":4,"turns":3},{"damage":2,"enemies":"Gremlin Gang","floor":5,"turns":4},{"damage":16,"enemies":"Gremlin Nob","floor":6,"turns":3},{"damage":8,"enemies":"Blue Slaver","floor":11,"turns":3},{"damage":0,"enemies":"Exordium Thugs","floor":15,"turns":2},{"damage":15,"enemies":"Lagavulin","floor":16,"turns":6},{"damage":6,"enemies":"Large Slime","floor":17,"turns":4},{"damage":32,"enemies":"DF_ARCHETYPE_STREAMLINE","floor":18,"turns":9}],"seed_played":"7660390943383900583","potions_obtained":[{"floor":2,"key":"Guardian:BlockOnCardUsePotion"},{"floor":4,"key":"FearPotion"},{"floor":6,"key":"jedi:StrikingPotion"}],"is_trial":false,"path_per_floor":["R","M","M","M","M","E","T","?","PTL","PTL","M","?","R","?","M","E","M","B"],"character_chosen":"THE_AUTOMATON","items_purchased":[],"campfire_rested":0,"item_purchase_floors":[],"current_hp_per_floor":[70,70,70,70,68,52,52,52,52,52,44,44,54,44,44,29,23,0,0,0],"gold":244,"neow_bonus":"REMOVE_CARD","is_daily":false,"chose_seed":false,"campfire_upgraded":1,"win_rate":0.0,"timestamp":1611791892,"path_taken":["R","M","M","M","M","E","T","?","PTL","PTL","M","?","R","?","M","E","M","BOSS"],"items_purchased_type":[],"build_version":"2020-12-22","purchased_purges":0,"victory":false,"max_hp_per_floor":[70,70,70,70,70,70,70,70,70,70,70,70,80,90,90,90,90,90,90,90],"card_choices":[{"not_picked":["bronze:Frontload","bronze:GetLatest"],"picked":"bronze:WildBeam","floor":2},{"not_picked":["bronze:DelayedSlice","bronze:Frontload"],"picked":"bronze:GetLatest","floor":3},{"not_picked":["bronze:Backtrace","bronze:DelayedGuard"],"picked":"bronze:BugBarrage","floor":4},{"not_picked":["bronze:Fortify","bronze:Repair"],"picked":"bronze:WildBeam","floor":5},{"not_picked":["bronze:BronzeArmor","bronze:Separator"],"picked":"bronze:BugBarrage","floor":6},{"not_picked":["bronze:Separator","bronze:Boost"],"picked":"bronze:Shield","floor":11},{"not_picked":["bronze:WildBeam","bronze:DelayedSlice"],"picked":"bronze:Terminator","floor":14},{"not_picked":["bronze:FineTuning","bronze:Optimize"],"picked":"bronze:Shield","floor":14},{"not_picked":["bronze:BuggyMess","bronze:Refactor"],"picked":"bronze:InfiniteBeams","floor":15},{"not_picked":["bronze:GetLatest","bronze:CutThrough"],"picked":"bronze:HardenedForm","floor":16},{"not_picked":["bronze:CutThrough","bronze:Turbo"],"picked":"bronze:DarkDash","floor":17}],"player_experience":618025,"relics_obtained":[{"floor":6,"key":"Orichalcum"},{"floor":14,"key":"Pear"},{"floor":16,"key":"ReplayTheSpireMod:Ninjato"}],"event_choices":[{"damage_healed":0,"gold_gain":0,"player_choice":"Leave","damage_taken":0,"max_hp_gain":0,"max_hp_loss":0,"event_name":"conspire:Investor","floor":8,"gold_loss":0}],"is_beta":false,"boss_relics":[],"items_purged_floors":[],"is_endless":false,"potions_floor_spawned":[2,4,6],"killed_by":"DF_ARCHETYPE_STREAMLINE","ascension_level":0}}