{"host":"92mno2xmlx851umg","time":1611787941,"event":{"mods":["BaseMod","Colored Map","Minty Spire (QoL Compilation)","Relic Stats","everything is the same but u backflip on backflip"],"gold_per_floor":[112,112,128,139,159,188,188,216,216,250,153,172,120,120,120,248,248,218,231,231,231,231],"floor_reached":21,"language":"ENG","playtime":724,"items_purged":["Strike_P"],"score":288,"play_id":"b48d4f0f-373f-4188-81d8-bdc804f5dfc4","local_time":"20210127145221","is_ascension_mode":true,"campfire_choices":[{"floor":7,"key":"REST"},{"floor":15,"key":"REST"}],"circlet_count":0,"master_deck":["Strike_P","Strike_P","Strike_P","Defend_P","Defend_P","Defend_P","Defend_P","Eruption","Vigilance","Crescendo+1","BattleHymn","SashWhip","Evaluate","CrushJoints","Wallop","Scrawl","Meditate","Halt","EmptyFist","BowlingBash","Devotion","InnerPeace","Pray","Devotion"],"relics":["PureWater","Blood Vial","Darkstone Periapt","FossilizedHelix","StoneCalendar","Golden Idol","Black Star"],"acts_visited":["Exordium","TheCity"],"potions_floor_usage":[5,21],"damage_taken":[{"damage":0,"enemies":"2 Louse","floor":1,"turns":3},{"damage":0,"enemies":"Cultist","floor":3,"turns":2},{"damage":1,"enemies":"Jaw Worm","floor":4,"turns":3},{"damage":23,"enemies":"Exordium Thugs","floor":5,"turns":5},{"damage":23,"enemies":"Gremlin Nob","floor":6,"turns":4},{"damage":0,"enemies":"Lagavulin","floor":8,"turns":4},{"damage":30,"enemies":"Gremlin Nob","floor":10,"turns":5},{"damage":0,"enemies":"Blue Slaver","floor":12,"turns":2},{"damage":0,"enemies":"Slime Boss","floor":16,"turns":6},{"damage":36,"enemies":"2 Thieves","floor":18,"turns":5},{"damage":14,"enemies":"Chosen","floor":19,"turns":6},{"damage":20,"enemies":"Centurion and Healer","floor":21,"turns":4}],"seed_played":"4388756241401895727","potions_obtained":[{"floor":4,"key":"ColorlessPotion"},{"floor":5,"key":"Swift Potion"},{"floor":10,"key":"Ambrosia"},{"floor":12,"key":"CultistPotion"}],"is_trial":false,"path_per_floor":["M","?","M","M","M","E","R","E","T","E","$","M","$","?","R","B",null,"M","M","?","M"],"character_chosen":"WATCHER","items_purchased":["Halt","BowlingBash"],"campfire_rested":2,"item_purchase_floors":[11,13],"current_hp_per_floor":[72,72,72,71,48,25,46,48,48,20,20,22,22,22,42,44,67,31,19,19,1,1],"gold":231,"neow_bonus":"THREE_CARDS","is_daily":false,"chose_seed":false,"campfire_upgraded":0,"win_rate":0.0,"timestamp":1611787941,"path_taken":["M","?","M","M","M","E","R","E","T","E","?","?","$","?","R","BOSS","M","M","?","?"],"items_purchased_type":["Card","Card"],"build_version":"2020-12-22","purchased_purges":1,"victory":false,"max_hp_per_floor":[72,72,72,72,72,72,72,72,72,72,72,72,72,67,67,67,67,67,67,67,67,67],"relic_stats":{"Blood Vial":12,"Darkstone Periapt":0,"counters":[12,49],"Golden Idol":32,"StoneCalendar":[0],"Black Star":0,"obtain_stats":[{"Blood Vial":6,"Darkstone Periapt":8,"Golden Idol":14,"StoneCalendar":10,"Black Star":17,"PureWater":0,"FossilizedHelix":9},{"Blood Vial":5,"Darkstone Periapt":6,"Golden Idol":8,"StoneCalendar":7,"Black Star":9,"PureWater":0,"FossilizedHelix":6},{"Blood Vial":17,"Darkstone Periapt":21,"Golden Idol":28,"StoneCalendar":26,"Black Star":34,"PureWater":0,"FossilizedHelix":21}]},"card_choices":[{"not_picked":["WreathOfFlame","SashWhip"],"picked":"Crescendo","floor":0},{"not_picked":["ThirdEye","CrushJoints"],"picked":"BattleHymn","floor":1},{"not_picked":["FollowUp","JustLucky"],"picked":"SashWhip","floor":3},{"not_picked":["Protect","Nirvana"],"picked":"Evaluate","floor":4},{"not_picked":["Prostrate","Evaluate"],"picked":"CrushJoints","floor":5},{"not_picked":["Pray","Indignation"],"picked":"Wallop","floor":6},{"not_picked":["ThirdEye","EmptyBody"],"picked":"Scrawl","floor":8},{"not_picked":["ReachHeaven","CarveReality"],"picked":"Meditate","floor":10},{"not_picked":["ForeignInfluence","JustLucky"],"picked":"EmptyFist","floor":12},{"not_picked":["Omniscience","Scrawl"],"picked":"Devotion","floor":16},{"not_picked":["EmptyMind","LikeWater"],"picked":"InnerPeace","floor":18},{"not_picked":["CarveReality","Halt"],"picked":"Pray","floor":19}],"player_experience":522835,"relics_obtained":[{"floor":6,"key":"Blood Vial"},{"floor":8,"key":"Darkstone Periapt"},{"floor":9,"key":"FossilizedHelix"},{"floor":10,"key":"StoneCalendar"}],"event_choices":[{"damage_healed":0,"gold_gain":0,"player_choice":"Upgraded","damage_taken":0,"max_hp_gain":0,"max_hp_loss":0,"event_name":"Upgrade Shrine","floor":2,"gold_loss":0,"cards_upgraded":["Crescendo"]},{"damage_healed":0,"gold_gain":0,"player_choice":"Lose Max HP","damage_taken":0,"relics_obtained":["Golden Idol"],"max_hp_gain":0,"max_hp_loss":5,"event_name":"Golden Idol","floor":14,"gold_loss":0},{"damage_healed":0,"gold_gain":0,"player_choice":"Copied","damage_taken":0,"max_hp_gain":0,"max_hp_loss":0,"event_name":"Duplicator","floor":20,"gold_loss":0,"cards_obtained":["Devotion"]}],"is_beta":false,"boss_relics":[{"not_picked":["SacredBark","Cursed Key"],"picked":"Black Star"}],"items_purged_floors":[11],"is_endless":false,"potions_floor_spawned":[4,5,10,12,16],"killed_by":"Centurion and Healer","ascension_level":1}}