{"host":"fc97bmrl7qvj4ruk","time":1611709708,"event":{"mods":["AchievementEnabler","Act Like it!","Bartender","BaseMod","ChefMod","Colored Map","Gensokyo","GifTheSpireLib","Hermit","Minty Spire (QoL Compilation)","Replay The Spire","Robot Space Explorer","StSLib","The Death Knight","The Hayseed","The Vixen"],"gold_per_floor":[111,131,15,15,15,56,56,70,70,70,85,100,100,123,123,254,254,269,309,309,94,118,162,162,162],"floor_reached":24,"language":"ENG","playtime":1714,"items_purged":["Writhe"],"score":241,"play_id":"83afc113-33b9-4813-9a59-4ab68cbfe183","local_time":"20210126210828","is_ascension_mode":false,"campfire_choices":[{"data":"DeathKnight:Outbreak","floor":7,"key":"SMITH"},{"data":"DeathKnight:DarkSuccor","floor":13,"key":"SMITH"},{"data":"DeathKnight:DeathGrip","floor":15,"key":"SMITH"}],"circlet_count":0,"master_deck":["DeathKnight:Strike_DeathKnight","DeathKnight:Strike_DeathKnight","DeathKnight:Strike_DeathKnight","DeathKnight:Strike_DeathKnight","DeathKnight:Defend_DeathKnight","DeathKnight:Defend_DeathKnight","DeathKnight:Defend_DeathKnight","DeathKnight:Defend_DeathKnight","DeathKnight:RuneTap","DeathKnight:RuneStrike","DeathKnight:Ossuary","DeathKnight:RuneShock","DeathKnight:DeathCoil+1","DeathKnight:DarkSuccor+1","DeathKnight:Outbreak+1","DeathKnight:HartStrike","DeathKnight:DeathGrip+1","DeathKnight:RuneShock","DeathKnight:ArmyOfTheDead","DeathKnight:Defile","DeathKnight:BloodBoil+1","DeathKnight:UnholyExperiment","DeathKnight:Rot+1","DeathKnight:VampiricBlood"],"relics":["DeathKnight:BrokenRuneblade","NeowsBlessing","Golden Idol","Toy Ornithopter","Turnip","Replay:Bronze Core","Red Mask","DeathKnight:Scourgestone","Gremlin Horn"],"acts_visited":["Exordium","TheCity"],"potions_floor_usage":[11,11,19,23,24],"damage_taken":[{"damage":0,"enemies":"Jaw Worm","floor":1,"turns":1},{"damage":0,"enemies":"Small Slimes","floor":2,"turns":2},{"damage":0,"enemies":"3 Sentries","floor":6,"turns":2},{"damage":0,"enemies":"Cultist","floor":8,"turns":3},{"damage":4,"enemies":"Gremlin Gang","floor":11,"turns":3},{"damage":7,"enemies":"2 Fungi Beasts","floor":12,"turns":4},{"damage":12,"enemies":"Blue Slaver","floor":14,"turns":3},{"damage":18,"enemies":"The Guardian","floor":16,"turns":7},{"damage":10,"enemies":"Shell Parasite","floor":18,"turns":4},{"damage":30,"enemies":"Masked Bandits","floor":19,"turns":5},{"damage":5,"enemies":"Spheric Guardian","floor":22,"turns":3},{"damage":33,"enemies":"Replay:Snechameleon","floor":23,"turns":4},{"damage":13,"enemies":"Snake Plant","floor":24,"turns":1}],"seed_played":"4440820967570970451","potions_obtained":[{"floor":1,"key":"Fire Potion"},{"floor":8,"key":"ColorlessPotion"},{"floor":16,"key":"AttackPotion"}],"is_trial":false,"path_per_floor":["M","M","$","?","?","E","R","M","T","?","M","M","R","M","R","B",null,"M","?","?","$","M","E","M"],"character_chosen":"DEATH_KNIGHT","items_purchased":["DeathKnight:DeathCoil+1","DeathKnight:DarkSuccor","DeathKnight:UnholyExperiment"],"campfire_rested":0,"item_purchase_floors":[3,3,21],"current_hp_per_floor":[75,75,75,57,50,50,50,50,50,50,56,49,49,37,37,19,75,65,40,40,40,35,7,0,0],"gold":162,"neow_bonus":"THREE_ENEMY_KILL","is_daily":false,"chose_seed":false,"campfire_upgraded":3,"win_rate":0.0,"timestamp":1611709708,"path_taken":["M","M","$","?","?","E","R","M","T","?","?","?","R","M","R","BOSS","M","?","?","$","M","E","?"],"items_purchased_type":["Card","Card","Card"],"build_version":"2020-12-22","purchased_purges":1,"victory":false,"max_hp_per_floor":[75,75,75,75,75,75,75,75,75,75,75,75,75,75,75,75,75,75,75,75,75,75,75,75,75],"card_choices":[{"not_picked":["DeathKnight:Marrowrend","DeathKnight:BloodPact"],"picked":"DeathKnight:Ossuary","floor":1},{"not_picked":["DeathKnight:Ossuary","DeathKnight:Obliterate"],"picked":"DeathKnight:RuneShock","floor":2},{"not_picked":["DeathKnight:DeathsAdvance","DeathKnight:Defile"],"picked":"DeathKnight:Outbreak","floor":6},{"not_picked":["DeathKnight:BoneSpear","DeathKnight:DancingRuneblade"],"picked":"DeathKnight:HartStrike","floor":8},{"not_picked":["DeathKnight:RunicCorruption","DeathKnight:BloodStrike"],"picked":"DeathKnight:DeathGrip","floor":11},{"not_picked":["DeathKnight:UnholyFrenzy","DeathKnight:DeathGrip"],"picked":"DeathKnight:RuneShock","floor":12},{"not_picked":["DeathKnight:DreadStrike","DeathKnight:FesteringStrike"],"picked":"DeathKnight:ArmyOfTheDead","floor":14},{"not_picked":["DeathKnight:Frostscythe","DeathKnight:SindragosasBreath"],"picked":"DeathKnight:Defile","floor":16},{"not_picked":["DeathKnight:HartStrike","DeathKnight:HornOfWinter","DeathKnight:Ossuary"],"picked":"SKIP","floor":18},{"not_picked":["DeathKnight:UnholyFrenzy","DeathKnight:DeathGrip+1"],"picked":"DeathKnight:BloodBoil+1","floor":19},{"not_picked":["DeathKnight:RaiseAlly","DeathKnight:BludPresence"],"picked":"DeathKnight:Rot+1","floor":22},{"not_picked":["DeathKnight:Culling","DeathKnight:ScourgeStrike"],"picked":"DeathKnight:VampiricBlood","floor":23}],"player_experience":205402,"relics_obtained":[{"floor":6,"key":"Toy Ornithopter"},{"floor":9,"key":"Turnip"},{"floor":19,"key":"Red Mask"},{"floor":23,"key":"Gremlin Horn"}],"event_choices":[{"damage_healed":0,"gold_gain":0,"player_choice":"Take Damage","damage_taken":18,"relics_obtained":["Golden Idol"],"max_hp_gain":0,"max_hp_loss":0,"event_name":"Golden Idol","floor":4,"gold_loss":0},{"cards_removed":["DeathKnight:Strike_DeathKnight"],"damage_healed":0,"gold_gain":0,"player_choice":"Card Removal","damage_taken":7,"max_hp_gain":0,"max_hp_loss":0,"event_name":"Golden Wing","floor":5,"gold_loss":0},{"cards_removed":["DeathKnight:Defend_DeathKnight"],"damage_healed":0,"gold_gain":0,"player_choice":"Purged","damage_taken":0,"max_hp_gain":0,"max_hp_loss":0,"event_name":"Purifier","floor":10,"gold_loss":0},{"damage_healed":0,"gold_gain":0,"player_choice":"Fought Bandits","damage_taken":0,"max_hp_gain":0,"max_hp_loss":0,"event_name":"Masked Bandits","floor":19,"gold_loss":0},{"damage_healed":0,"gold_gain":0,"player_choice":"Opened","damage_taken":0,"relics_obtained":["DeathKnight:Scourgestone"],"max_hp_gain":0,"max_hp_loss":0,"event_name":"The Mausoleum","floor":20,"gold_loss":0,"cards_obtained":["Writhe"]}],"is_beta":false,"boss_relics":[{"not_picked":["Runic Pyramid","Velvet Choker"],"picked":"Replay:Bronze Core"}],"items_purged_floors":[21],"is_endless":false,"potions_floor_spawned":[1,8,16],"killed_by":"Snake Plant","ascension_level":0}}