{"host":"d2y4rmbezebiv8aj","time":1611779625,"event":{"mods":["AchievementEnabler","BaseMod","Bestiary","BetterRewards","Colored Map","Colored Powertips","Custom Start","Highlight Path","Minty Spire (QoL Compilation)","Quick Restart","Rare Cards Sparkle","Relic Sorter","Relic Stats","Shop Mod","Slay-I","StSLib","SuperFastMode"],"gold_per_floor":[114,125,145,162,180,180,209,209,209,226,131,131,131,156,156,261,261,273,286,115,65,78,78,103,103,128,128,139,166,112,112,112,210,210,222,172,183,195,249,249,249,266,266,285,285,285,285,296,296,296],"floor_reached":51,"language":"DEU","playtime":2500,"items_purged":[],"score":1339,"play_id":"537a754d-837e-4eea-baf3-959591c24a0b","local_time":"20210127213345","is_ascension_mode":true,"campfire_choices":[{"floor":6.0,"key":"REST"},{"data":"Mayhem","floor":8.0,"key":"SMITH"},{"floor":13.0,"key":"REST"},{"data":"A Thousand Cuts","floor":15.0,"key":"SMITH"},{"data":"Accuracy","floor":23.0,"key":"SMITH"},{"data":"Envenom","floor":25.0,"key":"SMITH"},{"floor":27.0,"key":"REST"},{"floor":32.0,"key":"REST"},{"floor":40.0,"key":"REST"},{"floor":41.0,"key":"REST"},{"floor":45.0,"key":"REST"},{"data":"A Thousand Cuts","floor":47.0,"key":"SMITH"},{"floor":49.0,"key":"REST"}],"circlet_count":0,"master_deck":["Strike_G","Strike_G","Strike_G","Strike_G","Strike_G","Defend_G","Defend_G","Defend_G","Defend_G","Defend_G","Survivor","Neutralize+1","Accuracy+1","Mayhem+1","Deflect","Well Laid Plans","Finisher","Blade Dance","Slice","Dodge and Roll","All Out Attack","Dash","Storm of Steel","Slice+1","Backstab","PiercingWail","A Thousand Cuts+1","Envenom+1","Dodge and Roll","Deflect","Blade Dance","Sucker Punch+1","Backflip","Mayhem+1","A Thousand Cuts+1","Infinite Blades","Backflip+1","Doubt","Concentrate+1"],"relics":["Ring of the Snake","Kunai","Art of War","Bag of Preparation","Oddly Smooth Stone","HoveringKite","Lantern","Matryoshka","Meat on the Bone","Tiny Chest","WingedGreaves","SlaversCollar","Orichalcum","Anchor","Frozen Egg 2"],"acts_visited":["Exordium","TheCity","TheBeyond"],"potions_floor_usage":[50,50],"damage_taken":[{"damage":0.0,"enemies":"Small Slimes","floor":1.0,"turns":5.0},{"damage":0.0,"enemies":"Cultist","floor":2.0,"turns":4.0},{"damage":1.0,"enemies":"2 Louse","floor":3.0,"turns":4.0},{"damage":0.0,"enemies":"2 Fungi Beasts","floor":4.0,"turns":4.0},{"damage":9.0,"enemies":"3 Louse","floor":5.0,"turns":2.0},{"damage":1.0,"enemies":"Lagavulin","floor":7.0,"turns":9.0},{"damage":1.0,"enemies":"Blue Slaver","floor":10.0,"turns":4.0},{"damage":0.0,"enemies":"Gremlin Nob","floor":14.0,"turns":4.0},{"damage":1.0,"enemies":"Slime Boss","floor":16.0,"turns":8.0},{"damage":10.0,"enemies":"Chosen","floor":18.0,"turns":4.0},{"damage":0.0,"enemies":"3 Byrds","floor":19.0,"turns":5.0},{"damage":4.0,"enemies":"Cultist and Chosen","floor":22.0,"turns":6.0},{"damage":17.0,"enemies":"Book of Stabbing","floor":24.0,"turns":7.0},{"damage":15.0,"enemies":"Snake Plant","floor":28.0,"turns":4.0},{"damage":36.0,"enemies":"Slavers","floor":29.0,"turns":7.0},{"damage":27.0,"enemies":"Collector","floor":33.0,"turns":10.0},{"damage":32.0,"enemies":"3 Darklings","floor":35.0,"turns":6.0},{"damage":3.0,"enemies":"3 Shapes","floor":37.0,"turns":5.0},{"damage":27.0,"enemies":"Maw","floor":38.0,"turns":8.0},{"damage":29.0,"enemies":"Sphere and 2 Shapes","floor":42.0,"turns":5.0},{"damage":45.0,"enemies":"Transient","floor":44.0,"turns":5.0},{"damage":15.0,"enemies":"Maw","floor":48.0,"turns":8.0},{"damage":69,"enemies":"Donu and Deca","floor":50,"turns":9}],"seed_played":"-4745581888725364706","potions_obtained":[{"floor":3.0,"key":"Dexterity Potion"},{"floor":10.0,"key":"FearPotion"},{"floor":16.0,"key":"Poison Potion"},{"floor":22.0,"key":"Block Potion"},{"floor":33.0,"key":"LiquidBronze"},{"floor":35.0,"key":"FearPotion"},{"floor":37.0,"key":"DistilledChaos"},{"floor":48.0,"key":"Poison Potion"}],"is_trial":false,"path_per_floor":["M","M","M","M","M","R","E","R","T","M","$","?","R","E","R","B",null,"M","M","$","?","M","R","E","R","T","R","M","E","$","?","R","B",null,"M","$","M","M","T","R","R","M","T","M","R","?","R","M","R","B",null],"character_chosen":"THE_SILENT","items_purchased":["Accuracy","Kunai","Mayhem","Deflect","Well Laid Plans","Finisher","Backstab","PiercingWail","Lantern","Blade Dance","Backflip","SteroidPotion"],"campfire_rested":8,"item_purchase_floors":[0,0,0,0,0,0,11,11,20,20,30,36],"current_hp_per_floor":[49,49,48,48,39,60,59,59,59,58,58,44,65,65,65,64,69,59,59,59,59,55,55,38,38,38,59,44,20,20,20,41,26,59,39,39,36,21,21,42,63,46,46,13,34,70,70,55,70,13],"gold":296,"neow_bonus":"","is_daily":false,"chose_seed":false,"campfire_upgraded":5,"win_rate":0.0,"timestamp":1611779625,"path_taken":["M","M","M","M","M","R","E","R","T","M","$","?","R","E","R","BOSS","M","M","$","?","M","R","E","R","T","R","M","E","?","?","R","BOSS","M","$","M","?","?","R","R","?","T","M","R","?","R","M","R","BOSS"],"items_purchased_type":["Card","Relic","Card","Card","Card","Card","Card","Card","Relic","Card","Card","Potion"],"build_version":"2020-12-22","purchased_purges":0,"victory":true,"max_hp_per_floor":[70,70,70,70,70,70,70,70,70,70,70,70,70,70,70,70,70,70,70,70,70,70,70,70,70,70,70,70,70,70,70,70,70,70,70,70,70,70,70,70,70,70,70,70,70,70,70,70,70,70],"relic_stats":{"counters":[160,832],"HoveringKite":[28],"Tiny Chest":1,"Art of War":[4],"Bag of Preparation":[34],"Kunai":[95],"Orichalcum":[18],"obtain_stats":[{"Gremlin Horn":7,"Vajra":9,"HoveringKite":34,"Whetstone":43,"Boot":26,"Sling":41,"Blood Vial":36,"Lizard Tail":20,"HornCleat":43,"DollysMirror":25,"Sundial":41,"Strawberry":25,"MealTicket":20,"Philosopher\u0027s Stone":17,"Kunai":0,"Toxic Egg 2":34,"Girya":6,"Happy Flower":20,"Blue Candle":26,"Oddly Smooth Stone":0,"Eternal Feather":17,"Pen Nib":14,"SlaversCollar":34,"Bronze Scales":7,"Molten Egg 2":27,"Meat on the Bone":0,"Regal Pillow":25,"Lantern":8,"Singing Bowl":14,"Torii":17,"Enchiridion":22,"Mango":17,"Bag of Preparation":45,"Juzu Bracelet":14,"Cursed Key":17,"Smiling Mask":9,"Ancient Tea Set":10,"Tough Bandages":36,"Shovel":42,"Matryoshka":24,"WristBlade":34,"Mummified Hand":0,"Ninja Scroll":44,"Pantograph":9,"Toolbox":20,"Tiny Chest":17,"WingedGreaves":29,"Red Mask":47,"InkBottle":29,"Ring of the Snake":0,"Potion Belt":17,"Golden Idol":5,"Thread and Needle":34,"PreservedInsect":0,"The Courier":6,"Omamori":13,"Frozen Egg 2":17,"Orichalcum":39,"MawBank":43,"Medical Kit":22,"Mercury Hourglass":22,"Calling Bell":17,"Anchor":14,"Ornamental Fan":6,"Bag of Marbles":26,"Art of War":7,"Membership Card":24,"Toy Ornithopter":30,"TungstenRod":47},{"Gremlin Horn":24,"Vajra":4,"HoveringKite":13,"Whetstone":52,"Boot":67,"Sling":76,"Blood Vial":14,"Lizard Tail":112,"HornCleat":77,"DollysMirror":67,"Sundial":133,"Strawberry":67,"MealTicket":28,"Philosopher\u0027s Stone":89,"Kunai":0,"Toxic Egg 2":49,"Girya":118,"Happy Flower":42,"Blue Candle":10,"Oddly Smooth Stone":20,"Eternal Feather":65,"Pen Nib":39,"SlaversCollar":153,"Bronze Scales":4,"Molten Egg 2":93,"Meat on the Bone":81,"Regal Pillow":44,"Lantern":118,"Singing Bowl":64,"Torii":65,"Enchiridion":9,"Mango":7,"Bag of Preparation":77,"Juzu Bracelet":88,"Cursed Key":26,"Smiling Mask":37,"Ancient Tea Set":107,"Tough Bandages":131,"Shovel":133,"Matryoshka":150,"WristBlade":73,"Mummified Hand":56,"Ninja Scroll":134,"Pantograph":24,"Toolbox":9,"Tiny Chest":65,"WingedGreaves":152,"Red Mask":19,"InkBottle":11,"Ring of the Snake":0,"Potion Belt":7,"Golden Idol":23,"Thread and Needle":49,"PreservedInsect":0,"The Courier":106,"Omamori":24,"Frozen Egg 2":7,"Orichalcum":156,"MawBank":17,"Medical Kit":92,"Mercury Hourglass":92,"Calling Bell":7,"Anchor":6,"Ornamental Fan":61,"Bag of Marbles":44,"Art of War":143,"Membership Card":43,"Toy Ornithopter":11,"TungstenRod":136},{"Gremlin Horn":115,"Vajra":21,"HoveringKite":66,"Whetstone":248,"Boot":328,"Sling":406,"Blood Vial":70,"Lizard Tail":585,"HornCleat":414,"DollysMirror":328,"Sundial":679,"Strawberry":328,"MealTicket":138,"Philosopher\u0027s Stone":486,"Kunai":0,"Toxic Egg 2":231,"Girya":610,"Happy Flower":191,"Blue Candle":54,"Oddly Smooth Stone":100,"Eternal Feather":314,"Pen Nib":176,"SlaversCollar":786,"Bronze Scales":21,"Molten Egg 2":499,"Meat on the Bone":442,"Regal Pillow":204,"Lantern":610,"Singing Bowl":304,"Torii":314,"Enchiridion":49,"Mango":40,"Bag of Preparation":414,"Juzu Bracelet":472,"Cursed Key":129,"Smiling Mask":168,"Ancient Tea Set":559,"Tough Bandages":670,"Shovel":679,"Matryoshka":765,"WristBlade":381,"Mummified Hand":264,"Ninja Scroll":684,"Pantograph":115,"Toolbox":49,"Tiny Chest":314,"WingedGreaves":776,"Red Mask":89,"InkBottle":56,"Ring of the Snake":0,"Potion Belt":40,"Golden Idol":109,"Thread and Needle":231,"PreservedInsect":0,"The Courier":554,"Omamori":115,"Frozen Egg 2":40,"Orichalcum":805,"MawBank":83,"Medical Kit":498,"Mercury Hourglass":498,"Calling Bell":40,"Anchor":27,"Ornamental Fan":287,"Bag of Marbles":204,"Art of War":727,"Membership Card":198,"Toy Ornithopter":56,"TungstenRod":692}],"Ring of the Snake":[320],"Meat on the Bone":84},"card_choices":[{"not_picked":["Bane","Skewer"],"picked":"Blade Dance","floor":1.0},{"not_picked":["Terror","Flying Knee"],"picked":"Slice","floor":2.0},{"not_picked":["Crippling Poison","Flechettes"],"picked":"Dodge and Roll","floor":3.0},{"not_picked":["Outmaneuver","Bane"],"picked":"All Out Attack","floor":4.0},{"not_picked":["Calculated Gamble","Leg Sweep"],"picked":"Dash","floor":5.0},{"not_picked":["Caltrops","Finisher"],"picked":"Storm of Steel","floor":7.0},{"not_picked":["Sucker Punch","Skewer"],"picked":"Slice","floor":10.0},{"not_picked":["Blade Dance","Concentrate"],"picked":"A Thousand Cuts","floor":14.0},{"not_picked":["Die Die Die","Malaise"],"picked":"Envenom","floor":16.0},{"not_picked":["Eviscerate","Masterful Stab"],"picked":"Dodge and Roll","floor":18.0},{"not_picked":["Dagger Throw","Flying Knee"],"picked":"Deflect","floor":19.0},{"not_picked":["Underhanded Strike+1","Acrobatics"],"picked":"Sucker Punch+1","floor":22.0},{"not_picked":["Choke","Burst","Caltrops"],"picked":"SKIP","floor":24.0},{"not_picked":["Dagger Spray","Underhanded Strike","Poisoned Stab"],"picked":"SKIP","floor":28.0},{"not_picked":["Acrobatics","Reflex+1","Choke"],"picked":"SKIP","floor":29.0},{"not_picked":["Wraith Form v2","Burst"],"picked":"A Thousand Cuts","floor":33.0},{"not_picked":["Catalyst","Masterful Stab+1"],"picked":"Infinite Blades","floor":35.0},{"not_picked":["Underhanded Strike","Cloak And Dagger"],"picked":"Backflip+1","floor":37.0},{"not_picked":["Flying Knee+1","Masterful Stab","Dagger Throw+1"],"picked":"SKIP","floor":38.0},{"not_picked":["Well Laid Plans","Heel Hook","Concentrate+1"],"picked":"SKIP","floor":42.0},{"not_picked":["Prepared","Endless Agony+1","Acrobatics"],"picked":"SKIP","floor":44.0},{"not_picked":["Bouncing Flask+1","Skewer+1"],"picked":"Concentrate+1","floor":48.0}],"player_experience":382161,"relics_obtained":[{"floor":7.0,"key":"Art of War"},{"floor":9.0,"key":"Bag of Preparation"},{"floor":14.0,"key":"Oddly Smooth Stone"},{"floor":24.0,"key":"Matryoshka"},{"floor":26.0,"key":"Meat on the Bone"},{"floor":26.0,"key":"Tiny Chest"},{"floor":29.0,"key":"WingedGreaves"},{"floor":39.0,"key":"Orichalcum"},{"floor":39.0,"key":"Anchor"},{"floor":43.0,"key":"Frozen Egg 2"}],"event_choices":[{"damage_healed":0.0,"max_hp_gain":0.0,"max_hp_loss":0.0,"gold_gain":0.0,"event_name":"Shining Light","player_choice":"Entered Light","floor":12.0,"gold_loss":0.0,"damage_taken":14.0,"cards_upgraded":["Slice","Neutralize"]},{"damage_healed":0.0,"max_hp_gain":0.0,"max_hp_loss":0.0,"gold_gain":0.0,"event_name":"The Joust","player_choice":"Bet on Murderer","floor":21.0,"gold_loss":50.0,"damage_taken":0.0},{"damage_healed":0.0,"max_hp_gain":0.0,"max_hp_loss":0.0,"gold_gain":0.0,"event_name":"Duplicator","player_choice":"Copied","floor":31.0,"gold_loss":0.0,"damage_taken":0.0,"cards_obtained":["Mayhem"]},{"damage_healed":36.0,"max_hp_gain":0.0,"max_hp_loss":0.0,"gold_gain":0.0,"event_name":"MindBloom","player_choice":"Heal","floor":46.0,"gold_loss":0.0,"damage_taken":0.0,"cards_obtained":["Doubt"]}],"is_beta":false,"boss_relics":[{"not_picked":["Empty Cage","Fusion Hammer"],"picked":"HoveringKite"},{"not_picked":["Ring of the Serpent","Tiny House"],"picked":"SlaversCollar"}],"items_purged_floors":[],"is_endless":false,"potions_floor_spawned":[3,10,16,18,22,33,35,37,48],"ascension_level":9}}