{"host":"ty7uytdfitsmf36k","time":1611769760,"event":{"mods":["AchievementEnabler","BaseMod","Colored Map","Colored Powertips","DeckTracker","Downfall","Infinite Spire","Minty Spire (QoL Compilation)","Relic Stats","Replay The Spire","Spire Arcade","StSLib","SuperFastMode","The Jungle","Wandering Minibosses"],"gold_per_floor":[14,34,44,58,72,72,104,104,104,114,39,55,72,89,89,190,190,203,203,26,26,42,42,42,42,42,42,181,56,72,72,72,179,179,195,210,282,282,332,332,332,358,412,440,452,464,502,12,12,12],"floor_reached":51,"language":"ENG","playtime":1554,"items_purged":["Strike_R","Strike_R","Strike_R","Replay:Undeath\u0027s Touch","Defend_R"],"score":1049,"play_id":"c48dda8d-2743-48aa-8269-54bd3b176d7a","local_time":"20210127124920","is_ascension_mode":true,"campfire_choices":[{"data":"Pommel Strike","floor":6.0,"key":"SMITH"},{"data":"Sword Boomerang","floor":8.0,"key":"SMITH"},{"data":"True Grit","floor":15.0,"key":"SMITH"},{"data":"ReplayTheSpireMod:Strike From Hell","floor":23.0,"key":"SMITH"},{"data":"Power Through","floor":25.0,"key":"SMITH"},{"floor":27.0,"key":"REST"},{"data":"Ghostly Armor","floor":32,"key":"SMITH"},{"data":"Rampage","floor":40,"key":"SMITH"},{"data":"Body Slam","floor":49,"key":"SMITH"}],"circlet_count":0,"master_deck":["Defend_R","Defend_R","Bash","Pommel Strike+1","Rampage+1","Sword Boomerang+1","Wild Strike","Inflame","True Grit+1","ReplayTheSpireMod:Strike From Hell+1","Power Through+1","Evolve+1","Ghostly Armor+1","Offering","Entrench+1","infinitespire:Starlight","Reaper","True Grit+1","ReplayReversal+1","Madness","Madness","Body Slam+1"],"relics":["Burning Blood","Question Card","infinitespire:FocusingShard","SlaversCollar","Mirror","King of Hearts","Red Skull","Replay:Baseball","Runic Pyramid","infinitespire:EmpoweringShard","Lizard Tail","The Courier","MawBank","CeramicFish","Strawberry","Blood Vial"],"acts_visited":["Exordium","theJungle:Jungle","TheBeyond"],"potions_floor_usage":[28,28,33,33,33,35,41,42,42,42,50,50],"damage_taken":[{"damage":4.0,"enemies":"Jaw Worm","floor":1.0,"turns":4.0},{"damage":0.0,"enemies":"2 Louse","floor":2.0,"turns":3.0},{"damage":14.0,"enemies":"Small Slimes","floor":3.0,"turns":4.0},{"damage":14.0,"enemies":"Blue Slaver","floor":4.0,"turns":4.0},{"damage":5.0,"enemies":"3 Louse","floor":5.0,"turns":4.0},{"damage":30.0,"enemies":"Lagavulin","floor":7.0,"turns":7.0},{"damage":0.0,"enemies":"2 Fungi Beasts","floor":10.0,"turns":2.0},{"damage":30.0,"enemies":"Large Slime","floor":12.0,"turns":6.0},{"damage":14.0,"enemies":"Looter","floor":13.0,"turns":3.0},{"damage":4.0,"enemies":"Exordium Wildlife","floor":14.0,"turns":4.0},{"damage":12.0,"enemies":"Fading Forest","floor":16.0,"turns":11.0},{"damage":31.0,"enemies":"theJungle:Flameango_and_Byrd","floor":18.0,"turns":7.0},{"damage":19.0,"enemies":"theJungle:MUSHROOMGANG","floor":22.0,"turns":7.0},{"damage":33,"enemies":"theJungle:2_Phrogs","floor":28,"turns":5},{"damage":0,"enemies":"Snake Plant","floor":30,"turns":2},{"damage":49,"enemies":"theJungle:TotemBoss","floor":33,"turns":11},{"damage":25,"enemies":"3 Shapes","floor":35,"turns":3},{"damage":14,"enemies":"Orb Walker","floor":36,"turns":4},{"damage":0,"enemies":"Mind Bloom Boss Battle","floor":39,"turns":7},{"damage":0,"enemies":"Transient","floor":41,"turns":1},{"damage":29,"enemies":"Reptomancer","floor":42,"turns":8},{"damage":18,"enemies":"3 Darklings","floor":44,"turns":14},{"damage":35,"enemies":"infinitespire:MassOfShapes","floor":50,"turns":7}],"seed_played":"-2391243551229557581","potions_obtained":[{"floor":4.0,"key":"Elixir"},{"floor":5.0,"key":"Explosive Potion"},{"floor":7.0,"key":"Swift Potion"},{"floor":13.0,"key":"BloodPotion"},{"floor":16.0,"key":"Weak Potion"},{"floor":18.0,"key":"LiquidMemories"},{"floor":28,"key":"Regen Potion"},{"floor":28,"key":"bronze:BurnAndBuffPotion"},{"floor":33,"key":"Toxic Potion"},{"floor":35,"key":"SkillPotion"},{"floor":37,"key":"DistilledChaos"},{"floor":37,"key":"SmokeBomb"},{"floor":37,"key":"GamblersBrew"},{"floor":42,"key":"champ:CounterPotion"}],"is_trial":false,"path_per_floor":["M","M","M","M","M","R","E","R","T","M","$","M","M","M","R","B",null,"M","?","$","?","M","R","?","R","T","R","E","$","M","?","R","B",null,"M","M","?","AVR","?","R","M","E","T","M","?","?","T","$","R","B",null],"character_chosen":"IRONCLAD","items_purchased":["Power Through","Body Slam","Strawberry","Blood Vial","bronze:BurnAndBuffPotion","ElixirPotion"],"campfire_rested":1,"item_purchase_floors":[20,48,48,48,48,48],"current_hp_per_floor":[74,80,72,64,65,65,41,41,41,47,47,23,15,17,17,13,63,38,28,28,39,26,26,26,26,26,50,23,23,29,90,90,61,83,64,56,20,20,36,36,42,60,60,82,82,71,71,78,78,71],"gold":12,"neow_bonus":"REMOVE_TWO","is_daily":false,"chose_seed":false,"campfire_upgraded":8,"win_rate":0.0,"timestamp":1611769760,"path_taken":["M","M","M","M","M","R","E","R","T","M","$","M","M","M","R","BOSS","M","?","$","?","M","R","?","R","T","R","E","$","M","?","R","BOSS","M","?","?","AVR","?","R","M","E","T","M","?","?","?","?","R","BOSS"],"items_purchased_type":["Card","Card","Relic","Relic","Potion","Potion"],"build_version":"2020-12-22","purchased_purges":5,"victory":true,"max_hp_per_floor":[80,80,80,80,80,80,80,80,80,80,80,80,80,80,80,80,80,80,80,80,80,80,80,80,80,80,80,80,80,80,90,90,90,90,90,90,90,90,90,90,90,90,90,90,90,90,90,97,97,97],"relic_stats":{"Blood Vial":2,"Lizard Tail":0,"counters":[23,128],"CeramicFish":9,"Question Card":21,"MawBank":60,"obtain_stats":[{"CeramicFish":47,"infinitespire:FocusingShard":9,"King of Hearts":28,"The Courier":42,"Question Card":7,"MawBank":43,"Burning Blood":0,"Blood Vial":48,"SlaversCollar":17,"Replay:Baseball":28,"Lizard Tail":39,"Strawberry":48,"infinitespire:EmpoweringShard":38,"Mirror":26,"Red Skull":28,"Runic Pyramid":34},{"CeramicFish":22,"infinitespire:FocusingShard":6,"King of Hearts":14,"The Courier":21,"Question Card":6,"MawBank":21,"Burning Blood":0,"Blood Vial":22,"SlaversCollar":11,"Replay:Baseball":14,"Lizard Tail":19,"Strawberry":22,"infinitespire:EmpoweringShard":18,"Mirror":13,"Red Skull":14,"Runic Pyramid":16},{"CeramicFish":121,"infinitespire:FocusingShard":26,"King of Hearts":71,"The Courier":107,"Question Card":26,"MawBank":107,"Burning Blood":0,"Blood Vial":121,"SlaversCollar":52,"Replay:Baseball":71,"Lizard Tail":98,"Strawberry":121,"infinitespire:EmpoweringShard":91,"Mirror":66,"Red Skull":71,"Runic Pyramid":84}],"Burning Blood":138},"card_choices":[{"not_picked":["Searing Blow","Anger"],"picked":"Pommel Strike","floor":1.0},{"not_picked":["Perfected Strike","Heavy Blade","Anger"],"picked":"SKIP","floor":2.0},{"not_picked":["Dual Wield","True Grit"],"picked":"Rampage","floor":3.0},{"not_picked":["Uppercut","Clash"],"picked":"Sword Boomerang","floor":4.0},{"not_picked":["Pommel Strike","Havoc"],"picked":"Wild Strike","floor":5.0},{"not_picked":["Juggernaut","Cleave","Iron Wave"],"picked":"SKIP","floor":7.0},{"not_picked":["ReplayTheSpireMod:Muscle Training","Twin Strike","infinitespire:OneForAll","Reckless Charge"],"picked":"SKIP","floor":10.0},{"not_picked":["Run Through","Rupture","Warcry"],"picked":"Replay:Undeath\u0027s Touch","floor":12.0},{"not_picked":["Twin Strike","Clothesline","Bloodletting"],"picked":"Inflame","floor":13.0},{"not_picked":["ReplayTheSpireMod:Strike From Hell","Whirlwind","Dark Embrace"],"picked":"True Grit","floor":14.0},{"not_picked":["Double Tap","Brutality","Berserk"],"picked":"Fiend Fire","floor":16.0},{"not_picked":["Cleave+1","Perfected Strike","Armaments+1"],"picked":"ReplayTheSpireMod:Strike From Hell","floor":18.0},{"not_picked":["Havoc+1","Clothesline","Sword Boomerang","Replay:Undeath\u0027s Touch"],"picked":"SKIP","floor":22.0},{"not_picked":["Headbutt","Clash","Demon Form"],"picked":"Evolve+1","floor":28},{"not_picked":["Flex","Evolve","Life Link+1"],"picked":"Ghostly Armor","floor":30},{"not_picked":["Demonic Infusion","Corruption","Demon Form"],"picked":"Offering","floor":33},{"not_picked":["Uppercut+1","Pommel Strike","Thunderclap+1","Flex+1"],"picked":"SKIP","floor":35},{"not_picked":["Perfected Strike","Run Through+1","Sentinel+1"],"picked":"Entrench+1","floor":36},{"not_picked":["Iron Wave+1","Pommel Strike+1","Clash"],"picked":"Reaper","floor":39},{"not_picked":["Sword Boomerang","Anger","Cleave+1"],"picked":"True Grit+1","floor":42},{"not_picked":["Anger","Twin Strike+1","Clothesline"],"picked":"ReplayReversal+1","floor":44}],"player_experience":194442,"relics_obtained":[{"floor":7.0,"key":"Question Card"},{"floor":9.0,"key":"infinitespire:FocusingShard"},{"floor":26.0,"key":"Mirror"},{"floor":28,"key":"King of Hearts"},{"floor":28,"key":"Red Skull"},{"floor":28,"key":"Replay:Baseball"},{"floor":39,"key":"Lizard Tail"},{"floor":42,"key":"The Courier"},{"floor":43,"key":"MawBank"},{"floor":47,"key":"CeramicFish"}],"event_choices":[{"cards_removed":["Fiend Fire"],"damage_healed":51,"gold_gain":0,"player_choice":"Offered Rare","damage_taken":0,"max_hp_gain":10,"max_hp_loss":0,"event_name":"Bonfire Elementals","floor":31,"gold_loss":0},{"damage_healed":0,"gold_gain":0,"player_choice":"Fight","damage_taken":0,"max_hp_gain":0,"max_hp_loss":0,"event_name":"MindBloom","floor":39,"gold_loss":0},{"damage_healed":0,"gold_gain":0,"player_choice":"Embrace Madness","damage_taken":11,"max_hp_gain":0,"max_hp_loss":0,"event_name":"Winding Halls","floor":46,"gold_loss":0,"cards_obtained":["Madness","Madness"]}],"is_beta":false,"boss_relics":[{"not_picked":["Ectoplasm","Tiny House"],"picked":"SlaversCollar"},{"not_picked":["Calling Bell","Astrolabe"],"picked":"Runic Pyramid"}],"items_purged_floors":[11,20,29,38,48],"is_endless":false,"potions_floor_spawned":[4,5,7,13,16,18,33,35,41,42],"ascension_level":9}}