{"host":"bq4pt811tk9yrmjl","time":1611762974,"event":{"mods":["AchievementEnabler","BaseMod","Colored Map","Colored Powertips","Defuse TimeMaze Blight","Hermit","Minty Spire (QoL Compilation)","StSLib","SuperFastMode"],"gold_per_floor":[109,119,119,130,130,130,148,97,123,123,148,161,174,29,29,134,134,145,145,162,162,178,178,93,113,184,184,184,199,215,215,215],"floor_reached":31,"language":"ENG","playtime":453,"items_purged":[],"score":251,"play_id":"9ebd664a-f34a-41fc-862c-095586ebc8c6","local_time":"20210127135614","is_ascension_mode":true,"campfire_choices":[{"data":"PathToVictory","floor":6,"key":"SMITH"},{"data":"Alpha","floor":15,"key":"SMITH"},{"floor":23,"key":"REST"},{"floor":27,"key":"REST"}],"circlet_count":0,"master_deck":["Strike_P","Strike_P","Strike_P","Strike_P","Defend_P","Defend_P","Defend_P","Defend_P","Eruption","Vigilance","PathToVictory+1","PathToVictory","PathToVictory","Alpha+1","Devotion"],"relics":["PureWater","NeowsBlessing","Smiling Mask","Lantern","Torii","Chemical X","Busted Crown","Enchiridion","Mummified Hand"],"acts_visited":["Exordium","TheCity"],"potions_floor_usage":[11,13,16,22,22,25],"damage_taken":[{"damage":0,"enemies":"Jaw Worm","floor":1,"turns":1},{"damage":0,"enemies":"Cultist","floor":2,"turns":1},{"damage":0,"enemies":"Small Slimes","floor":4,"turns":1},{"damage":0,"enemies":"Red Slaver","floor":7,"turns":4},{"damage":8,"enemies":"Gremlin Nob","floor":11,"turns":3},{"damage":2,"enemies":"3 Louse","floor":12,"turns":3},{"damage":0,"enemies":"Gremlin Gang","floor":13,"turns":4},{"damage":9,"enemies":"The Guardian","floor":16,"turns":5},{"damage":8,"enemies":"Shell Parasite","floor":18,"turns":4},{"damage":27,"enemies":"2 Thieves","floor":20,"turns":4},{"damage":14,"enemies":"Centurion and Healer","floor":22,"turns":5},{"damage":1,"enemies":"Snecko","floor":25,"turns":4},{"damage":22,"enemies":"Shelled Parasite and Fungi","floor":29,"turns":4},{"damage":13,"enemies":"3 Cultists","floor":30,"turns":3},{"damage":13,"enemies":"Centurion and Healer","floor":31,"turns":3}],"seed_played":"-4215672261494395799","potions_obtained":[{"floor":2,"key":"Weak Potion"},{"floor":4,"key":"DistilledChaos"},{"floor":11,"key":"GamblersBrew"},{"floor":13,"key":"Strength Potion"},{"floor":16,"key":"Ancient Potion"},{"floor":22,"key":"EssenceOfSteel"},{"floor":29,"key":"Strength Potion"}],"is_trial":false,"path_per_floor":["M","M","?","M","?","R","M","$","T","?","E","M","M","$","R","B",null,"M","?","M","$","M","R","?","M","T","R","?","M","M","M"],"character_chosen":"WATCHER","items_purchased":["BottledMiracle","Chemical X"],"campfire_rested":2,"item_purchase_floors":[8,14],"current_hp_per_floor":[72,72,72,72,65,65,65,65,65,65,57,55,55,55,55,46,72,64,48,21,21,7,28,28,27,27,48,48,26,13,0,0],"gold":215,"neow_bonus":"THREE_ENEMY_KILL","is_daily":false,"chose_seed":false,"campfire_upgraded":2,"win_rate":0.0,"timestamp":1611762974,"path_taken":["M","M","?","?","?","R","M","$","T","?","E","M","M","$","R","BOSS","M","?","M","$","M","R","?","M","T","R","?","M","?","M"],"items_purchased_type":["Potion","Relic"],"build_version":"2020-12-22","purchased_purges":0,"victory":false,"max_hp_per_floor":[72,72,72,72,72,72,72,72,72,72,72,72,72,72,72,72,72,72,72,72,72,72,72,72,72,72,72,72,72,72,72,72],"card_choices":[{"not_picked":["ThirdEye","CutThroughFate"],"picked":"Consecrate","floor":1},{"not_picked":["FlurryOfBlows","Weave"],"picked":"WreathOfFlame","floor":2},{"not_picked":["Vengeance","MentalFortress"],"picked":"PathToVictory","floor":4},{"not_picked":["Prostrate","CrushJoints"],"picked":"PathToVictory","floor":7},{"not_picked":["CutThroughFate","ThirdEye","EmptyBody"],"picked":"SKIP","floor":11},{"not_picked":["JustLucky","EmptyFist"],"picked":"PathToVictory","floor":12},{"not_picked":["CrushJoints","CarveReality"],"picked":"Alpha","floor":13},{"not_picked":["Scrawl","Establishment"],"picked":"Devotion","floor":16},{"not_picked":["ClearTheMind+1"],"picked":"SKIP","floor":18},{"not_picked":["ClearTheMind"],"picked":"SKIP","floor":20},{"not_picked":["ReachHeaven"],"picked":"SKIP","floor":22},{"not_picked":["Consecrate"],"picked":"SKIP","floor":25},{"not_picked":["MentalFortress"],"picked":"SKIP","floor":29},{"not_picked":["Crescendo"],"picked":"SKIP","floor":30}],"player_experience":271422,"relics_obtained":[{"floor":9,"key":"Lantern"},{"floor":11,"key":"Torii"},{"floor":19,"key":"Enchiridion"}],"event_choices":[{"cards_removed":["Consecrate"],"damage_healed":5,"gold_gain":0,"player_choice":"Offered Common","damage_taken":0,"max_hp_gain":0,"max_hp_loss":0,"event_name":"Bonfire Elementals","floor":3,"gold_loss":0},{"cards_removed":["Consecrate"],"damage_healed":5,"gold_gain":0,"player_choice":"Offered Special","damage_taken":0,"max_hp_gain":0,"max_hp_loss":0,"event_name":"Bonfire Elementals","floor":3,"gold_loss":0},{"damage_healed":0,"gold_gain":0,"player_choice":"Success","damage_taken":7,"relics_obtained":["Smiling Mask"],"max_hp_gain":0,"max_hp_loss":0,"event_name":"Scrap Ooze","floor":5,"gold_loss":0},{"cards_removed":["WreathOfFlame"],"damage_healed":0,"gold_gain":0,"player_choice":"Card Removal","damage_taken":0,"max_hp_gain":0,"max_hp_loss":0,"event_name":"Wheel of Change","floor":10,"gold_loss":0},{"damage_healed":0,"gold_gain":0,"player_choice":"Obtained Book","damage_taken":16,"max_hp_gain":0,"max_hp_loss":0,"event_name":"Cursed Tome","floor":19,"gold_loss":0},{"damage_healed":0,"gold_gain":0,"player_choice":"Obtained Relic","damage_taken":0,"relics_obtained":["Mummified Hand"],"max_hp_gain":0,"max_hp_loss":0,"event_name":"Addict","floor":24,"gold_loss":85},{"damage_healed":0,"gold_gain":0,"player_choice":"Ignored","damage_taken":0,"max_hp_gain":0,"max_hp_loss":0,"event_name":"NoteForYourself","floor":28,"gold_loss":0}],"is_beta":false,"boss_relics":[{"not_picked":["SacredBark","Pandora\u0027s Box"],"picked":"Busted Crown"}],"items_purged_floors":[],"is_endless":false,"potions_floor_spawned":[2,4,11,13,16,18,22,29],"killed_by":"Centurion and Healer","ascension_level":1}}