{"host":"vfg9szunmpjwj08o","time":1611791398,"event":{"mods":["Act Like it!","BaseMod","Challenge The Spire","Colored Map","Colored Powertips","Conspire","Dark Map","Minty Spire (QoL Compilation)","Relic Stats","StSLib","Waifu the Spire"],"gold_per_floor":[111,111,111,131,131,166,166,200,200,200,200,213,229,3,3,134,134,158,171,86,86,101,101,101,101],"floor_reached":24,"language":"ENG","playtime":922,"items_purged":["conspire:Blindness"],"score":371,"play_id":"da1c98a4-5b38-4673-addd-417f52b4b86e","local_time":"20210128004958","is_ascension_mode":true,"campfire_choices":[{"data":"Eruption","floor":7.0,"key":"SMITH"},{"data":"TalkToTheHand","floor":10.0,"key":"SMITH"},{"data":"Ragnarok","floor":15.0,"key":"SMITH"},{"floor":23,"key":"REST"}],"circlet_count":0,"master_deck":["conspire:GhostlyStrike","conspire:GhostlyStrike","conspire:GhostlyStrike","conspire:GhostlyStrike","conspire:GhostlyDefend","conspire:GhostlyDefend","conspire:GhostlyDefend","conspire:GhostlyDefend","Eruption+1","Vigilance","CutThroughFate","ThirdEye","TalkToTheHand+1","Prostrate","Weave","EmptyBody","Ragnarok+1","DevaForm","Meditate","Adaptation","MentalFortress","JustLucky"],"relics":["PureWater","NeowsBlessing","Golden Idol","Akabeko","Ginger","Runic Pyramid"],"acts_visited":["Exordium","TheCity"],"potions_floor_usage":[24],"damage_taken":[{"damage":0.0,"enemies":"2 Louse","floor":1.0,"turns":1.0},{"damage":0.0,"enemies":"Cultist","floor":4.0,"turns":1.0},{"damage":0.0,"enemies":"Gremlin Nob","floor":6.0,"turns":1.0},{"damage":14.0,"enemies":"Lagavulin","floor":8.0,"turns":4.0},{"damage":0.0,"enemies":"Small Slimes","floor":12.0,"turns":2.0},{"damage":0.0,"enemies":"2 Fungi Beasts","floor":13.0,"turns":2.0},{"damage":2.0,"enemies":"Slime Boss","floor":16.0,"turns":5.0},{"damage":17.0,"enemies":"conspire:FuzzyDice","floor":18.0,"turns":5.0},{"damage":19.0,"enemies":"2 Thieves","floor":19.0,"turns":3.0},{"damage":22,"enemies":"Shelled Parasite and Fungi","floor":22,"turns":5},{"damage":32,"enemies":"Gremlin Leader","floor":24,"turns":4}],"seed_played":"-699101560757795706","potions_obtained":[{"floor":3.0,"key":"LiquidMemories"},{"floor":3.0,"key":"LiquidBronze"},{"floor":3.0,"key":"LiquidBronze"},{"floor":12.0,"key":"Explosive Potion"}],"is_trial":false,"path_per_floor":["M","?","?","M","?","E","R","E","T","R","?","M","M","$","R","B",null,"M","M","$","?","M","R","E"],"character_chosen":"WATCHER","items_purchased":["Ragnarok","MentalFortress","JustLucky"],"campfire_rested":1,"item_purchase_floors":[14,20,20],"current_hp_per_floor":[65,65,65,65,47,47,47,33,33,33,33,33,33,33,33,31,62,45,26,26,26,4,25,0,0],"gold":101,"neow_bonus":"THREE_ENEMY_KILL","is_daily":false,"chose_seed":false,"campfire_upgraded":3,"win_rate":0.0,"timestamp":1611791398,"path_taken":["M","?","?","?","?","E","R","E","T","R","?","?","M","$","R","BOSS","M","?","$","?","M","R","E"],"items_purchased_type":["Card","Card","Card"],"build_version":"2020-12-22","purchased_purges":1,"victory":false,"max_hp_per_floor":[72,72,72,72,72,72,72,72,72,72,72,72,72,72,72,72,72,72,72,72,72,72,72,72,72],"relic_stats":{"counters":[11,33],"Golden Idol":57,"Ginger":[0],"obtain_stats":[{"NeowsBlessing":0,"Golden Idol":5,"Ginger":8,"PureWater":0,"Akabeko":6,"Runic Pyramid":17},{"NeowsBlessing":0,"Golden Idol":2,"Ginger":4,"PureWater":0,"Akabeko":3,"Runic Pyramid":7},{"NeowsBlessing":0,"Golden Idol":2,"Ginger":7,"PureWater":0,"Akabeko":3,"Runic Pyramid":16}]},"card_choices":[{"not_picked":["Halt","Crescendo"],"picked":"CutThroughFate","floor":1.0},{"not_picked":["Protect","CarveReality"],"picked":"ThirdEye","floor":4.0},{"not_picked":["Crescendo","JustLucky"],"picked":"TalkToTheHand","floor":6.0},{"not_picked":["ClearTheMind","SashWhip"],"picked":"Prostrate","floor":8.0},{"not_picked":["ForeignInfluence","Prostrate"],"picked":"Weave","floor":12.0},{"not_picked":["Protect","DeceiveReality"],"picked":"EmptyBody","floor":13.0},{"not_picked":["Scrawl","Judgement"],"picked":"DevaForm","floor":16.0},{"not_picked":["PathToVictory","FlurryOfBlows"],"picked":"Meditate","floor":18.0},{"not_picked":["Consecrate+1","Perseverance"],"picked":"Adaptation","floor":19.0},{"not_picked":["Weave","FlyingSleeves","Meditate"],"picked":"SKIP","floor":22}],"player_experience":1084568,"relics_obtained":[{"floor":6.0,"key":"Akabeko"},{"floor":8.0,"key":"Ginger"}],"event_choices":[{"damage_healed":0.0,"max_hp_gain":0.0,"max_hp_loss":0.0,"gold_gain":0.0,"event_name":"conspire:LoneGhost","player_choice":"Agree","floor":2.0,"gold_loss":0.0,"damage_taken":0.0},{"damage_healed":0.0,"max_hp_gain":0.0,"max_hp_loss":0.0,"gold_gain":0.0,"event_name":"Lab","player_choice":"Got Potions","floor":3.0,"gold_loss":0.0,"damage_taken":0.0},{"damage_healed":0.0,"max_hp_gain":0.0,"max_hp_loss":0.0,"gold_gain":0.0,"event_name":"Golden Idol","player_choice":"Take Damage","floor":5.0,"gold_loss":0.0,"damage_taken":18.0,"relics_obtained":["Golden Idol"]},{"damage_healed":0.0,"max_hp_gain":0.0,"max_hp_loss":0.0,"gold_gain":0.0,"event_name":"Match and Keep!","player_choice":"1 cards matched","floor":11.0,"gold_loss":0.0,"damage_taken":0.0,"cards_obtained":["conspire:Blindness"]},{"damage_healed":0,"gold_gain":0,"player_choice":"Ignored","damage_taken":0,"max_hp_gain":0,"max_hp_loss":0,"event_name":"Cursed Tome","floor":21,"gold_loss":0}],"is_beta":false,"boss_relics":[{"not_picked":["Runic Dome","VioletLotus"],"picked":"Runic Pyramid"}],"items_purged_floors":[14],"is_endless":false,"potions_floor_spawned":[6,12],"killed_by":"Gremlin Leader","ascension_level":8}}