{"host":"pe7ycb8t2t906so2","time":1611790074,"event":{"mods":["BaseMod","Colored Map","Highlight Path","Minty Spire (QoL Compilation)"],"gold_per_floor":[114,39,52,52,52,52,69,69,69,69,98,114,126,136,136,210,210,222,239,139,64,8,8,8],"floor_reached":23,"language":"FRA","playtime":1231,"items_purged":["Strike_P","Strike_P"],"score":353,"play_id":"dea2e719-ebfe-4d00-89e8-5af64b55e147","local_time":"20210127182754","is_ascension_mode":true,"campfire_choices":[{"data":"Eruption","floor":6,"key":"SMITH"},{"data":"WindmillStrike","floor":8,"key":"SMITH"},{"data":"Evaluate","floor":10,"key":"SMITH"},{"floor":15,"key":"REST"}],"circlet_count":0,"master_deck":["AscendersBane","Strike_P","Defend_P","Defend_P+1","Eruption+1","Vigilance+1","Evaluate+1","WindmillStrike+1","FearNoEvil","Scrawl","Wallop","Adaptation","MasterReality","CutThroughFate","Protect+1","FollowUp"],"relics":["PureWater","War Paint","Turnip","Art of War","Sozu"],"acts_visited":["Exordium","TheCity"],"potions_floor_usage":[11,16,16],"damage_taken":[{"damage":0,"enemies":"Jaw Worm","floor":1,"turns":3},{"damage":1,"enemies":"Small Slimes","floor":3,"turns":6},{"damage":0,"enemies":"Cultist","floor":7,"turns":3},{"damage":25,"enemies":"Gremlin Nob","floor":11,"turns":4},{"damage":0,"enemies":"Large Slime","floor":12,"turns":3},{"damage":0,"enemies":"Looter","floor":13,"turns":2},{"damage":2,"enemies":"Gremlin Gang","floor":14,"turns":3},{"damage":8,"enemies":"Slime Boss","floor":16,"turns":7},{"damage":5,"enemies":"2 Thieves","floor":18,"turns":3},{"damage":11,"enemies":"Chosen","floor":19,"turns":5},{"damage":35,"enemies":"Slavers","floor":23,"turns":3}],"seed_played":"-7030445264838365808","potions_obtained":[{"floor":3,"key":"AttackPotion"},{"floor":11,"key":"Swift Potion"},{"floor":12,"key":"DistilledChaos"}],"is_trial":false,"path_per_floor":["M","$","M","?","?","R","M","R","T","R","E","M","M","M","R","B",null,"M","M","$","?","$","E"],"character_chosen":"WATCHER","items_purchased":["FollowUp"],"campfire_rested":1,"item_purchase_floors":[22],"current_hp_per_floor":[61,61,60,53,53,53,53,53,53,53,28,28,28,26,46,38,61,56,45,45,45,45,10,10],"gold":8,"neow_bonus":"RANDOM_COMMON_RELIC","is_daily":false,"chose_seed":false,"campfire_upgraded":3,"win_rate":0.0,"timestamp":1611790074,"path_taken":["M","$","M","?","?","R","M","R","T","R","E","M","M","M","R","BOSS","M","?","$","?","$","E"],"items_purchased_type":["Card"],"build_version":"2020-12-22","purchased_purges":2,"victory":false,"max_hp_per_floor":[68,68,68,68,68,68,68,68,68,68,68,68,68,68,68,68,68,68,68,68,68,68,68,68],"card_choices":[{"not_picked":["ThirdEye","EmptyBody"],"picked":"Evaluate","floor":1},{"not_picked":["Swivel","CarveReality"],"picked":"WindmillStrike","floor":3},{"not_picked":["BowlingBash","FollowUp"],"picked":"FearNoEvil","floor":7},{"not_picked":["FearNoEvil","Protect"],"picked":"Scrawl","floor":11},{"not_picked":["WaveOfTheHand","Collect","ClearTheMind"],"picked":"SKIP","floor":12},{"not_picked":["EmptyBody","ForeignInfluence"],"picked":"Wallop","floor":13},{"not_picked":["Crescendo","Halt"],"picked":"Adaptation","floor":14},{"not_picked":["SpiritShield","Omniscience"],"picked":"MasterReality","floor":16},{"not_picked":["Conclude","EmptyMind"],"picked":"CutThroughFate","floor":18},{"not_picked":["Meditate","CrushJoints"],"picked":"Protect+1","floor":19}],"player_experience":958090,"relics_obtained":[{"floor":9,"key":"Turnip"},{"floor":11,"key":"Art of War"}],"event_choices":[{"cards_removed":["Defend_P"],"damage_healed":0,"gold_gain":0,"player_choice":"Card Removal","damage_taken":7,"max_hp_gain":0,"max_hp_loss":0,"event_name":"Golden Wing","floor":4,"gold_loss":0},{"cards_removed":["Strike_P"],"damage_healed":0,"gold_gain":0,"player_choice":"Offered Basic","damage_taken":0,"max_hp_gain":0,"max_hp_loss":0,"event_name":"Bonfire Elementals","floor":5,"gold_loss":0},{"cards_removed":["Defend_P"],"damage_healed":0,"gold_gain":0,"player_choice":"Gave Gold","damage_taken":0,"max_hp_gain":0,"max_hp_loss":0,"event_name":"Beggar","floor":21,"gold_loss":75}],"is_beta":false,"boss_relics":[{"not_picked":["Calling Bell","Coffee Dripper"],"picked":"Sozu"}],"items_purged_floors":[2,20],"is_endless":false,"potions_floor_spawned":[3,11,12,13,14,19],"killed_by":"Slavers","ascension_level":17}}