{"host":"pgxgichrafn85q5c","time":1611750942,"event":{"mods":["BaseMod","Colored Powertips","Highlight Path","Minty Spire (QoL Compilation)","StSLib"],"gold_per_floor":[117,18,35,45,45,62,62,72,99,62,93,93,106,126,126,229,229,249,249,164,175,185,185,135,135,135,160,14,34,47,47,47],"floor_reached":31,"language":"ZHS","playtime":2064,"items_purged":["Defend_R","Strike_R"],"score":369,"play_id":"571de0fe-4c3a-4a67-95e8-15fe75cd547b","local_time":"20210127203542","is_ascension_mode":true,"campfire_choices":[{"data":"Dark Embrace","floor":7.0,"key":"SMITH"},{"data":"True Grit","floor":12.0,"key":"SMITH"},{"data":"Flame Barrier","floor":15.0,"key":"SMITH"},{"floor":23.0,"key":"REST"}],"circlet_count":0,"master_deck":["Strike_R+1","Strike_R","Strike_R","Strike_R+1","Defend_R","Defend_R","Defend_R","Bash","Dark Embrace+1","True Grit+1","Shrug It Off","Burning Pact","Power Through","Whirlwind","Flame Barrier+1","Inflame","Warcry","RitualDagger","Clothesline"],"relics":["Busted Crown","Ancient Tea Set","Smiling Mask","Sozu","Red Skull","Toxic Egg 2","Ice Cream","Gremlin Horn","Blood Vial"],"acts_visited":["Exordium","TheCity"],"potions_floor_usage":[],"damage_taken":[{"damage":1.0,"enemies":"Cultist","floor":1.0,"turns":4.0},{"damage":0.0,"enemies":"Jaw Worm","floor":3.0,"turns":3.0},{"damage":0.0,"enemies":"2 Louse","floor":4.0,"turns":4.0},{"damage":5.0,"enemies":"Gremlin Gang","floor":6.0,"turns":6.0},{"damage":4.0,"enemies":"2 Fungi Beasts","floor":8.0,"turns":4.0},{"damage":0.0,"enemies":"Lagavulin","floor":11.0,"turns":5.0},{"damage":0.0,"enemies":"Looter","floor":13.0,"turns":3.0},{"damage":0.0,"enemies":"3 Louse","floor":14.0,"turns":1.0},{"damage":9.0,"enemies":"Slime Boss","floor":16.0,"turns":7.0},{"damage":10.0,"enemies":"Shell Parasite","floor":18.0,"turns":6.0},{"damage":23.0,"enemies":"Chosen","floor":21.0,"turns":6.0},{"damage":16.0,"enemies":"Shelled Parasite and Fungi","floor":22.0,"turns":5.0},{"damage":26.0,"enemies":"Book of Stabbing","floor":27.0,"turns":5.0},{"damage":2.0,"enemies":"3 Cultists","floor":29.0,"turns":3.0},{"damage":12.0,"enemies":"Snake Plant","floor":30.0,"turns":4.0},{"damage":1,"enemies":"Slavers","floor":31,"turns":2}],"seed_played":"1446267724371072423","potions_obtained":[{"floor":1.0,"key":"GamblersBrew"},{"floor":4.0,"key":"Fire Potion"},{"floor":8.0,"key":"PowerPotion"},{"floor":16.0,"key":"ColorlessPotion"}],"is_trial":false,"path_per_floor":["M","$","M","M","?","M","R","M","T","$","E","R","M","M","R","B",null,"M","?","?","M","M","R","$","T","T","E","$","M","M","E"],"character_chosen":"IRONCLAD","items_purchased":["True Grit","Whirlwind","Blood Vial"],"campfire_rested":1,"item_purchase_floors":[2,10,28],"current_hp_per_floor":[71,71,71,71,55,50,50,46,46,46,46,46,46,46,46,37,69,59,53,53,30,14,38,38,38,38,12,12,12,2,3,3],"gold":47,"neow_bonus":"BOSS_RELIC","is_daily":false,"chose_seed":false,"campfire_upgraded":3,"win_rate":0.0,"timestamp":1611750942,"path_taken":["M","$","M","M","?","M","R","M","T","$","E","R","M","M","R","BOSS","M","?","?","M","?","R","$","?","T","E","$","M","M","E"],"items_purchased_type":["Card","Card","Relic"],"build_version":"2020-12-22","purchased_purges":2,"victory":false,"max_hp_per_floor":[80,80,80,80,80,80,80,80,80,80,80,80,80,80,80,80,80,80,80,80,80,80,80,80,80,80,80,80,80,80,80,80],"card_choices":[{"not_picked":[],"picked":"Dark Embrace","floor":1.0},{"not_picked":[],"picked":"Shrug It Off","floor":3.0},{"not_picked":["Heavy Blade"],"picked":"SKIP","floor":4.0},{"not_picked":[],"picked":"Burning Pact","floor":6.0},{"not_picked":[],"picked":"Power Through","floor":8.0},{"not_picked":[],"picked":"Flame Barrier","floor":11.0},{"not_picked":["Dark Embrace"],"picked":"SKIP","floor":13.0},{"not_picked":[],"picked":"Inflame","floor":14.0},{"not_picked":[],"picked":"Warcry","floor":18.0},{"not_picked":["Cleave"],"picked":"SKIP","floor":21.0},{"not_picked":[],"picked":"Clothesline","floor":22.0},{"not_picked":["Cleave"],"picked":"SKIP","floor":27.0},{"not_picked":["Inflame+1"],"picked":"SKIP","floor":29.0},{"not_picked":["Headbutt"],"picked":"SKIP","floor":30.0}],"player_experience":119864,"relics_obtained":[{"floor":9.0,"key":"Ancient Tea Set"},{"floor":11.0,"key":"Smiling Mask"},{"floor":25.0,"key":"Toxic Egg 2"},{"floor":26.0,"key":"Ice Cream"},{"floor":27.0,"key":"Gremlin Horn"}],"event_choices":[{"damage_healed":0.0,"max_hp_gain":0.0,"max_hp_loss":0.0,"gold_gain":0.0,"event_name":"Shining Light","player_choice":"Entered Light","floor":5.0,"gold_loss":0.0,"damage_taken":16.0,"cards_upgraded":["Strike_R","Strike_R"]},{"damage_healed":0.0,"max_hp_gain":0.0,"max_hp_loss":0.0,"gold_gain":0.0,"event_name":"Nest","player_choice":"Joined the Cult","floor":19.0,"gold_loss":0.0,"damage_taken":6.0,"cards_obtained":["RitualDagger"]},{"damage_healed":0.0,"max_hp_gain":0.0,"max_hp_loss":0.0,"gold_gain":0.0,"event_name":"Addict","player_choice":"Obtained Relic","floor":20.0,"gold_loss":85.0,"damage_taken":0.0,"relics_obtained":["Red Skull"]}],"is_beta":false,"boss_relics":[{"not_picked":["Cursed Key","Fusion Hammer"],"picked":"Sozu"}],"items_purged_floors":[2,24],"is_endless":false,"potions_floor_spawned":[1,4,8,16,18,22,29],"killed_by":"Slavers","ascension_level":6}}