{"host":"zhec3g4cvsmevugl","time":1611766863,"event":{"mods":["BaseMod","BetterRewards","Minty Spire (QoL Compilation)","Relic Stats","Slay-I","StSLib"],"gold_per_floor":[114,132,149,162,178,178,212,212,212,212,212,227,227,77,77,176,176,190,210,13,25,37,37,48,63,144,160,184,212,29,29,29],"floor_reached":31,"language":"ENG","playtime":1437,"items_purged":[],"score":327,"play_id":"b19326c1-83b9-4866-b2a2-a89253ed9df3","local_time":"20210128010103","is_ascension_mode":true,"campfire_choices":[{"floor":6,"key":"REST"},{"floor":8,"key":"REST"},{"floor":13,"key":"REST"},{"floor":15,"key":"REST"},{"floor":23,"key":"REST"}],"circlet_count":0,"master_deck":["Strike_B+1","Strike_B+1","Strike_B","Strike_B","Defend_B","Defend_B","Defend_B","Defend_B","Zap","Metamorphosis+1","Lockon","Steam","Ball Lightning","Static Discharge","Aggregate","Conserve Battery","Tempest","Defragment","Feed","Madness","Outmaneuver+1","Steam","Armaments+1","Mind Blast+1","Conserve Battery+1","Echo Form","Venomology","Mayhem"],"relics":["Cracked Core","Sling","Omamori","Symbiotic Virus","Medical Kit","Matryoshka","Whetstone","Bag of Preparation","PrismaticShard","Inserter","Lee\u0027s Waffle","Shuriken","Gremlin Horn","Lantern","Oddly Smooth Stone"],"acts_visited":["Exordium","TheCity"],"potions_floor_usage":[27,27],"damage_taken":[{"damage":0,"enemies":"Small Slimes","floor":1,"turns":3},{"damage":1,"enemies":"2 Louse","floor":2,"turns":2},{"damage":0,"enemies":"Cultist","floor":3,"turns":3},{"damage":28,"enemies":"Gremlin Gang","floor":4,"turns":3},{"damage":4,"enemies":"Exordium Thugs","floor":5,"turns":4},{"damage":18,"enemies":"3 Sentries","floor":7,"turns":3},{"damage":17,"enemies":"Exordium Wildlife","floor":12,"turns":3},{"damage":0,"enemies":"Slime Boss","floor":16,"turns":5},{"damage":8,"enemies":"3 Byrds","floor":18,"turns":2},{"damage":17,"enemies":"2 Thieves","floor":19,"turns":4},{"damage":29,"enemies":"Sentry and Sphere","floor":21,"turns":4},{"damage":13,"enemies":"Snecko","floor":22,"turns":4},{"damage":22,"enemies":"Centurion and Healer","floor":24,"turns":7},{"damage":16,"enemies":"3 Cultists","floor":25,"turns":4},{"damage":0,"enemies":"Chosen and Byrds","floor":27,"turns":4},{"damage":19,"enemies":"Book of Stabbing","floor":29,"turns":3},{"damage":7,"enemies":"Snecko","floor":31,"turns":3}],"seed_played":"8128842972951449330","potions_obtained":[{"floor":4,"key":"SteroidPotion"},{"floor":5,"key":"SneckoOil"},{"floor":12,"key":"FearPotion"},{"floor":21,"key":"Strength Potion"},{"floor":25,"key":"Explosive Potion"}],"is_trial":false,"path_per_floor":["M","M","M","M","M","R","E","R","T","?","?","M","R","$","R","B",null,"M","M","$","M","M","R","M","M","T","M","T","E","$","M"],"character_chosen":"DEFECT","items_purchased":["Sling","Omamori","Metamorphosis","Symbiotic Virus","Medical Kit","PrismaticShard","Lee\u0027s Waffle","Steam","Mayhem"],"campfire_rested":5,"item_purchase_floors":[0,0,0,0,0,14,20,20,30],"current_hp_per_floor":[40,39,39,11,7,29,11,33,33,33,33,16,38,38,60,60,75,67,50,82,53,40,64,42,26,26,26,26,7,7,0,0],"gold":29,"neow_bonus":"","is_daily":false,"chose_seed":false,"campfire_upgraded":0,"win_rate":0.0,"timestamp":1611766863,"path_taken":["M","M","M","M","M","R","E","R","T","?","?","M","R","$","R","BOSS","M","M","?","?","M","R","M","M","T","?","?","E","?","M"],"items_purchased_type":["Relic","Relic","Card","Relic","Relic","Relic","Relic","Card","Card"],"build_version":"2020-12-22","purchased_purges":0,"victory":false,"max_hp_per_floor":[75,75,75,75,75,75,75,75,75,75,75,75,75,75,75,75,75,75,75,82,82,82,82,82,82,82,82,82,82,82,82,82],"relic_stats":{"Lee\u0027s Waffle":32,"Inserter":[17],"Gremlin Horn":[1,1],"counters":[17,61],"Shuriken":[1],"Bag of Preparation":[22],"Whetstone":["Strike_B","Strike_B"],"Medical Kit":[0],"obtain_stats":[{"Lee\u0027s Waffle":20,"Lantern":28,"Inserter":17,"Gremlin Horn":26,"Oddly Smooth Stone":29,"Omamori":0,"Bag of Preparation":9,"Whetstone":9,"Sling":0,"Medical Kit":0,"PrismaticShard":14,"Matryoshka":7,"Shuriken":26,"Cracked Core":0,"Symbiotic Virus":0},{"Lee\u0027s Waffle":10,"Lantern":15,"Inserter":8,"Gremlin Horn":14,"Oddly Smooth Stone":16,"Omamori":0,"Bag of Preparation":6,"Whetstone":6,"Sling":0,"Medical Kit":0,"PrismaticShard":7,"Matryoshka":6,"Shuriken":14,"Cracked Core":0,"Symbiotic Virus":0},{"Lee\u0027s Waffle":32,"Lantern":55,"Inserter":26,"Gremlin Horn":51,"Oddly Smooth Stone":58,"Omamori":0,"Bag of Preparation":18,"Whetstone":18,"Sling":0,"Medical Kit":0,"PrismaticShard":21,"Matryoshka":18,"Shuriken":51,"Cracked Core":0,"Symbiotic Virus":0}]},"card_choices":[{"not_picked":["Gash","Coolheaded"],"picked":"Lockon","floor":1},{"not_picked":["Gash","Compile Driver"],"picked":"Steam","floor":2},{"not_picked":["Leap","Darkness"],"picked":"Ball Lightning","floor":3},{"not_picked":["Leap","Fusion"],"picked":"Static Discharge","floor":4},{"not_picked":["Glacier","Conserve Battery"],"picked":"Aggregate","floor":5},{"not_picked":["Compile Driver","Turbo"],"picked":"Conserve Battery","floor":7},{"not_picked":["Sweeping Beam","Beam Cell"],"picked":"Defragment","floor":12},{"not_picked":["Alpha","Meteor Strike"],"picked":"Feed","floor":16},{"not_picked":["Clash","Cloak And Dagger"],"picked":"Madness","floor":18},{"not_picked":["EmptyFist","Backflip+1"],"picked":"Outmaneuver+1","floor":19},{"not_picked":["Dagger Throw","Slice"],"picked":"Armaments+1","floor":21},{"not_picked":["Thunderclap","Go for the Eyes"],"picked":"Mind Blast+1","floor":22},{"not_picked":["ForeignInfluence","Dodge and Roll"],"picked":"Conserve Battery+1","floor":24},{"not_picked":["Chill","Double Energy"],"picked":"Echo Form","floor":25},{"not_picked":["Havoc+1","Clothesline","InnerPeace"],"picked":"SKIP","floor":27},{"not_picked":["Scrape","Cloak And Dagger"],"picked":"Venomology","floor":29}],"player_experience":237509,"relics_obtained":[{"floor":7,"key":"Matryoshka"},{"floor":9,"key":"Whetstone"},{"floor":9,"key":"Bag of Preparation"},{"floor":26,"key":"Shuriken"},{"floor":26,"key":"Gremlin Horn"},{"floor":28,"key":"Lantern"},{"floor":29,"key":"Oddly Smooth Stone"}],"event_choices":[{"damage_healed":0,"gold_gain":0,"player_choice":"Grow","damage_taken":0,"max_hp_gain":0,"max_hp_loss":0,"event_name":"Living Wall","floor":10,"gold_loss":0,"cards_upgraded":["Metamorphosis"]},{"damage_healed":0,"gold_gain":0,"cards_transformed":["Dualcast"],"player_choice":"Transformed","damage_taken":0,"max_hp_gain":0,"max_hp_loss":0,"event_name":"Transmorgrifier","floor":11,"gold_loss":0,"cards_obtained":["Tempest"]}],"is_beta":false,"boss_relics":[{"not_picked":["Velvet Choker","Runic Dome"],"picked":"Inserter"}],"items_purged_floors":[],"is_endless":false,"potions_floor_spawned":[4,5,12,21,25],"killed_by":"Snecko","ascension_level":1}}