{"host":"6a9c3xws62y7efyw","time":1611730743,"event":{"mods":["BaseMod","Colored Map","Minty Spire (QoL Compilation)","Relic Stats","StSLib"],"gold_per_floor":[110,110,71,71,71,71,101,101,125,141,156,174,200,200,200,276,276,276,276,276,276,276,276,276,276,276,6,6,6,6,6,6,6,6,6,6,6,6,6,6,6,6,6,6,0,0,0,0,0,0,0,0],"floor_reached":51,"language":"ENG","playtime":2980,"items_purged":[],"score":1687,"play_id":"65c5d3dc-4c8e-4c65-a8e2-1291aafc84b7","local_time":"20210126225903","is_ascension_mode":true,"campfire_choices":[{"data":"Neutralize","floor":6.0,"key":"SMITH"},{"data":"Skewer","floor":8.0,"key":"SMITH"},{"data":"A Thousand Cuts","floor":15.0,"key":"SMITH"},{"floor":24.0,"key":"REST"},{"floor":29,"key":"REST"},{"floor":32,"key":"REST"},{"floor":40,"key":"REST"},{"floor":42,"key":"REST"},{"floor":44,"key":"RECALL"},{"floor":49,"key":"REST"}],"circlet_count":0,"master_deck":["AscendersBane","Strike_G","Strike_G","Strike_G","Strike_G","Strike_G","Defend_G+1","Defend_G+1","Defend_G","Defend_G","Defend_G","Survivor","Neutralize+1","Well Laid Plans+1","Skewer+1","Flying Knee","Noxious Fumes","Blade Dance+1","A Thousand Cuts+1","Envenom+1","Acrobatics+1","Leg Sweep+1","Backflip+1","Blade Dance+1","Wraith Form v2+1","Calculated Gamble+1","Deep Breath+1","PanicButton+1","Dark Shackles+1","Backflip+1","Noxious Fumes+1","Cloak And Dagger+1","Envenom+1","Acrobatics+1","Blade Dance+1"],"relics":["Ring of the Snake","NeowsBlessing","Vajra","Gremlin Horn","Toxic Egg 2","Juzu Bracelet","Bottled Tornado","Ectoplasm","White Beast Statue","Blue Candle","Frozen Egg 2","Singing Bowl","War Paint","Fusion Hammer","Ancient Tea Set","Red Mask","Bag of Preparation","MawBank"],"acts_visited":["Exordium","TheCity","TheBeyond"],"potions_floor_usage":[28,28,33,41,46,46,51],"damage_taken":[{"damage":0.0,"enemies":"Jaw Worm","floor":1.0,"turns":1.0},{"damage":0.0,"enemies":"Gremlin Nob","floor":7.0,"turns":1.0},{"damage":0.0,"enemies":"Cultist","floor":10.0,"turns":1.0},{"damage":0.0,"enemies":"Small Slimes","floor":11.0,"turns":3.0},{"damage":9.0,"enemies":"Looter","floor":12.0,"turns":3.0},{"damage":10.0,"enemies":"Lagavulin","floor":13.0,"turns":5.0},{"damage":15.0,"enemies":"Slime Boss","floor":16.0,"turns":9.0},{"damage":24.0,"enemies":"Shell Parasite","floor":18.0,"turns":5.0},{"damage":0.0,"enemies":"Chosen","floor":20.0,"turns":3.0},{"damage":37.0,"enemies":"Slavers","floor":23.0,"turns":5.0},{"damage":3.0,"enemies":"Centurion and Healer","floor":25.0,"turns":6.0},{"damage":22,"enemies":"Book of Stabbing","floor":28,"turns":5},{"damage":9,"enemies":"Chosen and Byrds","floor":30,"turns":6},{"damage":4,"enemies":"Snecko","floor":31,"turns":5},{"damage":0,"enemies":"Collector","floor":33,"turns":8},{"damage":15,"enemies":"3 Darklings","floor":35,"turns":5},{"damage":0,"enemies":"3 Shapes","floor":37,"turns":3},{"damage":7,"enemies":"Maw","floor":38,"turns":8},{"damage":3,"enemies":"3 Darklings","floor":39,"turns":5},{"damage":13,"enemies":"Nemesis","floor":41,"turns":9},{"damage":0,"enemies":"Reptomancer","floor":46,"turns":4},{"damage":2,"enemies":"Nemesis","floor":48,"turns":7},{"damage":42,"enemies":"Awakened One","floor":50,"turns":13},{"damage":36,"enemies":"Time Eater","floor":51,"turns":8}],"seed_played":"-9001237508716461043","potions_obtained":[{"floor":11.0,"key":"PowerPotion"},{"floor":12.0,"key":"Energy Potion"},{"floor":13.0,"key":"SpeedPotion"},{"floor":23.0,"key":"Fruit Juice"},{"floor":25.0,"key":"AttackPotion"},{"floor":28,"key":"Strength Potion"},{"floor":30,"key":"CunningPotion"},{"floor":31,"key":"CultistPotion"},{"floor":33,"key":"SneckoOil"},{"floor":35,"key":"SkillPotion"},{"floor":41,"key":"Swift Potion"},{"floor":46,"key":"FearPotion"},{"floor":48,"key":"CultistPotion"}],"is_trial":false,"path_per_floor":["M","?","$","T","?","R","E","R","T","M","M","M","E","?","R","B",null,"M","?","M","?","T","E","R","M","T","$","E","R","M","M","R","B",null,"M","?","M","M","M","R","E","R","T","R","?","E","?","E","R","B","B"],"character_chosen":"THE_SILENT","items_purchased":["Well Laid Plans","Singing Bowl"],"campfire_rested":6,"item_purchase_floors":[3,27],"current_hp_per_floor":[59,59,59,59,64,64,64,64,64,64,64,55,45,71,71,56,67,43,43,43,39,39,2,29,26,26,26,4,26,19,15,38,38,68,53,43,43,36,33,56,43,66,66,66,66,66,66,64,78,36,0,0],"gold":0,"neow_bonus":"THREE_ENEMY_KILL","is_daily":false,"chose_seed":false,"campfire_upgraded":3,"win_rate":0.0,"timestamp":1611730743,"path_taken":["M","?","$","?","?","R","E","R","T","M","M","M","E","?","R","BOSS","M","?","M","?","?","E","R","M","T","$","E","R","M","M","R","BOSS","M","?","M","M","M","R","E","R","T","R","?","E","?","E","R","BOSS","BOSS"],"items_purchased_type":["Card","Relic"],"build_version":"2020-12-22","purchased_purges":0,"victory":false,"max_hp_per_floor":[66,66,66,66,71,71,71,71,71,71,71,71,71,71,71,71,71,71,71,71,71,71,71,76,76,76,76,76,76,78,78,78,78,78,78,78,78,78,78,78,78,78,78,78,78,78,78,78,78,78,78,78],"relic_stats":{"Gremlin Horn":[30,30],"Singing Bowl":2,"counters":[24,128],"Blue Candle":[0],"Ectoplasm":395,"Juzu Bracelet":1,"Bag of Preparation":[6],"War Paint":["Defend_G","Defend_G"],"MawBank":0,"obtain_stats":[{"NeowsBlessing":0,"Gremlin Horn":4,"Singing Bowl":27,"Blue Candle":23,"Vajra":2,"Juzu Bracelet":9,"Bag of Preparation":46,"Bottled Tornado":13,"Frozen Egg 2":26,"War Paint":28,"Ancient Tea Set":41,"MawBank":48,"White Beast Statue":22,"Ectoplasm":17,"Fusion Hammer":34,"Red Mask":45,"Toxic Egg 2":7,"Ring of the Snake":0},{"NeowsBlessing":0,"Gremlin Horn":1,"Singing Bowl":11,"Blue Candle":10,"Vajra":1,"Juzu Bracelet":2,"Bag of Preparation":21,"Bottled Tornado":6,"Frozen Egg 2":11,"War Paint":12,"Ancient Tea Set":20,"MawBank":22,"White Beast Statue":9,"Ectoplasm":7,"Fusion Hammer":15,"Red Mask":20,"Toxic Egg 2":2,"Ring of the Snake":0},{"NeowsBlessing":0,"Gremlin Horn":1,"Singing Bowl":42,"Blue Candle":36,"Vajra":1,"Juzu Bracelet":2,"Bag of Preparation":100,"Bottled Tornado":14,"Frozen Egg 2":42,"War Paint":47,"Ancient Tea Set":96,"MawBank":107,"White Beast Statue":31,"Ectoplasm":23,"Fusion Hammer":66,"Red Mask":96,"Toxic Egg 2":2,"Ring of the Snake":0}],"Ring of the Snake":[48]},"card_choices":[{"not_picked":["Underhanded Strike","Backflip"],"picked":"Dagger Spray","floor":1.0},{"not_picked":["Expertise+1","Underhanded Strike"],"picked":"Skewer","floor":7.0},{"not_picked":["Accuracy","Dagger Throw"],"picked":"Flying Knee","floor":10.0},{"not_picked":["Deflect+1","Quick Slash"],"picked":"Noxious Fumes","floor":11.0},{"not_picked":["Choke","Dagger Throw"],"picked":"Blade Dance+1","floor":12.0},{"not_picked":["Underhanded Strike","Masterful Stab"],"picked":"A Thousand Cuts","floor":13.0},{"not_picked":["Storm of Steel+1","A Thousand Cuts"],"picked":"Envenom","floor":16.0},{"not_picked":["Underhanded Strike","Outmaneuver+1"],"picked":"Acrobatics+1","floor":18.0},{"not_picked":["Catalyst+1","Underhanded Strike"],"picked":"Leg Sweep+1","floor":20.0},{"not_picked":["Flying Knee","Setup+1","Riddle With Holes"],"picked":"SKIP","floor":23.0},{"not_picked":["Skewer","Outmaneuver+1","Caltrops"],"picked":"SKIP","floor":25.0},{"not_picked":["Deflect+1","Dodge and Roll+1"],"picked":"Backflip+1","floor":28},{"not_picked":["Choke","Glass Knife","Finisher"],"picked":"Singing Bowl","floor":30},{"not_picked":["Bane","Quick Slash"],"picked":"Blade Dance+1","floor":31},{"not_picked":["Burst+1","Unload"],"picked":"Wraith Form v2+1","floor":33},{"not_picked":["Bane+1","Outmaneuver+1"],"picked":"Calculated Gamble+1","floor":35},{"not_picked":["Purity+1","Jack Of All Trades+1"],"picked":"Deep Breath+1","floor":36},{"not_picked":["Trip+1","Forethought+1"],"picked":"PanicButton+1","floor":36},{"not_picked":["Chrysalis+1","Secret Weapon+1"],"picked":"Dark Shackles+1","floor":36},{"not_picked":["Quick Slash","Footwork+1"],"picked":"Backflip+1","floor":37},{"not_picked":["Dagger Throw","Dodge and Roll+1"],"picked":"Noxious Fumes+1","floor":38},{"not_picked":["Accuracy+1","Underhanded Strike"],"picked":"Cloak And Dagger+1","floor":39},{"not_picked":["Well Laid Plans+1","Dagger Throw"],"picked":"Envenom+1","floor":41},{"not_picked":["Dash+1","Grand Finale"],"picked":"Acrobatics+1","floor":46},{"not_picked":["Heel Hook","Flechettes"],"picked":"Blade Dance+1","floor":48}],"player_experience":1420203,"relics_obtained":[{"floor":4.0,"key":"Gremlin Horn"},{"floor":7.0,"key":"Toxic Egg 2"},{"floor":9.0,"key":"Juzu Bracelet"},{"floor":13.0,"key":"Bottled Tornado"},{"floor":22.0,"key":"White Beast Statue"},{"floor":23.0,"key":"Blue Candle"},{"floor":26.0,"key":"Frozen Egg 2"},{"floor":28,"key":"War Paint"},{"floor":41,"key":"Ancient Tea Set"},{"floor":46,"key":"Bag of Preparation"},{"floor":48,"key":"MawBank"}],"event_choices":[{"cards_removed":["Dagger Spray"],"damage_healed":0.0,"max_hp_gain":0.0,"max_hp_loss":0.0,"gold_gain":0.0,"event_name":"WeMeetAgain","player_choice":"Gave Card","floor":2.0,"gold_loss":0.0,"damage_taken":0.0,"relics_obtained":["Vajra"]},{"damage_healed":0.0,"max_hp_gain":5.0,"max_hp_loss":0.0,"gold_gain":0.0,"event_name":"Big Fish","player_choice":"Donut","floor":5.0,"gold_loss":0.0,"damage_taken":0.0},{"damage_healed":26.0,"max_hp_gain":0.0,"max_hp_loss":0.0,"gold_gain":0.0,"event_name":"Wheel of Change","player_choice":"Full Heal","floor":14.0,"gold_loss":0.0,"damage_taken":0.0},{"damage_healed":0.0,"max_hp_gain":0.0,"max_hp_loss":0.0,"gold_gain":0.0,"event_name":"Accursed Blacksmith","player_choice":"Forge","floor":19.0,"gold_loss":0.0,"damage_taken":0.0,"cards_upgraded":["Well Laid Plans"]},{"damage_healed":0.0,"max_hp_gain":0.0,"max_hp_loss":0.0,"gold_gain":0.0,"event_name":"The Woman in Blue","player_choice":"Bought 0 Potions","floor":21.0,"gold_loss":0.0,"damage_taken":0.0},{"damage_healed":0,"gold_gain":0,"player_choice":"Memory 3","damage_taken":10,"max_hp_gain":0,"max_hp_loss":0,"event_name":"SensoryStone","floor":36,"gold_loss":0},{"damage_healed":0,"gold_gain":0,"player_choice":"Paid","damage_taken":0,"relics_obtained":["Red Mask"],"max_hp_gain":0,"max_hp_loss":0,"event_name":"Tomb of Lord Red Mask","floor":45,"gold_loss":6},{"damage_healed":0,"gold_gain":0,"player_choice":"Upgraded","damage_taken":0,"max_hp_gain":0,"max_hp_loss":0,"event_name":"Upgrade Shrine","floor":47,"gold_loss":0,"cards_upgraded":["Envenom"]}],"is_beta":false,"boss_relics":[{"not_picked":["Runic Pyramid","Runic Dome"],"picked":"Ectoplasm"},{"not_picked":["Ring of the Serpent","Calling Bell"],"picked":"Fusion Hammer"}],"items_purged_floors":[],"is_endless":false,"potions_floor_spawned":[11,12,13,18,20,23,25,28,30,31,33,35,37,38,39,41,46,48],"killed_by":"Time Eater","ascension_level":20}}