{"host":"ut3qe46kys7sl3ey","time":1611742507,"event":{"mods":["2.2 Compatiblity","AchievementEnabler","Bard","BaseMod","Bestiary","Better Altar","Better Match","Better Note","Better Sensory Stone","Better Skull","Better Third Choice","BetterRewards","Block Reminder","Colored Map","Colored Powertips","Curses Come First","DeckTracker","Downfall","Energized Spire","Friendly Minions","Highlight Path","Hubris","Infinite Spire","Minty Spire (QoL Compilation)","Permanent Neow","Quick Restart","Random Character Button","Relic Sorter","Relic Stats","Reliquary","Replay The Spire","StSLib","The Blue Laboratory","The Bug Knight","The Construct","The Cursed","The Jungle","The Mystic","The Spell Scribe","Unceasing Turn Reminder","Unknown Chances","Wandering Minibosses"],"gold_per_floor":[215,228,242,260,278,278,305,305,305,319,319,329,329,344,344,344,344],"floor_reached":16,"language":"ENG","playtime":1278,"items_purged":[],"score":106,"play_id":"44e45e44-3058-4419-b4f6-5fe208d43c2e","local_time":"20210127121507","is_ascension_mode":false,"campfire_choices":[{"data":"HollowMod:FocusHealStart","floor":6,"key":"SMITH"},{"floor":8,"key":"REST"},{"data":"HollowMod:BlackTendrils","floor":11,"key":"SMITH"},{"data":"HollowMod:BaldurShell","floor":15,"key":"PURGE"}],"circlet_count":0,"master_deck":["HollowMod:NailStrikeStart","HollowMod:NailStrikeStart","HollowMod:NailStrikeStart","HollowMod:QuickDashStart","HollowMod:QuickDashStart","HollowMod:QuickDashStart","HollowMod:QuickDashStart","HollowMod:FocusHealStart+1","HollowMod:PogoStrike","HollowMod:WraithStrike","HollowMod:DescendingDark","HollowMod:SharpenedNail","HollowMod:ShadowDash","HollowMod:SharpenedNail","HollowMod:BlackTendrils+1","HollowMod:DashSlash","HollowMod:WraithStrike","HollowMod:CycloneSlash"],"relics":["Replay:Wanted Poster","reliquary:TatteredRug","infinitespire:Beetle Shell"],"acts_visited":["Exordium"],"potions_floor_usage":[16],"damage_taken":[{"damage":2,"enemies":"Cultist","floor":1,"turns":3},{"damage":4,"enemies":"Jaw Worm","floor":2,"turns":4},{"damage":0,"enemies":"2 Louse","floor":3,"turns":2},{"damage":12,"enemies":"Lots of Slimes","floor":4,"turns":3},{"damage":2,"enemies":"3 Louse","floor":5,"turns":2},{"damage":50,"enemies":"Lagavulin","floor":7,"turns":8},{"damage":0,"enemies":"Large Slime","floor":10,"turns":4},{"damage":8,"enemies":"Exordium Wildlife","floor":12,"turns":4},{"damage":0,"enemies":"3 Louse","floor":14,"turns":1},{"damage":75,"enemies":"HollowMod:FalseKnight","floor":16,"turns":6}],"seed_played":"3521497196296249497","potions_obtained":[{"floor":1,"key":"PowerPotion"},{"floor":4,"key":"Adrenaline Potion"},{"floor":5,"key":"blueLaboratory:PyrophylliteBrew"},{"floor":10,"key":"FearPotion"},{"floor":14,"key":"blueLaboratory:ExaltedPotion"}],"is_trial":false,"path_per_floor":["M","M","M","M","M","R","E","R","T","M","R","M","?","M","R_BF","B"],"character_chosen":"THE_BUGKNIGHT","items_purchased":[],"campfire_rested":1,"item_purchase_floors":[],"current_hp_per_floor":[73,69,69,57,55,55,15,37,37,49,49,52,52,52,52,0,0],"gold":344,"neow_bonus":"BOSS_RELIC","is_daily":false,"chose_seed":false,"campfire_upgraded":2,"win_rate":0.0,"timestamp":1611742507,"path_taken":["M","M","M","M","M","R","E","R","T","M","R","M","?","M","R_BF","BOSS"],"items_purchased_type":[],"build_version":"2020-12-22","purchased_purges":0,"victory":false,"max_hp_per_floor":[75,75,75,75,75,75,75,75,75,75,75,75,75,75,75,75,75],"relic_stats":{"counters":[10,37],"obtain_stats":[{"Replay:Wanted Poster":0,"HollowMod:VesselMask":0,"reliquary:TatteredRug":7,"infinitespire:Beetle Shell":9},{"Replay:Wanted Poster":0,"HollowMod:VesselMask":0,"reliquary:TatteredRug":6,"infinitespire:Beetle Shell":6},{"Replay:Wanted Poster":0,"HollowMod:VesselMask":0,"reliquary:TatteredRug":22,"infinitespire:Beetle Shell":22}]},"card_choices":[{"not_picked":["HollowMod:HowlingWraiths","HollowMod:SoulStrike"],"picked":"HollowMod:WraithStrike","floor":1},{"not_picked":["HollowMod:SiblingsShadow","HollowMod:SharpenedNail"],"picked":"HollowMod:DescendingDark","floor":2},{"not_picked":["HollowMod:FastStrike","HollowMod:ElderbugsWisdom"],"picked":"HollowMod:SharpenedNail","floor":3},{"not_picked":["HollowMod:TaintedHusks","HollowMod:CornifersMapStart"],"picked":"HollowMod:ShadowDash","floor":4},{"not_picked":["HollowMod:GoodIntentions","HollowMod:SoulStrike"],"picked":"HollowMod:SharpenedNail","floor":5},{"not_picked":["HollowMod:DreamGate","HollowMod:DungDefenderAura"],"picked":"HollowMod:BlackTendrils","floor":7},{"not_picked":["HollowMod:InfectedCysts","HollowMod:BaldurShell"],"picked":"HollowMod:DashSlash","floor":10},{"not_picked":["HollowMod:FastStrike","HollowMod:SiblingsSouls"],"picked":"HollowMod:WraithStrike","floor":12},{"not_picked":["HollowMod:ShapeofUnn","HollowMod:DungDefenderAura"],"picked":"HollowMod:CycloneSlash","floor":14}],"player_experience":171576,"relics_obtained":[{"floor":7,"key":"reliquary:TatteredRug"},{"floor":9,"key":"infinitespire:Beetle Shell"}],"event_choices":[{"damage_healed":0,"gold_gain":0,"cards_transformed":["HollowMod:NailStrikeStart"],"player_choice":"Change","damage_taken":0,"max_hp_gain":0,"max_hp_loss":0,"event_name":"Living Wall","floor":13,"gold_loss":0,"cards_obtained":["HollowMod:BaldurShell"]}],"is_beta":false,"boss_relics":[],"items_purged_floors":[],"is_endless":false,"potions_floor_spawned":[1,4,5,10,14],"killed_by":"HollowMod:FalseKnight","ascension_level":0}}