{"host":"4kmvpqjeiacgn1pr","time":1611714679,"event":{"mods":["AchievementEnabler","BaseMod","Better Altar","Better Match","Better Note","Better Sensory Stone","Better Skull","Better Third Choice","Colored Map","Colored Powertips","Curses Come First","Highlight Path","Minty Spire (QoL Compilation)","Permanent Neow","Rare Cards Sparkle","Replay The Spire","Spicy Shops","StSLib"],"gold_per_floor":[109,109,109,3,23,23,23,42,42,61,93,93,93,93],"floor_reached":13,"language":"ENG","playtime":485,"items_purged":[],"score":104,"play_id":"8869a6fe-331a-466c-9002-a9f3d31c97ac","local_time":"20210126213119","is_ascension_mode":true,"campfire_choices":[{"data":"Combust","floor":6,"key":"SMITH"},{"data":"Exhume","floor":12,"key":"SMITH"}],"circlet_count":0,"master_deck":["Strike_R","Strike_R","Strike_R","Strike_R","Defend_R","Defend_R","Defend_R","Bash","Exhume+1","Havoc","Evolve","Combust+1","Combust","Dual Wield","ReplayTheSpireMod:Limb From Limb","Flame Barrier"],"relics":["Burning Blood","Pantograph","King of Hearts"],"acts_visited":["Exordium"],"potions_floor_usage":[11,11,13,13],"damage_taken":[{"damage":17,"enemies":"Small Slimes","floor":1,"turns":5},{"damage":1,"enemies":"2 Louse","floor":5,"turns":3},{"damage":8,"enemies":"Jaw Worm","floor":8,"turns":2},{"damage":18,"enemies":"2 Fungi Beasts","floor":10,"turns":3},{"damage":56,"enemies":"Lagavulin","floor":11,"turns":4},{"damage":12,"enemies":"3 Sentries","floor":13,"turns":3}],"seed_played":"1874336287749260773","potions_obtained":[{"floor":5,"key":"GamblersBrew"},{"floor":7,"key":"Swift Potion"},{"floor":7,"key":"LiquidMemories"},{"floor":7,"key":"Death Potion"},{"floor":11,"key":"LiquidMemories"}],"is_trial":false,"path_per_floor":["M","?","?","$","M","R","?","M","T","M","E","R","E"],"character_chosen":"IRONCLAD","items_purchased":["Combust"],"campfire_rested":0,"item_purchase_floors":[4],"current_hp_per_floor":[69,69,69,69,74,74,74,72,72,60,10,10,0,0],"gold":93,"neow_bonus":"ONE_RANDOM_RARE_CARD","is_daily":false,"chose_seed":false,"campfire_upgraded":2,"win_rate":0.0,"timestamp":1611714679,"path_taken":["M","?","?","?","M","R","?","?","T","M","E","R","E"],"items_purchased_type":["Card"],"build_version":"2020-12-22","purchased_purges":0,"victory":false,"max_hp_per_floor":[80,80,80,80,80,80,80,80,80,80,80,80,80,80],"card_choices":[{"not_picked":["Searing Blow","Clash"],"picked":"Havoc","floor":1},{"not_picked":["Clothesline","Bloodletting"],"picked":"Combust","floor":5},{"not_picked":["Warcry","Wild Strike"],"picked":"Dual Wield","floor":8},{"not_picked":["True Grit","Dual Wield"],"picked":"ReplayTheSpireMod:Limb From Limb","floor":10},{"not_picked":["Anger","Replay:Undeath\u0027s Touch"],"picked":"Flame Barrier","floor":11}],"player_experience":362018,"relics_obtained":[{"floor":9,"key":"Pantograph"},{"floor":11,"key":"King of Hearts"}],"event_choices":[{"damage_healed":0,"gold_gain":0,"cards_transformed":["Strike_R"],"player_choice":"Change","damage_taken":0,"max_hp_gain":0,"max_hp_loss":0,"event_name":"Living Wall","floor":2,"gold_loss":0,"cards_obtained":["Evolve"]},{"damage_healed":0,"gold_gain":0,"player_choice":"Got Potions","damage_taken":0,"max_hp_gain":0,"max_hp_loss":0,"event_name":"Lab","floor":7,"gold_loss":0}],"is_beta":false,"boss_relics":[],"items_purged_floors":[],"is_endless":false,"potions_floor_spawned":[5,11],"killed_by":"3 Sentries","ascension_level":5}}