{"host":"smn2tb46ysgs1sad","time":1611725019,"event":{"mods":["AchievementEnabler","Aspiration","BaseMod","Colored Powertips","Downfall","Hermit","Minty Spire (QoL Compilation)","Replay The Spire","StSLib","The Cursed","The Disciple","The Hierophant"],"gold_per_floor":[116,135,135,152,327,327,354,354,354,373,391,426,426,452,452,452,452],"floor_reached":16,"language":"ENG","playtime":1239,"items_purged":[],"score":126,"play_id":"27a56594-87c3-43a8-850a-700270781417","local_time":"20210126212339","is_ascension_mode":true,"campfire_choices":[{"data":"Bouncing Flask","floor":6,"key":"SMITH"},{"floor":8,"key":"REST"},{"floor":15,"key":"REST"}],"circlet_count":0,"master_deck":["Strike_G","Strike_G","Strike_G","Strike_G","Strike_G","Defend_G","Defend_G","Defend_G","Defend_G","Defend_G","Survivor","Neutralize","Crippling Poison","Sneak Up","Deadly Poison","Bouncing Flask+1","Burst","Prepared","Quick Slash","Heel Hook"],"relics":["Ring of the Snake","aspiration:FrozenJewel","Tingsha","ReplayFunnel","Tiny Chest"],"acts_visited":["Exordium"],"potions_floor_usage":[16,16],"damage_taken":[{"damage":3,"enemies":"Jaw Worm","floor":1,"turns":6},{"damage":5,"enemies":"Small Slimes","floor":2,"turns":4},{"damage":0,"enemies":"Cultist","floor":4,"turns":4},{"damage":25,"enemies":"3 Sentries","floor":7,"turns":10},{"damage":0,"enemies":"3 Louse","floor":10,"turns":3},{"damage":0,"enemies":"Blue Slaver","floor":11,"turns":3},{"damage":24,"enemies":"Gremlin Nob","floor":12,"turns":4},{"damage":10,"enemies":"3 Sentries","floor":14,"turns":8},{"damage":53,"enemies":"Slime Boss","floor":16,"turns":13}],"seed_played":"-7218789853027124305","potions_obtained":[{"floor":1,"key":"Swift Potion"},{"floor":10,"key":"AttackPotion"}],"is_trial":false,"path_per_floor":["M","M","?","M","?","R","E","R","T","M","M","E","?","E","R","B"],"character_chosen":"THE_SILENT","items_purchased":[],"campfire_rested":2,"item_purchase_floors":[],"current_hp_per_floor":[67,62,67,67,67,67,42,64,64,64,64,40,40,30,52,0,0],"gold":452,"neow_bonus":"THREE_CARDS","is_daily":false,"chose_seed":false,"campfire_upgraded":1,"win_rate":0.0,"timestamp":1611725019,"path_taken":["M","M","?","M","?","R","E","R","T","M","M","E","?","E","R","BOSS"],"items_purchased_type":[],"build_version":"2020-12-22","purchased_purges":0,"victory":false,"max_hp_per_floor":[70,70,75,75,75,75,75,75,75,75,75,75,75,75,75,75,75],"card_choices":[{"not_picked":["Flying Knee","Deflect"],"picked":"Crippling Poison","floor":0},{"not_picked":["Slice","PiercingWail"],"picked":"Sneak Up","floor":1},{"not_picked":["Deflect","Underhanded Strike"],"picked":"Deadly Poison","floor":2},{"not_picked":["Outmaneuver","Terror"],"picked":"Bouncing Flask","floor":4},{"not_picked":["Dagger Throw","Cloak And Dagger"],"picked":"Burst","floor":7},{"not_picked":["Quick Slash","Blade Dance","All Out Attack"],"picked":"SKIP","floor":10},{"not_picked":["Underhanded Strike","Predator"],"picked":"Prepared","floor":11},{"not_picked":["Flechettes","Riddle With Holes"],"picked":"Quick Slash","floor":12},{"not_picked":["Hidden Blade","Backstab"],"picked":"Heel Hook","floor":14}],"player_experience":173768,"relics_obtained":[{"floor":7,"key":"aspiration:FrozenJewel"},{"floor":9,"key":"Tingsha"},{"floor":12,"key":"ReplayFunnel"},{"floor":14,"key":"Tiny Chest"}],"event_choices":[{"damage_healed":0,"gold_gain":0,"player_choice":"Donut","damage_taken":0,"max_hp_gain":5,"max_hp_loss":0,"event_name":"Big Fish","floor":3,"gold_loss":0},{"damage_healed":0,"gold_gain":175,"player_choice":"AGREE","damage_taken":0,"max_hp_gain":0,"max_hp_loss":0,"event_name":"Liars Game","floor":5,"gold_loss":0,"cards_obtained":["Doubt"]},{"cards_removed":["Doubt"],"damage_healed":0,"gold_gain":0,"player_choice":"Removed Curses","damage_taken":0,"max_hp_gain":0,"max_hp_loss":0,"event_name":"Fountain of Cleansing","floor":13,"gold_loss":0}],"is_beta":false,"boss_relics":[],"items_purged_floors":[],"is_endless":false,"potions_floor_spawned":[1,10],"killed_by":"Slime Boss","ascension_level":1}}