{"host":"mgwrmgf4x3air4cr","time":1611736799,"event":{"mods":["ATMod(阿瑾Mod)","AchievementEnabler","Act Like it!","Arknights The Spire","Aspiration","BaseMod","CapriCore","Downfall","Friendly Minions","GungeonMod","HololiveMod","KinomotoSakuraMod(木之本樱)","Kiyohime（清姬）","Lobotomy","LobotomyExtend","Minty Spire (QoL Compilation)","MostiFishMod","RumiaBox-露米娅的神秘盒子","Shop Mod","StSLib","TestMod","The Alterego","The Immortal","The Servant 0.9.4","Waifu the Spire","WarShipGirlsR/战舰少女R mod","noobMod","【功能Mod】混沌之环修复补丁","【遗物卡牌】REMEMod","篝火指南"],"gold_per_floor":[99,110,110,125,141,141,141,160,194,194,224,191,191,219,240,345,345,3,3,88,88,88,120,120,129,167,188,212,412,321,349,369,482,482,374,403,462,484,508,551,551,542,567,596,622,139,28,49,77,77],"floor_reached":51,"language":"ZHS","playtime":2873,"items_purged":["bronze:Strike","bronze:Defend","Pain","bronze:Defend+1"],"score":1263,"play_id":"5beeb313-de63-497b-b2a5-64a3541a3c95","local_time":"20210127163959","is_ascension_mode":true,"campfire_choices":[{"data":"AT_EssenceShift","floor":1.0,"key":"SMITH"},{"floor":13,"key":"RECALL"}],"circlet_count":0,"master_deck":["bronze:Strike+1","bronze:Strike+1","bronze:Strike+1","bronze:Defend+1","bronze:Defend+1","bronze:Replicate","bronze:Goto","AT_EssenceShift+1","ats:Rat Pack+1","bronze:InfiniteBeams","bronze:CutThrough","bronze:BitShift","bronze:DelayedGuard","bronze:Invalidate","bronze:Format","bronze:Virus","bronze:OilSpill+1","bronze:Separator+1","bronze:DelayedSlice","bronze:ChildClass","bronze:BurnOut","bronze:Flail+1","bronze:ChildClass+1","bronze:WhirlingStrike+1","bronze:Flail+1","bronze:Repulsor","bronze:BitShift+1","bronze:WhirlingStrike","bronze:ForceShield","bronze:BronzeOrb","bronze:NullPointer+1","bronze:Separator+1"],"relics":["bronze:BronzeCore","testmod-TestBox","AT_ATBox","ice","DaveBox","REME_ComplimentaryCards","testmod-ThousandKnives","PatriotShield","LetterFromLob","bronze:BottledCode","DemoMod:GlassGuonStoneRelic","AT_TimeSand","Shuriken","MerchantsRug","CeramicFish","EasyGame_NEW","SSSystem","Chemical X","testmod-InjuryResistance","WarpedTongs","DemoMod:ClearGuonStone","SlaversCollar","aspiration:HatOfInfinitePower","Gremlin Horn","AT_RedTearstoneRing","downfall:HeartBlessingRed","AT_ChloranthyRing","Hololive_LightStick"],"acts_visited":["Exordium","TheCity","TheBeyond"],"potions_floor_usage":[12],"damage_taken":[{"damage":0.0,"enemies":"Cultist","floor":2.0,"turns":2.0},{"damage":0.0,"enemies":"2 Louse","floor":4.0,"turns":2.0},{"damage":0.0,"enemies":"Small Slimes","floor":5.0,"turns":2.0},{"damage":0.0,"enemies":"3 Louse","floor":8.0,"turns":2.0},{"damage":0.0,"enemies":"3 Sentries","floor":9.0,"turns":3.0},{"damage":0,"enemies":"Gremlin Nob","floor":11,"turns":2},{"damage":0,"enemies":"downfall:FleeingMerchant","floor":12,"turns":3},{"damage":0,"enemies":"2 Fungi Beasts","floor":14,"turns":2},{"damage":0,"enemies":"Lots of Slimes","floor":15,"turns":2},{"damage":0,"enemies":"SI_SHIV_ARCHETYPE","floor":16,"turns":3},{"damage":0,"enemies":"Book of Stabbing","floor":23,"turns":1},{"damage":4,"enemies":"Slavers","floor":26,"turns":2},{"damage":0,"enemies":"Shell Parasite","floor":27,"turns":1},{"damage":4,"enemies":"Chosen","floor":28,"turns":1},{"damage":2,"enemies":"Centurion and Healer","floor":31,"turns":2},{"damage":6,"enemies":"Cultist and Chosen","floor":32,"turns":1},{"damage":3,"enemies":"DF_ARCHETYPE_CLAW","floor":33,"turns":2},{"damage":0,"enemies":"3 Darklings","floor":36,"turns":2},{"damage":0,"enemies":"3 Darklings","floor":37,"turns":1},{"damage":0,"enemies":"3 Shapes","floor":38,"turns":1},{"damage":0,"enemies":"Jaw Worm Horde","floor":39,"turns":1},{"damage":0,"enemies":"Reptomancer","floor":40,"turns":1},{"damage":0,"enemies":"3 Darklings","floor":43,"turns":1},{"damage":0,"enemies":"Nemesis","floor":44,"turns":1},{"damage":2,"enemies":"4 Shapes","floor":45,"turns":1},{"damage":0,"enemies":"Jaw Worm Horde","floor":48,"turns":1},{"damage":0,"enemies":"3 Darklings","floor":49,"turns":1},{"damage":0,"enemies":"WA_ARCHETYPE_DIVINITY","floor":50,"turns":2}],"seed_played":"-2886428850430625574","potions_obtained":[{"floor":4.0,"key":"Block Potion"},{"floor":5.0,"key":"PowerPotion"},{"floor":11,"key":"SteroidPotion"},{"floor":14,"key":"Fire Potion"},{"floor":23,"key":"DistilledChaos"},{"floor":26,"key":"LiquidMemories"},{"floor":28,"key":"SteroidPotion"},{"floor":32,"key":"PowerPotion"},{"floor":38,"key":"Explosive Potion"},{"floor":39,"key":"champ:CounterPotion"},{"floor":43,"key":"Block Potion"},{"floor":48,"key":"Explosive Potion"}],"is_trial":false,"path_per_floor":["R","M","?","M","M","?","T","M","E","?","E","$","R","M","M","B",null,"R","M","?","?","$","E","T","?","E","M","M","?","R","M","M","B",null,"R","M","?","M","M","E","T","$","M","E","M","$","R","M","M","B",null],"character_chosen":"THE_AUTOMATON","items_purchased":["MerchantsRug","CeramicFish","SSSystem","Chemical X","DemoMod:WeirdEgg","aspiration:Nostalgia","aspiration:SeaSaltIceCream","bronze:ForceShield","bronze:BronzeOrb","AT_ChloranthyRing","Hololive_LightStick"],"campfire_rested":0,"item_purchase_floors":[12,12,18,18,30,46,46,46,46,47,47],"current_hp_per_floor":[70,70,60,60,60,60,60,60,60,65,65,65,65,65,65,65,65,65,65,51,51,51,51,51,51,47,47,43,43,43,41,35,32,65,65,65,65,65,65,77,77,84,84,84,82,82,82,82,82,82],"gold":77,"neow_bonus":"RANDOM_COMMON_RELIC","is_daily":false,"chose_seed":false,"campfire_upgraded":1,"win_rate":0.0,"timestamp":1611736799,"path_taken":["R","M","?","M","M","?","T","?","E","?","E","$","R","M","M","BOSS","R","M","?","?","$","E","T","?","E","?","M","?","R","M","M","BOSS","R","?","?","M","M","E","T","$","M","E","M","$","R","M","M","BOSS"],"items_purchased_type":["Relic","Relic","Relic","Relic","Relic","Relic","Relic","Card","Card","Relic","Relic"],"build_version":"2020-12-22","purchased_purges":4,"victory":true,"max_hp_per_floor":[70,70,60,60,60,60,60,60,60,65,65,65,65,65,65,65,65,65,65,65,65,65,65,65,65,65,65,65,65,65,65,65,65,65,65,65,65,65,65,77,77,84,84,84,84,84,84,84,84,84],"card_choices":[{"not_picked":["bronze:WhirlingStrike","bronze:BuggyMess"],"picked":"bronze:InfiniteBeams","floor":2.0},{"not_picked":["bronze:BitShift","bronze:Constructor","bronze:WildBeam"],"picked":"SKIP","floor":4.0},{"not_picked":["bronze:Separator","bronze:Philosophize"],"picked":"bronze:CutThrough","floor":5.0},{"not_picked":["bronze:Branch","bronze:GetLatest"],"picked":"bronze:BitShift","floor":8.0},{"not_picked":["bronze:Library","bronze:BugBarrage","bronze:Overheat"],"picked":"SKIP","floor":9.0},{"not_picked":["bronze:Safeguard","bronze:Allocate","bronze:Constructor"],"picked":"SKIP","floor":11},{"not_picked":["bronze:BugBarrage","bronze:Refactor","bronze:Repair"],"picked":"SKIP","floor":12},{"not_picked":["bronze:CloningBeam","bronze:BuggyMess"],"picked":"bronze:DelayedGuard","floor":14},{"not_picked":["bronze:Turbo","bronze:DelayedGuard"],"picked":"bronze:Invalidate","floor":15},{"not_picked":["bronze:Break","bronze:ThunderWave"],"picked":"bronze:Format","floor":16},{"not_picked":["bronze:Shield","bronze:Fortify+1","bronze:Safeguard"],"picked":"SKIP","floor":23},{"not_picked":["bronze:DarkDash+1","bronze:Iterate"],"picked":"bronze:Virus","floor":26},{"not_picked":["bronze:FineTuning","bronze:WildBeam"],"picked":"bronze:OilSpill+1","floor":27},{"not_picked":["bronze:NullPointer","bronze:Optimize+1"],"picked":"bronze:Separator+1","floor":28},{"not_picked":["bronze:Iterate","bronze:BuggyMess"],"picked":"bronze:DelayedSlice","floor":31},{"not_picked":["bronze:BugBarrage","bronze:SpaghettiCode"],"picked":"bronze:ChildClass","floor":32},{"not_picked":["bronze:RecursiveStrike","bronze:ThunderWave"],"picked":"bronze:BurnOut","floor":33},{"not_picked":["bronze:Safeguard","bronze:Separator"],"picked":"bronze:Flail+1","floor":36},{"not_picked":["bronze:BronzeOrb+1","bronze:Separator"],"picked":"bronze:ChildClass+1","floor":37},{"not_picked":["bronze:Iterate+1","bronze:Boost"],"picked":"bronze:WhirlingStrike+1","floor":38},{"not_picked":["bronze:Shield","bronze:Frontload"],"picked":"bronze:Flail+1","floor":39},{"not_picked":["bronze:Format","bronze:Break"],"picked":"bronze:Repulsor","floor":40},{"not_picked":["bronze:FollowUp","bronze:Frontload"],"picked":"bronze:BitShift+1","floor":43},{"not_picked":["bronze:Constructor+1","bronze:FollowUp","bronze:ShipIt"],"picked":"SKIP","floor":44},{"not_picked":["bronze:ChildClass+1","bronze:Invalidate+1"],"picked":"bronze:WhirlingStrike","floor":45},{"not_picked":["bronze:Invalidate+1","bronze:Allocate+1"],"picked":"bronze:NullPointer+1","floor":48},{"not_picked":["bronze:BitShift","bronze:BuggyMess+1"],"picked":"bronze:Separator+1","floor":49}],"player_experience":118561,"relics_obtained":[{"floor":2.0,"key":"LetterFromLob"},{"floor":7.0,"key":"AT_TimeSand"},{"floor":9.0,"key":"Shuriken"},{"floor":11,"key":"REME_HandOfSuture"},{"floor":23,"key":"testmod-InjuryResistance"},{"floor":26,"key":"DemoMod:ClearGuonStone"},{"floor":37,"key":"aspiration:HatOfInfinitePower"},{"floor":40,"key":"DemoMod:Orange"},{"floor":41,"key":"Gremlin Horn"},{"floor":44,"key":"AT_RedTearstoneRing"}],"event_choices":[{"damage_healed":0,"gold_gain":0,"player_choice":"Donut","damage_taken":0,"max_hp_gain":5,"max_hp_loss":0,"event_name":"Big Fish","floor":10,"gold_loss":0}],"is_beta":false,"boss_relics":[{"not_picked":["NightmareShop","REME_DuelDisc"],"picked":"EasyGame_NEW"},{"not_picked":["REME_ChargedStone","Snecko Eye"],"picked":"SlaversCollar"}],"items_purged_floors":[12,18,35,42],"is_endless":false,"potions_floor_spawned":[4,5,11,14,23,26,28,32,38,39,43,48],"ascension_level":1}}