{"host":"yqa5il53nhlo2jdd","time":1611718628,"event":{"mods":["AchievementEnabler","Arknights The Spire","BaseMod","BetterRewards","Minty Spire (QoL Compilation)","StSLib","[IsaacMod]ÒÔÈö¼âËþ"],"gold_per_floor":[117,127,127,139,139,139,154,79,79,79,95,113,113,38,38,115,115,125,45,45],"floor_reached":19,"language":"ZHS","playtime":1016,"items_purged":["ats:Strike V","ats:Strike C"],"score":479,"play_id":"c226e30a-8483-4bf3-92ce-34b18a3a3a7f","local_time":"20210127113708","is_ascension_mode":true,"campfire_choices":[{"data":"ats:Emotion Absorption","floor":6.0,"key":"SMITH"},{"floor":15.0,"key":"REST"}],"circlet_count":0,"master_deck":["AscendersBane","ats:Strike S","ats:Armor Crushing Shot","ats:Defend","ats:Defend","ats:Defend","ats:Defend","ats:Emotion Absorption+1","ats:Poison Spread","ats:Chain Hook","ats:Soul Absorption"],"relics":["ats:Sanity Plus","HushsDoor","TheBean","Juzu Bracelet","ats:Snipe","Oddly Smooth Stone"],"acts_visited":["Exordium","TheCity"],"potions_floor_usage":[19],"damage_taken":[{"damage":7.0,"enemies":"2 Louse","floor":1.0,"turns":2.0},{"damage":0.0,"enemies":"Small Slimes","floor":2.0,"turns":2.0},{"damage":6.0,"enemies":"Jaw Worm","floor":4.0,"turns":3.0},{"damage":8.0,"enemies":"Blue Slaver","floor":7.0,"turns":4.0},{"damage":1.0,"enemies":"Exordium Wildlife","floor":11.0,"turns":4.0},{"damage":23.0,"enemies":"Exordium Thugs","floor":12.0,"turns":5.0},{"damage":42.0,"enemies":"The Guardian","floor":16.0,"turns":15.0},{"damage":42,"enemies":"3 Byrds","floor":18,"turns":6},{"damage":14,"enemies":"2 Thieves","floor":19,"turns":2}],"seed_played":"355420088529323704","potions_obtained":[{"floor":1.0,"key":"ats:Emergency Sanity Potion"},{"floor":11.0,"key":"Dexterity Potion"}],"is_trial":false,"path_per_floor":["M","M","?","M","?","R","M","$","T","?","M","M","?","?","R","B",null,"M","M"],"character_chosen":"DOCTOR_CLASS","items_purchased":["Juzu Bracelet","ats:Snipe","ats:Poison Spread","Oddly Smooth Stone","ats:Soul Absorption"],"campfire_rested":1,"item_purchase_floors":[0,0,0,0,17],"current_hp_per_floor":[57,57,62,56,56,56,48,48,48,48,47,24,24,24,46,4,53,11,0,0],"gold":45,"neow_bonus":"","is_daily":false,"chose_seed":false,"campfire_upgraded":1,"win_rate":0.0,"timestamp":1611718628,"path_taken":["M","M","?","M","?","R","M","?","T","?","M","M","?","?","R","BOSS","M","M"],"items_purchased_type":["Relic","Relic","Card","Relic","Card"],"build_version":"2020-12-22","purchased_purges":2,"victory":false,"max_hp_per_floor":[71,71,76,76,76,76,76,76,76,76,76,76,76,76,76,76,69,69,69,69],"card_choices":[{"not_picked":["ats:Shadow Raid","ats:Red Shift","ats:Shell Defense"],"picked":"SKIP","floor":1.0},{"not_picked":["ats:Powerful Strike","ats:Automatic Cover","ats:Revitalization"],"picked":"SKIP","floor":2.0},{"not_picked":["ats:Poison Spread","ats:Shell Defense","ats:Fractured Body"],"picked":"SKIP","floor":4.0},{"not_picked":["ats:Leaping Hammer","ats:Flexible Camouflage","ats:Blood Oath"],"picked":"SKIP","floor":7.0},{"not_picked":["ats:Defend Order","ats:Powerful Strike","ats:Guard Mode"],"picked":"SKIP","floor":11.0},{"not_picked":["ats:Flexible Camouflage","ats:Blood Oath"],"picked":"ats:Chain Hook","floor":12.0},{"not_picked":["ats:Very Hot Blade","ats:Ignite","ats:Closed Bolt Burst Fire"],"picked":"SKIP","floor":18}],"player_experience":714650,"relics_obtained":[],"event_choices":[{"damage_healed":0.0,"max_hp_gain":5.0,"max_hp_loss":0.0,"gold_gain":0.0,"event_name":"Big Fish","player_choice":"Donut","floor":3.0,"gold_loss":0.0,"damage_taken":0.0},{"damage_healed":0.0,"max_hp_gain":0.0,"max_hp_loss":0.0,"gold_gain":0.0,"event_name":"Scrap Ooze","player_choice":"Fled","floor":5.0,"gold_loss":0.0,"damage_taken":0.0},{"damage_healed":0.0,"max_hp_gain":0.0,"max_hp_loss":0.0,"gold_gain":0.0,"event_name":"Shining Light","player_choice":"Ignored","floor":10.0,"gold_loss":0.0,"damage_taken":0.0},{"damage_healed":0.0,"max_hp_gain":0.0,"max_hp_loss":0.0,"gold_gain":0.0,"event_name":"Liars Game","player_choice":"Ignored","floor":13.0,"gold_loss":0.0,"damage_taken":0.0},{"cards_removed":["ats:Strike G"],"damage_healed":0.0,"max_hp_gain":0.0,"max_hp_loss":0.0,"gold_gain":0.0,"event_name":"The Cleric","player_choice":"Card Removal","floor":14.0,"gold_loss":75.0,"damage_taken":0.0}],"is_beta":false,"boss_relics":[{"not_picked":["Black Star","Pandora\u0027s Box"],"picked":"ats:Sanity Plus"},{"not_picked":[]}],"items_purged_floors":[8,17],"is_endless":false,"potions_floor_spawned":[1,11],"killed_by":"2 Thieves","ascension_level":17}}