{"host":"ji1fk25fd1ga4ji1","time":1611707825,"event":{"mods":["2.2 Compatiblity","BaseMod","Colored Map","DeckTracker","Minty Spire (QoL Compilation)","Permanent Neow","Quick Restart","StSLib","SuperFastMode"],"gold_per_floor":[362,362,130,142,152,152,177,77,103,103,120,120,139,139,139,235,235,249,267,277,3,17,46,58,101,113,125,162,174,214,238,250,360,372,399,426,45,45,59,59,91,91,144,144,176,186,104,326,326,326,326,326,172,206,206,206],"floor_reached":55,"language":"KOR","playtime":1040,"items_purged":["Defend_R","Defend_R","Defend_R","Strike_R"],"score":872,"play_id":"653447fe-63bd-4e6e-8e56-4ce309601a69","local_time":"20210127093705","is_ascension_mode":true,"campfire_choices":[{"data":"Spot Weakness","floor":6.0,"key":"SMITH"},{"data":"Power Through","floor":10.0,"key":"SMITH"},{"data":"Evolve","floor":12.0,"key":"SMITH"},{"floor":15.0,"key":"RECALL"},{"data":"Double Tap","floor":27.0,"key":"SMITH"},{"data":"Heavy Blade","floor":29.0,"key":"SMITH"},{"floor":32.0,"key":"REST"},{"data":"Battle Trance","floor":40.0,"key":"SMITH"},{"data":"Spot Weakness","floor":42.0,"key":"SMITH"},{"data":"Limit Break","floor":49.0,"key":"SMITH"},{"data":"Second Wind","floor":52.0,"key":"SMITH"}],"circlet_count":0,"master_deck":["Strike_R","Strike_R","Bash","Evolve+1","Spot Weakness+1","Power Through+1","Twin Strike","Second Wind+1","Feed","Heavy Blade+1","Double Tap+1","Sword Boomerang+1","Spot Weakness+1","Reaper+1","Battle Trance+1","Spot Weakness+1","Limit Break+1"],"relics":["Burning Blood","Vajra","Bronze Scales","Pen Nib","Sozu","MawBank","Prayer Wheel","Red Mask","Molten Egg 2","Empty Cage","Bottled Lightning","Pantograph","Anchor","Juzu Bracelet","Centennial Puzzle","Red Skull"],"acts_visited":["Exordium","TheCity","TheBeyond","TheEnding"],"potions_floor_usage":[],"damage_taken":[{"damage":2.0,"enemies":"2 Louse","floor":1.0,"turns":4.0},{"damage":5.0,"enemies":"Cultist","floor":4.0,"turns":4.0},{"damage":8.0,"enemies":"Jaw Worm","floor":5.0,"turns":3.0},{"damage":22.0,"enemies":"3 Sentries","floor":7.0,"turns":6.0},{"damage":0.0,"enemies":"3 Louse","floor":11.0,"turns":4.0},{"damage":0.0,"enemies":"Large Slime","floor":13.0,"turns":3.0},{"damage":12.0,"enemies":"Hexaghost","floor":16.0,"turns":7.0},{"damage":4.0,"enemies":"3 Byrds","floor":18.0,"turns":4.0},{"damage":10.0,"enemies":"Shell Parasite","floor":19.0,"turns":5.0},{"damage":6.0,"enemies":"Snake Plant","floor":20.0,"turns":4.0},{"damage":18.0,"enemies":"3 Cultists","floor":22.0,"turns":5.0},{"damage":39.0,"enemies":"Slavers","floor":23.0,"turns":4.0},{"damage":12.0,"enemies":"Book of Stabbing","floor":25.0,"turns":3.0},{"damage":0.0,"enemies":"Masked Bandits","floor":28.0,"turns":2.0},{"damage":29.0,"enemies":"Slavers","floor":30.0,"turns":4.0},{"damage":8.0,"enemies":"Snecko","floor":31.0,"turns":3.0},{"damage":43.0,"enemies":"Collector","floor":33.0,"turns":6.0},{"damage":16.0,"enemies":"3 Darklings","floor":35.0,"turns":3.0},{"damage":7.0,"enemies":"Orb Walker","floor":36.0,"turns":2.0},{"damage":42.0,"enemies":"Maw","floor":39.0,"turns":6.0},{"damage":42.0,"enemies":"Reptomancer","floor":41.0,"turns":3.0},{"damage":0.0,"enemies":"Giant Head","floor":45.0,"turns":5.0},{"damage":27.0,"enemies":"3 Darklings","floor":46.0,"turns":4.0},{"damage":21.0,"enemies":"Time Eater","floor":50.0,"turns":3.0},{"damage":64.0,"enemies":"Shield and Spear","floor":54.0,"turns":5.0},{"damage":152,"enemies":"The Heart","floor":55,"turns":6}],"seed_played":"8259492639648471713","potions_obtained":[{"floor":2.0,"key":"DuplicationPotion"},{"floor":2.0,"key":"BloodPotion"},{"floor":2.0,"key":"GamblersBrew"},{"floor":5.0,"key":"SteroidPotion"},{"floor":7.0,"key":"Fire Potion"},{"floor":11.0,"key":"Regen Potion"}],"is_trial":false,"path_per_floor":["M","?","$","M","M","R","E","$","T","R","M","R","M","?","R","B",null,"M","M","M","$","M","E","$","E","T","R","?","R","E","M","R","B",null,"M","M","$","?","M","R","E","R","T","?","E","M","$","?","R","B",null,"R","$","E","B"],"character_chosen":"IRONCLAD","items_purchased":["Vajra","Double Tap","Bottled Lightning","Limit Break","Centennial Puzzle"],"campfire_rested":1,"item_purchase_floors":[3,21,37,47,53],"current_hp_per_floor":[60,60,60,61,75,75,59,59,59,59,65,65,71,71,71,65,80,83,79,79,79,70,52,52,49,49,49,58,58,38,36,65,28,98,88,87,87,87,53,53,73,73,73,73,98,88,88,88,88,83,98,98,98,59,0,0],"gold":206,"neow_bonus":"TWO_FIFTY_GOLD","is_daily":false,"chose_seed":false,"campfire_upgraded":9,"win_rate":0.0,"timestamp":1611707825,"path_taken":["M","?","$","M","?","R","E","$","T","R","M","R","M","?","R","BOSS","M","M","?","$","M","E","$","E","T","R","?","R","E","M","R","BOSS","M","M","$","?","M","R","E","R","T","?","E","M","$","?","R","BOSS","R","$","E","BOSS"],"items_purchased_type":["Relic","Card","Relic","Card","Relic"],"build_version":"2020-12-22","purchased_purges":4,"victory":false,"max_hp_per_floor":[80,80,80,80,80,80,80,80,80,80,80,80,80,80,80,80,80,83,83,83,83,86,89,89,92,92,92,95,95,98,98,98,98,98,98,98,98,98,98,98,98,98,98,98,98,98,98,98,98,98,98,98,98,98,98,98],"card_choices":[{"not_picked":["Perfected Strike","Sword Boomerang"],"picked":"Evolve","floor":1.0},{"not_picked":["Bloodletting","Clash"],"picked":"Spot Weakness","floor":4.0},{"not_picked":["Headbutt","Iron Wave","Reckless Charge"],"picked":"SKIP","floor":5.0},{"not_picked":["Clothesline","Searing Blow"],"picked":"Power Through","floor":7.0},{"not_picked":["Thunderclap","Carnage"],"picked":"Twin Strike","floor":11.0},{"not_picked":["Exhume","Iron Wave"],"picked":"Second Wind","floor":13.0},{"not_picked":["Brutality","Bludgeon"],"picked":"Feed","floor":16.0},{"not_picked":["Dual Wield+1","Reckless Charge+1","Flex"],"picked":"SKIP","floor":18.0},{"not_picked":["Reckless Charge","Clothesline"],"picked":"Heavy Blade","floor":19.0},{"not_picked":["Body Slam+1","Iron Wave","Heavy Blade"],"picked":"SKIP","floor":20.0},{"not_picked":["Havoc","Infernal Blade","Clash"],"picked":"SKIP","floor":22.0},{"not_picked":["Blood for Blood","Cleave+1","Thunderclap"],"picked":"SKIP","floor":23.0},{"not_picked":["Blood for Blood","Thunderclap"],"picked":"Cleave+1","floor":23.0},{"not_picked":["Fiend Fire","Havoc+1","Shrug It Off+1"],"picked":"SKIP","floor":25.0},{"not_picked":["Twin Strike+1","Blood for Blood+1","Fiend Fire+1"],"picked":"SKIP","floor":30.0},{"not_picked":["Fire Breathing","Clash+1"],"picked":"Sword Boomerang+1","floor":31.0},{"not_picked":["Seeing Red+1","Evolve"],"picked":"Spot Weakness+1","floor":31.0},{"not_picked":["Impervious","Offering"],"picked":"Reaper+1","floor":33.0},{"not_picked":["Uppercut+1","Dropkick+1","Havoc+1"],"picked":"SKIP","floor":35.0},{"not_picked":["Warcry","Dropkick+1","Evolve"],"picked":"SKIP","floor":35.0},{"not_picked":["Carnage+1","Havoc"],"picked":"Battle Trance","floor":36.0},{"not_picked":["Dropkick+1","Armaments","Burning Pact+1"],"picked":"SKIP","floor":36.0},{"not_picked":["Body Slam+1","Heavy Blade+1","Feel No Pain+1"],"picked":"SKIP","floor":39.0},{"not_picked":["Armaments+1","Combust+1","Warcry"],"picked":"SKIP","floor":39.0},{"not_picked":["Clash+1","Armaments+1"],"picked":"Spot Weakness","floor":41.0},{"not_picked":["Rupture+1","Havoc","Barricade"],"picked":"SKIP","floor":45.0},{"not_picked":["Rupture+1","Havoc","Barricade"],"picked":"SKIP","floor":45.0},{"not_picked":["Anger+1","Heavy Blade+1","Second Wind+1"],"picked":"SKIP","floor":46.0},{"not_picked":["Clothesline+1","Twin Strike+1","Perfected Strike+1"],"picked":"SKIP","floor":46.0},{"not_picked":["Burning Pact","Clothesline+1","Wild Strike+1"],"picked":"SKIP","floor":54.0}],"player_experience":478101,"relics_obtained":[{"floor":7.0,"key":"Bronze Scales"},{"floor":9.0,"key":"Pen Nib"},{"floor":23.0,"key":"MawBank"},{"floor":25.0,"key":"Prayer Wheel"},{"floor":28.0,"key":"Red Mask"},{"floor":30.0,"key":"Molten Egg 2"},{"floor":41.0,"key":"Pantograph"},{"floor":43.0,"key":"Anchor"},{"floor":45.0,"key":"Juzu Bracelet"},{"floor":54.0,"key":"Red Skull"}],"event_choices":[{"damage_healed":0.0,"max_hp_gain":0.0,"max_hp_loss":0.0,"gold_gain":0.0,"event_name":"Lab","player_choice":"Got Potions","floor":2.0,"gold_loss":0.0,"damage_taken":0.0},{"cards_removed":["Defend_R"],"damage_healed":0.0,"max_hp_gain":0.0,"max_hp_loss":0.0,"gold_gain":0.0,"event_name":"Wheel of Change","player_choice":"Card Removal","floor":14.0,"gold_loss":0.0,"damage_taken":0.0},{"damage_healed":0.0,"max_hp_gain":0.0,"max_hp_loss":0.0,"gold_gain":0.0,"event_name":"Masked Bandits","player_choice":"Fought Bandits","floor":28.0,"gold_loss":0.0,"damage_taken":0.0},{"damage_healed":0.0,"max_hp_gain":0.0,"max_hp_loss":0.0,"gold_gain":0.0,"event_name":"SensoryStone","player_choice":"Memory 1","floor":38.0,"gold_loss":0.0,"damage_taken":0.0},{"cards_removed":["Cleave"],"damage_healed":0.0,"max_hp_gain":0.0,"max_hp_loss":0.0,"gold_gain":0.0,"event_name":"Falling","player_choice":"Removed Attack","floor":44.0,"gold_loss":0.0,"damage_taken":0.0},{"damage_healed":0.0,"max_hp_gain":0.0,"max_hp_loss":0.0,"gold_gain":222.0,"event_name":"Tomb of Lord Red Mask","player_choice":"Wore Mask","floor":48.0,"gold_loss":0.0,"damage_taken":0.0}],"is_beta":false,"boss_relics":[{"not_picked":["Tiny House","Fusion Hammer"],"picked":"Sozu"},{"not_picked":["Runic Cube","Busted Crown"],"picked":"Empty Cage"}],"items_purged_floors":[3,8,21,37],"is_endless":false,"potions_floor_spawned":[5,7,11,13,18,25,28,30,33,39,41,46],"killed_by":"The Heart","ascension_level":1}}