{"host":"gobyjzz6xbwq9f9i","time":1611734043,"event":{"mods":["AchievementEnabler","BaseMod","Bestiary","Colored Map","Minty Spire (QoL Compilation)"],"gold_per_floor":[119,136,136,136,156,190,190,208,208,208,220,237,271,283,283,388,388,407,420,420,445,457,457,657,671,671,685,685,718,13,25,25,25,25],"floor_reached":33,"language":"ENG","playtime":1175,"items_purged":["Strike_B"],"score":422,"play_id":"3969995b-71f5-4ccf-a5b3-efb60ca8ce32","local_time":"20210126235403","is_ascension_mode":true,"campfire_choices":[{"data":"Go for the Eyes","floor":7,"key":"SMITH"},{"floor":10,"key":"REST"},{"data":"Reprogram","floor":15,"key":"SMITH"},{"data":"Stack","floor":23,"key":"SMITH"},{"data":"Zap","floor":28,"key":"SMITH"},{"data":"Undo","floor":32,"key":"SMITH"}],"circlet_count":0,"master_deck":["AscendersBane","Strike_B","Strike_B","Strike_B","Defend_B","Defend_B","Defend_B+1","Defend_B","Zap+1","Dualcast","Go for the Eyes+1","Sweeping Beam+1","Steam","Reprogram+1","Capacitor","Stack+1","All For One","Undo+1","Beam Cell+1","Doom and Gloom+1","Self Repair","Doom and Gloom","Steam Power+1","Rebound+1"],"relics":["Busted Crown","Pen Nib","Regal Pillow","Meat on the Bone","Coffee Dripper","Bronze Scales","Prayer Wheel","Tiny Chest","White Beast Statue","Toxic Egg 2"],"acts_visited":["Exordium","TheCity"],"potions_floor_usage":[6,6,16,16,29,29,29,29,31],"damage_taken":[{"damage":0,"enemies":"Small Slimes","floor":1,"turns":3},{"damage":7,"enemies":"Jaw Worm","floor":2,"turns":3},{"damage":0,"enemies":"Cultist","floor":5,"turns":3},{"damage":20,"enemies":"Lagavulin","floor":6,"turns":4},{"damage":0,"enemies":"Exordium Wildlife","floor":8,"turns":2},{"damage":13,"enemies":"Gremlin Gang","floor":11,"turns":4},{"damage":2,"enemies":"Looter","floor":12,"turns":3},{"damage":42,"enemies":"Gremlin Nob","floor":13,"turns":6},{"damage":4,"enemies":"Lots of Slimes","floor":14,"turns":3},{"damage":1,"enemies":"Hexaghost","floor":16,"turns":11},{"damage":12,"enemies":"Spheric Guardian","floor":18,"turns":4},{"damage":10,"enemies":"Shell Parasite","floor":19,"turns":6},{"damage":6,"enemies":"Snecko","floor":22,"turns":5},{"damage":11,"enemies":"Snake Plant","floor":25,"turns":4},{"damage":16,"enemies":"Sentry and Sphere","floor":27,"turns":5},{"damage":16,"enemies":"Gremlin Leader","floor":29,"turns":5},{"damage":7,"enemies":"Snecko","floor":31,"turns":6},{"damage":41,"enemies":"Automaton","floor":33,"turns":6}],"seed_played":"1519404458567355677","potions_obtained":[{"floor":2,"key":"Strength Potion"},{"floor":5,"key":"SkillPotion"},{"floor":13,"key":"Swift Potion"},{"floor":14,"key":"Regen Potion"},{"floor":18,"key":"Strength Potion"},{"floor":22,"key":"Explosive Potion"},{"floor":25,"key":"EntropicBrew"},{"floor":31,"key":"SteroidPotion"}],"is_trial":false,"path_per_floor":["M","M","?","?","M","E","R","M","T","R","M","M","E","M","R","B",null,"M","M","?","T","M","R","?","M","T","M","R","E","$","M","R","B"],"character_chosen":"DEFECT","items_purchased":["White Beast Statue","Toxic Egg 2","Doom and Gloom","Steam Power+1"],"campfire_rested":1,"item_purchase_floors":[30,30,30,30],"current_hp_per_floor":[68,61,46,46,46,26,26,26,26,63,50,48,6,14,14,40,66,54,44,30,30,36,36,36,37,37,33,33,29,29,41,41,0,0],"gold":25,"neow_bonus":"BOSS_RELIC","is_daily":false,"chose_seed":false,"campfire_upgraded":5,"win_rate":0.0,"timestamp":1611734043,"path_taken":["M","M","?","?","M","E","R","M","T","R","M","M","E","M","R","BOSS","M","M","?","?","?","R","?","M","T","M","R","E","$","M","R","BOSS"],"items_purchased_type":["Relic","Relic","Card","Card"],"build_version":"2020-12-22","purchased_purges":1,"victory":false,"max_hp_per_floor":[75,75,75,75,75,75,75,75,75,75,75,75,75,75,75,75,75,75,75,80,80,80,80,80,80,80,80,80,80,80,80,80,80,80],"card_choices":[{"not_picked":[],"picked":"Go for the Eyes","floor":1},{"not_picked":[],"picked":"Sweeping Beam","floor":2},{"not_picked":["Turbo"],"picked":"SKIP","floor":5},{"not_picked":[],"picked":"Steam","floor":6},{"not_picked":[],"picked":"Reprogram","floor":8},{"not_picked":["Double Energy"],"picked":"SKIP","floor":11},{"not_picked":["Turbo"],"picked":"SKIP","floor":12},{"not_picked":[],"picked":"Capacitor","floor":13},{"not_picked":[],"picked":"Stack","floor":14},{"not_picked":[],"picked":"All For One","floor":16},{"not_picked":[],"picked":"Undo","floor":18},{"not_picked":[],"picked":"Beam Cell+1","floor":19},{"not_picked":["Lockon"],"picked":"SKIP","floor":22},{"not_picked":["Leap"],"picked":"SKIP","floor":25},{"not_picked":[],"picked":"Doom and Gloom+1","floor":27},{"not_picked":["Leap"],"picked":"SKIP","floor":27},{"not_picked":[],"picked":"Self Repair","floor":29},{"not_picked":[],"picked":"Rebound+1","floor":31},{"not_picked":["Streamline"],"picked":"SKIP","floor":31}],"player_experience":1182285,"relics_obtained":[{"floor":6,"key":"Pen Nib"},{"floor":9,"key":"Regal Pillow"},{"floor":13,"key":"Meat on the Bone"},{"floor":21,"key":"Bronze Scales"},{"floor":26,"key":"Prayer Wheel"},{"floor":29,"key":"Tiny Chest"}],"event_choices":[{"damage_healed":0,"gold_gain":0,"player_choice":"Entered Light","damage_taken":15,"max_hp_gain":0,"max_hp_loss":0,"event_name":"Shining Light","floor":3,"gold_loss":0,"cards_upgraded":["Sweeping Beam","Defend_B"]},{"damage_healed":0,"gold_gain":0,"player_choice":"Ignored","damage_taken":0,"max_hp_gain":0,"max_hp_loss":0,"event_name":"NoteForYourself","floor":4,"gold_loss":0},{"damage_healed":0,"gold_gain":0,"player_choice":"Shed Blood","damage_taken":19,"max_hp_gain":5,"max_hp_loss":0,"event_name":"Forgotten Altar","floor":20,"gold_loss":0},{"damage_healed":0,"gold_gain":200,"player_choice":"Gold","damage_taken":0,"max_hp_gain":0,"max_hp_loss":0,"event_name":"Wheel of Change","floor":24,"gold_loss":0}],"is_beta":false,"boss_relics":[{"not_picked":["Calling Bell","Snecko Eye"],"picked":"Coffee Dripper"}],"items_purged_floors":[30],"is_endless":false,"potions_floor_spawned":[2,5,13,14,18,22,25,31],"killed_by":"Automaton","ascension_level":10}}