{"host":"ijtzdp8x8o2bpzki","time":1611791173,"event":{"mods":["AchievementEnabler","BaseMod","Colored Map","Colored Powertips","DeckTracker","Minty Spire (QoL Compilation)"],"gold_per_floor":[213,313,17,17,33,58,69,96,166,166,191,207,225,242,242,338,338,352,352,352,9,9,36,36,71,71,71,105,105,120,120,120,225,225,238,2,52,52,52,80,80,99,124,124,138,138,155,167,167,167],"floor_reached":51,"language":"ENG","playtime":2234,"items_purged":["Strike_B","Strike_B","Defend_B"],"score":839,"play_id":"898d84e8-965a-4133-b5a7-1ffe71482c64","local_time":"20210128024613","is_ascension_mode":true,"campfire_choices":[{"floor":10,"key":"REST"},{"floor":15,"key":"REST"},{"floor":24,"key":"REST"},{"data":"Static Discharge","floor":27,"key":"SMITH"},{"data":"Storm","floor":29,"key":"SMITH"},{"floor":32,"key":"REST"},{"floor":41,"key":"REST"},{"floor":46,"key":"REST"},{"data":"Tempest","floor":49,"key":"SMITH"}],"circlet_count":0,"master_deck":["Defend_B","Defend_B","Defend_B","Zap","Dualcast","Compile Driver","Static Discharge+1","Rebound","Storm+1","Cold Snap","Sweeping Beam","Conserve Battery","Ball Lightning","Loop+1","Electrodynamics+1","Redo+1","Hologram","Rip and Tear","Capacitor+1","Conserve Battery","Parasite","Seek+1","Leap","Conserve Battery+1","Barrage+1","Writhe","Injury","Sunder+1","Tempest+1","Decay","Capacitor+1","Ball Lightning+1","Barrage+1"],"relics":["Cracked Core","Tiny Chest","Turnip","Art of War","Frozen Egg 2","Ancient Tea Set","Cursed Key","WingedGreaves","Membership Card","Strawberry","Eternal Feather","Juzu Bracelet","Pocketwatch","Vajra","Empty Cage","Gremlin Horn","CaptainsWheel","Calipers","Boot","Regal Pillow"],"acts_visited":["Exordium","TheCity","TheBeyond"],"potions_floor_usage":[8,16,16,25,33,36,37,50,50,50],"damage_taken":[{"damage":2,"enemies":"2 Louse","floor":1,"turns":3},{"damage":1,"enemies":"Cultist","floor":5,"turns":4},{"damage":33,"enemies":"3 Sentries","floor":6,"turns":6},{"damage":6,"enemies":"Jaw Worm","floor":7,"turns":3},{"damage":10,"enemies":"Gremlin Nob","floor":8,"turns":4},{"damage":16,"enemies":"3 Sentries","floor":11,"turns":6},{"damage":10,"enemies":"Large Slime","floor":12,"turns":4},{"damage":7,"enemies":"3 Louse","floor":13,"turns":4},{"damage":2,"enemies":"Red Slaver","floor":14,"turns":3},{"damage":0,"enemies":"Slime Boss","floor":16,"turns":5},{"damage":10,"enemies":"Shell Parasite","floor":18,"turns":5},{"damage":40,"enemies":"Book of Stabbing","floor":23,"turns":5},{"damage":22,"enemies":"Slavers","floor":25,"turns":4},{"damage":21,"enemies":"Gremlin Leader","floor":28,"turns":6},{"damage":12,"enemies":"2 Thieves","floor":30,"turns":3},{"damage":58,"enemies":"Champ","floor":33,"turns":11},{"damage":5,"enemies":"3 Darklings","floor":35,"turns":3},{"damage":23,"enemies":"Mind Bloom Boss Battle","floor":37,"turns":6},{"damage":42,"enemies":"Nemesis","floor":40,"turns":5},{"damage":7,"enemies":"Orb Walker","floor":42,"turns":3},{"damage":28,"enemies":"Jaw Worm Horde","floor":45,"turns":2},{"damage":0,"enemies":"Sphere and 2 Shapes","floor":47,"turns":1},{"damage":15,"enemies":"Spire Growth","floor":48,"turns":4},{"damage":83,"enemies":"Time Eater","floor":50,"turns":9}],"seed_played":"2434543413654925888","potions_obtained":[{"floor":5,"key":"Block Potion"},{"floor":6,"key":"SteroidPotion"},{"floor":12,"key":"PowerPotion"},{"floor":13,"key":"Fire Potion"},{"floor":28,"key":"Ancient Potion"},{"floor":33,"key":"EssenceOfSteel"},{"floor":40,"key":"Swift Potion"},{"floor":42,"key":"ColorlessPotion"},{"floor":45,"key":"Energy Potion"}],"is_trial":false,"path_per_floor":["M","?","$","?","M","E","M","E","T","R","E","M","M","M","R","B",null,"M","?","?","$","T","E","R","E","T","R","E","R","M","?","R","B",null,"M","$","?","?","T","E","R","M","T","?","M","R","M","M","R","B",null],"character_chosen":"DEFECT","items_purchased":["Static Discharge","Tiny Chest","Capacitor+1","Conserve Battery","Membership Card","Fruit Juice","Gremlin Horn"],"campfire_rested":6,"item_purchase_floors":[3,3,21,21,21,36,36],"current_hp_per_floor":[73,73,73,73,72,39,33,23,23,45,29,19,12,10,32,32,75,65,65,65,65,72,32,68,46,46,61,40,55,43,43,82,24,82,77,82,59,81,81,39,80,73,73,73,45,87,87,72,87,4],"gold":167,"neow_bonus":"HUNDRED_GOLD","is_daily":false,"chose_seed":false,"campfire_upgraded":3,"win_rate":0.0,"timestamp":1611791173,"path_taken":["M","?","?","?","M","E","M","E","T","R","E","M","M","M","R","BOSS","M","?","?","$","?","E","R","E","T","R","E","R","M","?","R","BOSS","M","$","?","?","?","E","R","M","T","?","M","R","M","M","R","BOSS"],"items_purchased_type":["Card","Relic","Card","Card","Relic","Potion","Relic"],"build_version":"2020-12-22","purchased_purges":3,"victory":true,"max_hp_per_floor":[75,75,75,75,75,75,75,75,75,75,75,75,75,75,75,75,75,75,75,75,75,82,82,82,82,82,82,82,82,82,82,82,82,82,82,87,87,87,87,87,87,87,87,87,87,87,87,87,87,87],"card_choices":[{"not_picked":["Gash","Steam"],"picked":"Compile Driver","floor":1},{"not_picked":["Gash","Aggregate"],"picked":"Rebound","floor":5},{"not_picked":["Turbo","FTL"],"picked":"Storm","floor":6},{"not_picked":["Go for the Eyes","Coolheaded"],"picked":"Cold Snap","floor":7},{"not_picked":["Go for the Eyes","Genetic Algorithm"],"picked":"Sweeping Beam","floor":8},{"not_picked":["Rip and Tear","Compile Driver","Chill"],"picked":"SKIP","floor":11},{"not_picked":["Amplify","Consume"],"picked":"Conserve Battery","floor":12},{"not_picked":["Streamline","Gash"],"picked":"Ball Lightning","floor":13},{"not_picked":["Cold Snap","Conserve Battery"],"picked":"Loop+1","floor":14},{"not_picked":["All For One","Buffer+1"],"picked":"Electrodynamics+1","floor":16},{"not_picked":["Rebound","Steam Power"],"picked":"Redo+1","floor":18},{"not_picked":["Steam","Tempest"],"picked":"Seek","floor":23},{"not_picked":["Compile Driver","Go for the Eyes+1"],"picked":"Leap","floor":25},{"not_picked":["Barrage","Rip and Tear","Stack"],"picked":"SKIP","floor":28},{"not_picked":["Hologram","Aggregate","Hello World+1"],"picked":"SKIP","floor":30},{"not_picked":["Chaos+1","Redo"],"picked":"Conserve Battery+1","floor":35},{"not_picked":["Electrodynamics+1","Doom and Gloom"],"picked":"Barrage+1","floor":37},{"not_picked":["Go for the Eyes+1","Rainbow"],"picked":"Sunder+1","floor":40},{"not_picked":["Sweeping Beam+1","Rebound+1"],"picked":"Tempest","floor":42},{"not_picked":["Static Discharge+1","Barrage+1"],"picked":"Ball Lightning+1","floor":45},{"not_picked":["Rebound+1","White Noise","Melter+1"],"picked":"SKIP","floor":47},{"not_picked":["Chaos+1","Rebound"],"picked":"Barrage+1","floor":48}],"player_experience":81330,"relics_obtained":[{"floor":6,"key":"Turnip"},{"floor":8,"key":"Art of War"},{"floor":9,"key":"Frozen Egg 2"},{"floor":11,"key":"Ancient Tea Set"},{"floor":22,"key":"Strawberry"},{"floor":23,"key":"Eternal Feather"},{"floor":25,"key":"Juzu Bracelet"},{"floor":26,"key":"Pocketwatch"},{"floor":28,"key":"Vajra"},{"floor":37,"key":"CaptainsWheel"},{"floor":39,"key":"Calipers"},{"floor":40,"key":"Boot"},{"floor":43,"key":"Regal Pillow"}],"event_choices":[{"damage_healed":0,"gold_gain":100,"player_choice":"Gold","damage_taken":0,"max_hp_gain":0,"max_hp_loss":0,"event_name":"Wheel of Change","floor":2,"gold_loss":0},{"damage_healed":0,"gold_gain":0,"player_choice":"Ignored","damage_taken":0,"max_hp_gain":0,"max_hp_loss":0,"event_name":"Liars Game","floor":4,"gold_loss":0},{"damage_healed":0,"gold_gain":0,"player_choice":"Opened","damage_taken":0,"relics_obtained":["WingedGreaves"],"max_hp_gain":0,"max_hp_loss":0,"event_name":"The Mausoleum","floor":19,"gold_loss":0,"cards_obtained":["Writhe"]},{"damage_healed":0,"gold_gain":0,"cards_transformed":["Strike_B","Strike_B"],"player_choice":"Became Test Subject","damage_taken":0,"max_hp_gain":0,"max_hp_loss":0,"event_name":"Drug Dealer","floor":20,"gold_loss":0,"cards_obtained":["Hologram","Rip and Tear"]},{"damage_healed":0,"gold_gain":0,"player_choice":"Upgraded","damage_taken":0,"max_hp_gain":0,"max_hp_loss":0,"event_name":"Upgrade Shrine","floor":31,"gold_loss":0,"cards_upgraded":["Seek"]},{"damage_healed":0,"gold_gain":0,"player_choice":"Fight","damage_taken":0,"max_hp_gain":0,"max_hp_loss":0,"event_name":"MindBloom","floor":37,"gold_loss":0},{"damage_healed":22,"gold_gain":0,"player_choice":"Writhe","damage_taken":0,"max_hp_gain":0,"max_hp_loss":0,"event_name":"Winding Halls","floor":38,"gold_loss":0,"cards_obtained":["Writhe"]},{"damage_healed":0,"gold_gain":0,"player_choice":"Copied","damage_taken":0,"max_hp_gain":0,"max_hp_loss":0,"event_name":"Duplicator","floor":44,"gold_loss":0,"cards_obtained":["Capacitor"]}],"is_beta":false,"boss_relics":[{"not_picked":["Fusion Hammer","Runic Pyramid"],"picked":"Cursed Key"},{"not_picked":["Philosopher\u0027s Stone","Black Star"],"picked":"Empty Cage"}],"items_purged_floors":[3,21,36],"is_endless":false,"potions_floor_spawned":[5,6,12,13,28,33,40,42,45],"ascension_level":1}}