{"host":"htz0vj76zckzolyr","time":1611732098,"event":{"mods":["Act Like it!","Arknights The Spire","BaseMod","CapriCore","Colored Map","Colored Powertips","Downfall","Friendly Minions","Gensokyo","KinomotoSakuraMod(Ä¾Ö®±¾Ó£)","Lobotomy","LobotomyExtend","Marisa£¨ìFÓê¡¡Ä§ÀíÉ³£©","Minty Spire (QoL Compilation)","Quick Restart","Relic Stats","Shop Mod","StSLib","The Administrix","The Animator"],"gold_per_floor":[99,16,16,16,35,63,86,86,99,99,199,224,24,55,72,72,72,72],"floor_reached":16,"language":"ZHS","playtime":1325,"items_purged":[],"score":116,"play_id":"79a28fe6-2739-46d7-a5d1-514a66efd083","local_time":"20210127152138","is_ascension_mode":false,"campfire_choices":[{"data":"hexamod:HexaLevel","floor":1,"key":"SMITH"},{"data":"hexamod:TimeWarp","floor":8,"key":"SMITH"},{"floor":10,"key":"RECALL"},{"data":"hexamod:FastForward","floor":13,"key":"SMITH"}],"circlet_count":0,"master_deck":["hexamod:Strike","hexamod:Strike+1","hexamod:Strike+1","hexamod:Strike","hexamod:Defend","hexamod:Defend","hexamod:Defend","hexamod:Defend","hexamod:Sear","hexamod:HexaLevel+1","hexamod:CatchUp+1","hexamod:TimeWarp+1","hexamod:TimeOfNeed","hexamod:FastForward+1"],"relics":["hexamod:SpiritBrand","Gensokyo:Justice","LetterFromLob","Sundial","Whetstone","downfall:HeartBlessingBlue","downfall:HeartBlessingRed","Calipers"],"acts_visited":["Gensokyo:Gensokyo"],"potions_floor_usage":[],"damage_taken":[{"damage":0,"enemies":"Gensokyo:Gryphon","floor":5,"turns":3},{"damage":19,"enemies":"Gensokyo:Aya","floor":6,"turns":7},{"damage":5,"enemies":"Gensokyo:2_Kodama","floor":9,"turns":4},{"damage":20,"enemies":"Gensokyo:Cirno","floor":12,"turns":5},{"damage":10,"enemies":"Gensokyo:Mamizou","floor":14,"turns":7},{"damage":0,"enemies":"Gensokyo:3_Fairies","floor":15,"turns":3},{"damage":30,"enemies":"DF_ARCHETYPE_STREAMLINE","floor":16,"turns":6}],"seed_played":"-2972386172205648021","potions_obtained":[{"floor":5,"key":"Dexterity Potion"},{"floor":9,"key":"Slimebound:ThreeZeroPotion"}],"is_trial":false,"path_per_floor":["R","COS","?","?","M","E","T","R","M","R","?","E","R","E","M","B"],"character_chosen":"THE_SPIRIT","items_purchased":[],"campfire_rested":0,"item_purchase_floors":[],"current_hp_per_floor":[70,70,70,70,70,51,51,51,46,46,46,26,36,26,26,0,0,0],"gold":72,"neow_bonus":"ONE_RANDOM_RARE_CARD","is_daily":false,"chose_seed":false,"campfire_upgraded":3,"win_rate":0.0,"timestamp":1611732098,"path_taken":["R","COS","?","?","M","E","T","R","M","R","?","E","R","E","M","BOSS"],"items_purchased_type":[],"build_version":"2020-12-22","purchased_purges":0,"victory":false,"max_hp_per_floor":[70,70,70,70,70,70,70,70,70,70,70,70,80,80,80,80,80,80],"relic_stats":{"counters":[7,35],"Sundial":[4],"Whetstone":["hexamod:Strike","hexamod:Strike"],"obtain_stats":[{"Calipers":14,"downfall:HeartBlessingRed":13,"Sundial":6,"downfall:HeartBlessingBlue":13,"LetterFromLob":5,"Gensokyo:Justice":4,"Whetstone":12,"hexamod:SpiritBrand":0},{"Calipers":5,"downfall:HeartBlessingRed":4,"Sundial":2,"downfall:HeartBlessingBlue":4,"LetterFromLob":1,"Gensokyo:Justice":0,"Whetstone":4,"hexamod:SpiritBrand":0},{"Calipers":26,"downfall:HeartBlessingRed":19,"Sundial":10,"downfall:HeartBlessingBlue":19,"LetterFromLob":3,"Gensokyo:Justice":0,"Whetstone":19,"hexamod:SpiritBrand":0}]},"card_choices":[{"not_picked":["hexamod:EmpoweredFlame+1","hexamod:FastForward+1"],"picked":"hexamod:CatchUp+1","floor":5},{"not_picked":["hexamod:NightmareGuise","hexamod:BacktrackSmack","hexamod:GhostLash"],"picked":"SKIP","floor":5},{"not_picked":["hexamod:GhostShield","hexamod:PhantomCloak"],"picked":"hexamod:TimeWarp","floor":6},{"not_picked":["hexamod:NightmareStrike","hexamod:HeatMetal","hexamod:GhostflameBarrier"],"picked":"SKIP","floor":9},{"not_picked":["hexamod:VolcanoVisage","hexamod:TurnItUp"],"picked":"hexamod:TimeOfNeed","floor":12},{"not_picked":["hexamod:SwordOfDarkness","hexamod:RecurringNightmare"],"picked":"hexamod:FastForward","floor":12},{"not_picked":["hexamod:SpectersWail","hexamod:VolcanoVisage","hexamod:Hexaguard"],"picked":"SKIP","floor":14},{"not_picked":["hexamod:Firestarter","hexamod:HeatMetal","hexamod:EtherealExpedition"],"picked":"SKIP","floor":15}],"player_experience":669229,"relics_obtained":[{"floor":5,"key":"LetterFromLob"},{"floor":6,"key":"Sundial"},{"floor":12,"key":"Whetstone"},{"floor":14,"key":"Calipers"}],"event_choices":[],"is_beta":false,"boss_relics":[],"items_purged_floors":[],"is_endless":false,"potions_floor_spawned":[5,9],"killed_by":"DF_ARCHETYPE_STREAMLINE","ascension_level":0}}