{"host":"f7i018611qt1bmao","time":1611719410,"event":{"mods":["ATMod(阿瑾Mod)","Act Like it!","BaseMod","Chen","Duelist Mod","Hallownest","KinomotoSakuraMod(木之本樱)","Koishi","LagranYue(拉格朗・月)","Marisa（F雨　魔理沙）","Minty Spire (QoL Compilation)","Nova Terra(诺娃・泰拉)","Remilia（蕾米莉亚）","Replay The Spire","StSLib","The Administrix","The Alterego","The Animator","The Gatherer","The Mystic","The Poker Player","The Senshi","The Servant 0.9.4","The Wild Card","TheSwordswoman","TheWitcher","WarShipGirlsR/战舰少女R mod","Yakumo Yukari mod","Youmu（魂魄妖梦）","Yuri Mod","Yuyuko","【遗物卡牌】REMEMod"],"gold_per_floor":[117,117,17,17,34,94,94,112,164,18,50,50,66,84,84,84,84],"floor_reached":16,"language":"ZHS","playtime":1264,"items_purged":["alterego_mod:Defend"],"score":125,"play_id":"e1ad34e7-f61f-4aab-aa70-7d26733ce020","local_time":"20210127115010","is_ascension_mode":false,"campfire_choices":[{"floor":7,"key":"RECALL"},{"data":"alterego_mod:BigMeatyClaws","floor":12,"key":"SMITH"},{"data":"alterego_mod:TrashNCrash","floor":15,"key":"SMITH"}],"circlet_count":0,"master_deck":["alterego_mod:Strike","alterego_mod:Strike","alterego_mod:Strike","alterego_mod:Strike","alterego_mod:Impale","alterego_mod:BigMeatyClaws+1","alterego_mod:BrynhildrsRune","alterego_mod:Bunnysuit+1","alterego_mod:DiscoLights","Hallownest:skillSlugHide+1","Hallownest:skillSlugHide","Hallownest:skillSlugHide","Hallownest:skillSlugHide","Hallownest:skillSlugHide","alterego_mod:BiFurious","alterego_mod:TrashNCrash+1","alterego_mod:Pet","alterego_mod:PresenceConcealment"],"relics":["alterego_mod:MasochisticConstitution","AT_ATBox","REME_ComplimentaryCards","LagranYue:RandomDrawCardRelic","NeowsBlessing","Guide Book","REME_HourglassOfDeath"],"acts_visited":["Hallownest:Greenpath"],"potions_floor_usage":[],"damage_taken":[{"damage":2,"enemies":"Hallownest:monsterHuskGuard","floor":1,"turns":2},{"damage":1,"enemies":"Hallownest:monsterHuskWarrior","floor":5,"turns":8},{"damage":4,"enemies":"Hallownest:2_MossCreeps","floor":8,"turns":3},{"damage":8,"enemies":"Hallownest:eliteVengeflyKing","floor":11,"turns":12},{"damage":23,"enemies":"Hallownest:Guard_and_Warrior","floor":13,"turns":10},{"damage":12,"enemies":"Hallownest:Wandering_and_Horned","floor":14,"turns":5},{"damage":38,"enemies":"Hallownest:BossBrokenVessel","floor":16,"turns":8}],"seed_played":"4032895881346378981","potions_obtained":[{"floor":11,"key":"Dexterity Potion"},{"floor":13,"key":"SpeedPotion"}],"is_trial":false,"path_per_floor":["M","?","$","?","M","?","R","M","T","$","E","R","M","M","R","B"],"character_chosen":"The_Alterego","items_purchased":["alterego_mod:DiscoLights","Guide Book"],"campfire_rested":0,"item_purchase_floors":[3,10],"current_hp_per_floor":[69,59,59,59,59,59,59,56,56,56,49,49,41,30,30,0,0],"gold":84,"neow_bonus":"THREE_ENEMY_KILL","is_daily":false,"chose_seed":false,"campfire_upgraded":2,"win_rate":0.0,"timestamp":1611719410,"path_taken":["M","?","?","?","M","?","R","M","T","?","E","R","M","M","R","BOSS"],"items_purchased_type":["Card","Relic"],"build_version":"2020-12-22","purchased_purges":1,"victory":false,"max_hp_per_floor":[71,71,71,71,72,72,72,73,73,73,74,74,75,76,76,76,76],"card_choices":[{"not_picked":["alterego_mod:Pet","alterego_mod:RocketPunch"],"picked":"alterego_mod:Bunnysuit","floor":1},{"not_picked":["alterego_mod:Cycle","alterego_mod:Crossover"],"picked":"alterego_mod:BiFurious","floor":5},{"not_picked":["alterego_mod:IdEs","alterego_mod:SakuraFive"],"picked":"alterego_mod:TrashNCrash","floor":8},{"not_picked":["alterego_mod:TrashNCrash","alterego_mod:RingBreak","alterego_mod:1TonWallop"],"picked":"SKIP","floor":11},{"not_picked":["alterego_mod:Undulate","alterego_mod:Santa"],"picked":"alterego_mod:Pet","floor":13},{"not_picked":["alterego_mod:BiFurious","alterego_mod:PerceptionDisorder"],"picked":"alterego_mod:PresenceConcealment","floor":14}],"player_experience":21685,"relics_obtained":[{"floor":11,"key":"REME_HourglassOfDeath"}],"event_choices":[],"is_beta":false,"boss_relics":[],"items_purged_floors":[3],"is_endless":false,"potions_floor_spawned":[11,13],"killed_by":"Hallownest:BossBrokenVessel","ascension_level":0}}