{"host":"6r9t33axn0fzb9aq","time":1611753512,"event":{"mods":["Aspiration","BaseMod","Better Altar","Better Match","Better Note","Better Third Choice","CatGirl Mod","Clockwork Mod","Colored Map","Colored Powertips","Conspire","Curses Come First","Custom Start","Energized Spire","Halation","Hubris","Infinite Spire","Marisa????????","Minty Spire (QoL Compilation)","Onozuka Komachi Mod","Poor People Problems","Reliquary","Remilia??????","Replay The Spire","Reworked Bosses","Shade Mod","Spicy Shops","Spire Arcade","StSLib","The Blue Laboratory","The Death Knight","The Hierophant","The Marked","The Necromancer","The Servant 0.9.4","TheHero","Trackpad","Waifu the Spire","Wandering Minibosses"],"gold_per_floor":[109,122,188,198,118,118,137,137,137,137,137,125,125,189,189,189,189],"floor_reached":16,"language":"ENG","playtime":2090,"items_purged":[],"score":92,"play_id":"1693a71a-25ca-4a80-bc53-86d41b8ec04b","local_time":"20210127131832","is_ascension_mode":false,"campfire_choices":[{"data":"Clockwork:AssemblyLine","floor":6.0,"key":"SMITH"},{"data":"Clockwork:Friction","floor":10.0,"key":"SMITH"},{"floor":13,"key":"REST"},{"data":"Clockwork:ChargingBlade","floor":15,"key":"SMITH"}],"circlet_count":0,"master_deck":["Clockwork:Strike","Clockwork:Strike","Clockwork:Strike","Clockwork:Strike","Clockwork:Shield","Clockwork:Shield","Clockwork:Shield","Clockwork:Shield","Clockwork:Tinker","Clockwork:WarmUp","Clockwork:Friction+1","Clockwork:Clone","Clockwork:CogBarrier","Clockwork:AssemblyLine+1","Clockwork:EnthusiasticStrike","Clockwork:ChargingBlade+1","Clockwork:ReserveSystems"],"relics":["Clockwork:MomentumEngine","halation:EternalFortune","hubris:MobiusCoin","Centennial Puzzle"],"acts_visited":["Exordium"],"potions_floor_usage":[16,16],"damage_taken":[{"damage":3.0,"enemies":"Cultist","floor":1.0,"turns":8.0},{"damage":2.0,"enemies":"Small Slimes","floor":2.0,"turns":5.0},{"damage":1.0,"enemies":"Jaw Worm","floor":4.0,"turns":5.0},{"damage":11.0,"enemies":"Blue Slaver","floor":7.0,"turns":8.0},{"damage":30,"enemies":"Exordium Thugs","floor":12,"turns":7},{"damage":16,"enemies":"Exordium Wildlife","floor":14,"turns":5},{"damage":61,"enemies":"Slime Boss","floor":16,"turns":13}],"seed_played":"-290974499143216746","potions_obtained":[{"floor":4.0,"key":"blueLaboratory:BottleOfVodka"},{"floor":14,"key":"infinitespire:BlackPotion"}],"is_trial":false,"path_per_floor":["M","M","?","M","$","R","M","?","T","R","?","M","R","M","R","B"],"character_chosen":"CLOCKWORK","items_purchased":["Clockwork:AssemblyLine"],"campfire_rested":1,"item_purchase_floors":[5],"current_hp_per_floor":[90,88,88,87,87,87,76,79,79,79,79,49,77,61,61,0,0],"gold":189,"neow_bonus":"TEN_PERCENT_HP_BONUS","is_daily":false,"chose_seed":false,"campfire_upgraded":3,"win_rate":0.0,"timestamp":1611753512,"path_taken":["M","M","?","M","$","R","M","?","T","R","?","M","R","?","R","BOSS"],"items_purchased_type":["Card"],"build_version":"2020-12-22","purchased_purges":0,"victory":false,"max_hp_per_floor":[93,93,93,93,93,93,93,96,96,96,96,96,96,96,96,96,96],"card_choices":[{"not_picked":["Clockwork:SystemHardening","Clockwork:CogBarrier"],"picked":"Clockwork:Friction","floor":1.0},{"not_picked":["Clockwork:ChargingBlade","Clockwork:StasisBreak"],"picked":"Clockwork:Clone","floor":2.0},{"not_picked":["Clockwork:InertialShield","Clockwork:ChargingShield"],"picked":"Clockwork:CogBarrier","floor":4.0},{"not_picked":["Clockwork:PerfectedShield","Clockwork:Improve"],"picked":"Clockwork:EnthusiasticStrike","floor":7.0},{"not_picked":["Clockwork:ChargingShield","Clockwork:AdaptiveShield"],"picked":"Clockwork:ChargingBlade","floor":12},{"not_picked":["Clockwork:CogToss","Clockwork:Redundancy"],"picked":"Clockwork:ReserveSystems","floor":14}],"player_experience":402682,"relics_obtained":[{"floor":9.0,"key":"hubris:MobiusCoin"}],"event_choices":[{"damage_healed":0.0,"max_hp_gain":0.0,"max_hp_loss":0.0,"gold_gain":66.0,"event_name":"Golden Wing","player_choice":"Gained Gold","floor":3.0,"gold_loss":0.0,"damage_taken":0.0}],"is_beta":false,"boss_relics":[],"items_purged_floors":[],"is_endless":false,"potions_floor_spawned":[4,14],"killed_by":"Slime Boss","ascension_level":0}}