{"host":"mmvmlqmvbrlj5jge","time":1611751354,"event":{"mods":["Act Like it!","BaseMod","Dota2Spire","Gensokyo","GifTheSpireLib","Hallownest","Lobotomy","Mari Mod (Legacy)","Mari\u0027s V1 Patch","Minty Spire (QoL Compilation)","MostiFishMod","Pale of the Ancients","Quick Restart","Remilia（蕾米莉亚）","Replay The Spire","RumiaBox-露米娅的神秘盒子","Spicy Shops","StSLib","TestMod","The Bug Knight","noobMod","【功能Mod】混沌之环修复补丁","【遗物卡牌】REMEMod","篝火指南"],"gold_per_floor":[112,125,125,140,197,222,240,90,142,169,184,198,229,243,243,341,341,355,369,440,455,554,582,249,249,249,259,287,301,334,347,347,449,449,460,185,185,205,225,225,256,256,283,311,311,336,336,364,364,364,384,400,500,42,42,42,42],"floor_reached":56,"language":"ZHS","playtime":2319,"items_purged":["Strike_RM","RedMoon","BloodyHallows","Defend_RM"],"score":1521,"play_id":"a362381e-a8c0-484b-9cf8-69ef3000867d","local_time":"20210127204234","is_ascension_mode":true,"campfire_choices":[{"data":"MastersStateliness","floor":15.0,"key":"SMITH"},{"data":"MostiFishMod:Nomercy","floor":32.0,"key":"SMITH"},{"data":"Eruption","floor":40.0,"key":"SMITH"},{"data":"MastersStateliness","floor":42.0,"key":"SMITH"},{"data":"Looming Evil","floor":49.0,"key":"PURGE"},{"data":"MastersStateliness","floor":55.0,"key":"SMITH"}],"circlet_count":0,"master_deck":["Strike_RM","Strike_RM","Strike_RM","Defend_RM","Defend_RM","ScarletShoot+1","MostiFishMod:Nomercy+1","MastersStateliness","MastersStateliness+1","MastersStateliness+1","MastersStateliness","MastersStateliness+1","MastersStateliness+1","MastersStateliness+1"],"relics":["testmod-TestBox","REME_ComplimentaryCards","ice","Jackal-EndForJourney","testmod-TimeTraveler","testmod-NegativeEmotionEnhancer","SynthV:TestCard","AddBug","SecretRecord","SecretRecord","SecretRecord","SecretRecord","SecretRecord","SecretRecord","SecretRecord"],"acts_visited":["Gensokyo:Gensokyo","TheCity","Gensokyo:Gensokyoest","paleoftheancients:PaleOfTheAncients"],"potions_floor_usage":[],"damage_taken":[{"damage":0.0,"enemies":"Gensokyo:2_Kodama","floor":1.0,"turns":1.0},{"damage":4.0,"enemies":"Gensokyo:Gryphon","floor":2.0,"turns":3.0},{"damage":4.0,"enemies":"Gensokyo:3_Fairies","floor":4.0,"turns":4.0},{"damage":31.0,"enemies":"Gensokyo:Mamizou","floor":6.0,"turns":5.0},{"damage":10.0,"enemies":"Gensokyo:3_Kodama","floor":7.0,"turns":3.0},{"damage":29.0,"enemies":"Gensokyo:Aya","floor":10.0,"turns":5.0},{"damage":7.0,"enemies":"Gensokyo:VengefulSpirit","floor":11.0,"turns":3.0},{"damage":14.0,"enemies":"Gensokyo:CorruptedTreant","floor":12.0,"turns":4.0},{"damage":8.0,"enemies":"Gensokyo:Mamizou","floor":13.0,"turns":5.0},{"damage":13.0,"enemies":"Gensokyo:3_Kodama","floor":14.0,"turns":3.0},{"damage":86.0,"enemies":"Gensokyo:Yukari","floor":16.0,"turns":9.0},{"damage":49.0,"enemies":"2 Thieves","floor":18.0,"turns":4.0},{"damage":31.0,"enemies":"Shell Parasite","floor":19.0,"turns":3.0},{"damage":17.0,"enemies":"Cultist and Chosen","floor":21.0,"turns":4.0},{"damage":52.0,"enemies":"HollowMod:Nosk","floor":23.0,"turns":4.0},{"damage":20.0,"enemies":"Shelled Parasite and Fungi","floor":27.0,"turns":2.0},{"damage":7.0,"enemies":"Replay:Snechameleon","floor":28.0,"turns":2.0},{"damage":0.0,"enemies":"Snake Plant","floor":29.0,"turns":2.0},{"damage":8.0,"enemies":"Book of Stabbing","floor":30.0,"turns":2.0},{"damage":8.0,"enemies":"Snecko","floor":31.0,"turns":2.0},{"damage":33.0,"enemies":"Collector","floor":33.0,"turns":3.0},{"damage":0.0,"enemies":"Gensokyo:AncientGuardian","floor":35.0,"turns":2.0},{"damage":0.0,"enemies":"Gensokyo:3_Bats","floor":38.0,"turns":3.0},{"damage":0.0,"enemies":"Gensokyo:3_Boulders","floor":39.0,"turns":2.0},{"damage":0.0,"enemies":"Gensokyo:Marisa","floor":41.0,"turns":2.0},{"damage":0.0,"enemies":"Gensokyo:Kasen","floor":44.0,"turns":3.0},{"damage":6.0,"enemies":"Gensokyo:Marisa","floor":46.0,"turns":2.0},{"damage":0.0,"enemies":"Gensokyo:Doremy","floor":48.0,"turns":3.0},{"damage":0.0,"enemies":"Gensokyo:Yuyuko","floor":50.0,"turns":3.0},{"damage":0.0,"enemies":"Gensokyo:Yuyuko","floor":51.0,"turns":4.0},{"damage":189.0,"enemies":"Gensokyo:Yuyuko","floor":52.0,"turns":3.0},{"damage":4025,"enemies":"Gensokyo:Yuyuko","floor":56,"turns":9}],"seed_played":"-7982178892826889511","potions_obtained":[{"floor":2.0,"key":"SteroidPotion"},{"floor":4.0,"key":"GamblersBrew"},{"floor":6.0,"key":"Dota2Spire:Clarity"}],"is_trial":false,"path_per_floor":["M","M","?","M","?","E","M","$","T","E","M","M","E","M","R","B",null,"M","M","T","M","?","E","$","?","T","M","E","M","E","M","R","B",null,"M","$","?","M","M","R","E","R","T","E","?","E","?","E","R","B","M","M","?","$","R","M"],"character_chosen":"REMILIA","items_purchased":["Dota2Spire:BladeMail","MastersStateliness","Replay:Accelerometer","Replay:Wax Seal","Mango","TimeFreeze","BrkXgEgg"],"campfire_rested":0,"item_purchase_floors":[8,24,24,54,54,54,54],"current_hp_per_floor":[71,74,74,78,78,51,48,48,48,30,29,22,20,86,86,14,76,56,45,45,40,40,30,30,30,30,111,106,112,118,112,112,103,118,120,120,120,125,128,128,130,130,130,136,136,140,140,142,142,150,156,138,138,138,138,0,0],"gold":42,"neow_bonus":"BOSS_RELIC","is_daily":false,"chose_seed":false,"campfire_upgraded":5,"win_rate":0.0,"timestamp":1611751354,"path_taken":["M","M","?","M","?","E","M","$","T","E","M","?","E","?","R","BOSS","M","M","?","M","?","E","$","?","T","?","E","M","E","M","R","BOSS","M","$","?","M","M","R","E","R","T","E","?","E","?","E","R","BOSS","M","M","?","$","R","M"],"items_purchased_type":["Relic","Card","Relic","Relic","Relic","Relic","Relic"],"build_version":"2020-12-22","purchased_purges":4,"victory":false,"max_hp_per_floor":[76,77,77,78,78,79,80,80,80,81,82,83,84,86,86,96,96,102,105,105,109,109,110,110,110,110,111,114,115,118,119,119,123,123,124,124,124,127,128,128,135,135,135,137,137,146,146,150,150,152,157,187,187,187,187,732,732],"card_choices":[{"not_picked":["ScarletImprint","StarOfDavid"],"picked":"MastersStateliness","floor":1.0},{"not_picked":["StarOfDavid","BloodHunter","RedRainbow","UltimateOffering","GlobalNightmare"],"picked":"SKIP","floor":2.0},{"not_picked":["UltimateOffering","GlobalNightmare","ScarletDevil","DiffusionOfMisfortune","MiserableFate"],"picked":"SKIP","floor":4.0},{"not_picked":["LeisurelyOfLord","TransientEternity","DemonKingCradle","BloodHunter","VampireKiss"],"picked":"SKIP","floor":6.0},{"not_picked":["DiffusionOfMisfortune","Ultimatum","BloodHunter","FavorOfDestiny","NightDance"],"picked":"SKIP","floor":7.0},{"not_picked":["BloodHunter","UnstableMagic","ScarletNetherworld","BombardNight","RedRainbow"],"picked":"SKIP","floor":10.0},{"not_picked":["UnstableMagic","QueenOfMidnight","CharismaGuard","BlasphemousPunishment"],"picked":"MastersStateliness","floor":11.0},{"not_picked":["FavorOfDestiny","StarOfDavid","VampireFantasy","EndlessAdversity","BadLadyScramble"],"picked":"SKIP","floor":12.0},{"not_picked":["CharismaGuard","BloodAndWine","BlasphemousPunishment","BloodyHallows","UltimateOffering"],"picked":"SKIP","floor":13.0},{"not_picked":["DiffusionOfMisfortune","EmergencyRegeneration","BlasphemousPunishment","UnstableMagic"],"picked":"MastersStateliness","floor":14.0},{"not_picked":["BombardNight+1","UnstableMagic+1","EndlessAdversity","VampirishNight+1","RedRainbow"],"picked":"SKIP","floor":18.0},{"not_picked":["StarOfDavid","ReincarnationDial","BloodHunter+1","UnderTheZenith","VampireKiss"],"picked":"SKIP","floor":19.0},{"not_picked":["VampirishNight+1","BloodySeventeenLaser","BombardNight","LeisurelyOfLord","BloodHunter"],"picked":"SKIP","floor":21.0},{"not_picked":["CeilingFear","RedMagic","NightDance","RedNightlessCastle"],"picked":"MastersStateliness","floor":23.0},{"not_picked":["ScarletImprint","StarOfDavid","BloodAndWine","EndlessAdversity+1","RedRainbow"],"picked":"SKIP","floor":27.0},{"not_picked":["FitfulNightmare","UnstableMagic","ScarletNetherworld+1","Maim","VampireSweep"],"picked":"SKIP","floor":28.0},{"not_picked":["BombardNight","ScarletNetherworld","FavorOfDestiny","UnderTheZenith","ForecastOfChange"],"picked":"SKIP","floor":29.0},{"not_picked":["DevilSight","ScarletImprint+1","DiffusionOfMisfortune","Septette","ChainGang"],"picked":"SKIP","floor":30.0},{"not_picked":["BlasphemousPunishment","NightDance","EmergencyRegeneration","FavorOfDestiny","EndlessAdversity+1"],"picked":"SKIP","floor":31.0},{"not_picked":["ForbiddenFruit+1","Stigmanizer","UnstableMagic+1","FitfulNightmare+1"],"picked":"MastersStateliness+1","floor":35.0},{"not_picked":["RedNightlessCastle","BombardNight","BloodAndWine","BlasphemousPunishment+1","NightLord+1"],"picked":"SKIP","floor":38.0},{"not_picked":["ScarletImprint+1","StarOfDavid","RedMagic","RedRainbow+1","BlasphemousPunishment"],"picked":"SKIP","floor":39.0},{"not_picked":["ChaoticDestiny","EndlessAdversity","BombardNight","ForecastOfChange","DemonKingCradle"],"picked":"SKIP","floor":41.0},{"not_picked":["RedRainbow","UnstableMagic","StarOfDavid+1","VampireKiss+1","FavorOfDestiny+1"],"picked":"SKIP","floor":44.0},{"not_picked":["ScarletImprint","VampireKiss+1","BloodHunter+1","ScarletDevilSign+1","BlasphemousPunishment"],"picked":"SKIP","floor":46.0},{"not_picked":["BlasphemousPunishment","NightLord+1","ScarletCoffin","RedRainbow"],"picked":"MastersStateliness+1","floor":48.0},{"not_picked":["BloodAndWine","Ultimatum+1","ScarletNetherworld","VampireFantasy","LeisurelyOfLord+1"],"picked":"SKIP","floor":51.0},{"not_picked":["MillenniumVampire","BloodHunter+1","DevilSight+1","EndlessAdversity+1","ScarletDevilSign"],"picked":"SKIP","floor":52.0}],"player_experience":123983,"relics_obtained":[{"floor":1.0,"key":"SynthV:TestCard"},{"floor":1.0,"key":"AddBug"},{"floor":5.0,"key":"testmod-Motorcycle"},{"floor":6.0,"key":"REME_HourglassOfDeath"},{"floor":9.0,"key":"Dota2Spire:UrnOfShadows"},{"floor":10.0,"key":"Bag of Preparation"},{"floor":11.0,"key":"SecretRecord"},{"floor":13.0,"key":"Blue Doll"},{"floor":14.0,"key":"SecretRecord"},{"floor":19.0,"key":"SecretRecord"},{"floor":20.0,"key":"MagicDraw3"},{"floor":23.0,"key":"Dota2Spire:LinkenSphere"},{"floor":26.0,"key":"HollowMod:LifeEnderRelic"},{"floor":28.0,"key":"PreservedInsect"},{"floor":30.0,"key":"SecretRecord"},{"floor":30.0,"key":"testmod-RainbowHikingShoes"},{"floor":41.0,"key":"OriginationStaff"},{"floor":43.0,"key":"Lantern"},{"floor":44.0,"key":"testmod-HeartOfStrike"},{"floor":46.0,"key":"GodSword3"},{"floor":47.0,"key":"Ring of Misfortune"},{"floor":47.0,"key":"Ring of Peace"},{"floor":48.0,"key":"SecretRecord"},{"floor":48.0,"key":"DaCapo"},{"floor":51.0,"key":"paleoftheancients:SoulOfTheWokeBloke"},{"floor":51.0,"key":"SecretRecord"},{"floor":52.0,"key":"paleoftheancients:SoulOfTheIroncluck"}],"event_choices":[{"damage_healed":0.0,"max_hp_gain":0.0,"max_hp_loss":0.0,"gold_gain":99.0,"event_name":"Nest","player_choice":"Stole From Cult","floor":22.0,"gold_loss":0.0,"damage_taken":0.0},{"damage_healed":0.0,"max_hp_gain":0.0,"max_hp_loss":0.0,"gold_gain":0.0,"cards_transformed":["Defend_RM"],"event_name":"Transmorgrifier","player_choice":"Transformed","floor":25.0,"gold_loss":0.0,"damage_taken":0.0,"cards_obtained":["BloodyHallows"]},{"damage_healed":0.0,"max_hp_gain":0.0,"max_hp_loss":0.0,"gold_gain":0.0,"event_name":"给自己的盒子","player_choice":"Swap Relic","floor":37.0,"relics_lost":["DaveBox"],"gold_loss":0.0,"damage_taken":0.0,"relics_obtained":["testmod-TestBox"]},{"damage_healed":0.0,"max_hp_gain":0.0,"max_hp_loss":0.0,"gold_gain":100.0,"event_name":"Golden Shrine","player_choice":"Pray","floor":53.0,"gold_loss":0.0,"damage_taken":0.0}],"is_beta":false,"boss_relics":[{"not_picked":["testmod-SaigiyounoYou","Sozu"],"picked":"MariMod:MariFestivalBadge"},{"not_picked":["Replay:Drink Me","Dota2Spire:Bloodstone"],"picked":"Replay:Ancient Bell"}],"items_purged_floors":[8,24,36,36],"is_endless":false,"potions_floor_spawned":[2,4,6,10,13,21,23,28,29,35,41,44,48,52],"killed_by":"Gensokyo:Yuyuko","ascension_level":8}}