{"host":"1vh21042iehfvpii","time":1611786246,"event":{"mods":["Act Like it!","BaseMod","CapriCore","Chen","Colored Map","Defuse TimeMaze Blight","Downfall","Gensokyo","Hallownest","Hermit","HololiveMod","Infinite Spire","Koishi","Marisa????????","Minty Spire (QoL Compilation)","Reimu??????","Relic Stats","Remilia??????","Replay The Spire","StSLib","The Administrix","The Immortal","The Servant 0.9.4","Waifu the Spire","Youmu??????","Yuyuko"],"gold_per_floor":[214,224,179,179,193,218,218,237,316,2,2,37,37,56,56,153,153,167,187,201,211,247,247,247],"floor_reached":23,"language":"ENG","playtime":2768,"items_purged":[],"score":254,"play_id":"b67c9364-8527-4189-b41e-6e1e8eb3c04a","local_time":"20210127162406","is_ascension_mode":true,"campfire_choices":[{"data":"AdministrixMod:TouchOfCinnabar","floor":7,"key":"SMITH"},{"data":"AdministrixMod:ArmillarySphere","floor":11,"key":"SMITH"},{"floor":15,"key":"REST"}],"circlet_count":0,"master_deck":["AdministrixMod:RedCloak","AdministrixMod:BlueCloak","AdministrixMod:TouchOfCinnabar","AdministrixMod:SyncreticSurge","AdministrixMod:TouchOfCinnabar+1","AdministrixMod:BloodlessSapphire","AdministrixMod:HiddenPower","AdministrixMod:CenturiesAscent","AdministrixMod:BishamonBlessing","AdministrixMod:ArmillarySphere+1","AdministrixMod:HarmonicReverence","AdministrixMod:RegentEdict","ReplayTheSpireMod:Chaos Vortex","AdministrixMod:RebukeDesires","AdministrixMod:Mastermind","AdministrixMod:ImmortalPurity","AdministrixMod:FalseDeath","AdministrixMod:SeventeenArticleLaser","AdministrixMod:BattleforgedBonds","AdministrixMod:GuanyinBlessing","AdministrixMod:SipOfSparks","AdministrixMod:TenDesires","AdministrixMod:SealAway+1","AdministrixMod:CrackingPangu","AdministrixMod:FeastOfDew","AdministrixMod:Overdrive+1","ReplayTheSpireMod:Splinters","AdministrixMod:RebukeDesires"],"relics":["AdministrixMod:ConductorRitualBaton","FossilizedHelix","infinitespire:Broken Mirror","AdministrixMod:DragonsEyeCharm","Oddly Smooth Stone","Pandora\u0027s Box","Incense Burner"],"acts_visited":["Gensokyo:Gensokyoer"],"potions_floor_usage":[6,6,12,18,19,21],"damage_taken":[{"damage":0.0,"enemies":"Jaw Worm","floor":1.0,"turns":5.0},{"damage":1.0,"enemies":"Cultist","floor":2.0,"turns":6.0},{"damage":5.0,"enemies":"Small Slimes","floor":5.0,"turns":6.0},{"damage":9,"enemies":"Lagavulin","floor":6,"turns":18},{"damage":0,"enemies":"Blue Slaver","floor":8,"turns":5},{"damage":9,"enemies":"Gremlin Nob","floor":12,"turns":7},{"damage":5,"enemies":"Gremlin Gang","floor":14,"turns":10},{"damage":25,"enemies":"Hexaghost","floor":16,"turns":31},{"damage":0,"enemies":"Gensokyo:3_Dogs","floor":18,"turns":8},{"damage":0,"enemies":"Gensokyo:2_Gloops","floor":19,"turns":8},{"damage":24,"enemies":"Gensokyo:Wraith","floor":20,"turns":5},{"damage":7,"enemies":"Gensokyo:Slime_Group","floor":21,"turns":5},{"damage":42,"enemies":"Gensokyo:Reisen","floor":23,"turns":10}],"seed_played":"-6985894941566813506","potions_obtained":[{"floor":2.0,"key":"Regen Potion"},{"floor":5.0,"key":"ColorlessPotion"},{"floor":12,"key":"Guardian:BlockOnCardUsePotion"},{"floor":18,"key":"SkillPotion"},{"floor":19,"key":"Cursed Concoction"}],"is_trial":false,"path_per_floor":["M","M","$","?","M","E","R","M","T","$","R","E","?","M","R","B",null,"M","M","M","M","?","E"],"character_chosen":"TheAdministrix","items_purchased":["AdministrixMod:TouchOfCinnabar","AdministrixMod:DragonsEyeCharm","AdministrixMod:ArmillarySphere","Dexterity Potion","AdministrixMod:HarmonicReverence"],"campfire_rested":1,"item_purchase_floors":[3,10,10,10,10],"current_hp_per_floor":[65,64,64,64,63,65,65,65,65,65,65,56,41,36,55,34,57,61,65,41,34,34,0,0],"gold":247,"neow_bonus":"HUNDRED_GOLD","is_daily":false,"chose_seed":false,"campfire_upgraded":2,"win_rate":0.0,"timestamp":1611786246,"path_taken":["M","M","$","?","M","E","R","M","T","?","R","E","?","M","R","BOSS","M","M","M","M","?","E"],"items_purchased_type":["Card","Relic","Card","Potion","Card"],"build_version":"2020-12-22","purchased_purges":0,"victory":false,"max_hp_per_floor":[65,65,65,65,65,65,65,65,65,65,65,65,65,65,65,65,65,65,65,65,65,65,65,65],"relic_stats":{"counters":[13,124],"Pandora\u0027s Box":["AdministrixMod:ImmortalPurity","AdministrixMod:FalseDeath","AdministrixMod:SeventeenArticleLaser","AdministrixMod:BattleforgedBonds","AdministrixMod:GuanyinBlessing","AdministrixMod:SipOfSparks","AdministrixMod:TenDesires"],"obtain_stats":[{"infinitespire:Broken Mirror":9,"Oddly Smooth Stone":12,"Pandora\u0027s Box":17,"AdministrixMod:ConductorRitualBaton":0,"Incense Burner":22,"FossilizedHelix":6,"AdministrixMod:DragonsEyeCharm":10},{"infinitespire:Broken Mirror":5,"Oddly Smooth Stone":6,"Pandora\u0027s Box":8,"AdministrixMod:ConductorRitualBaton":0,"Incense Burner":12,"FossilizedHelix":4,"AdministrixMod:DragonsEyeCharm":5},{"infinitespire:Broken Mirror":40,"Oddly Smooth Stone":47,"Pandora\u0027s Box":88,"AdministrixMod:ConductorRitualBaton":0,"Incense Burner":114,"FossilizedHelix":35,"AdministrixMod:DragonsEyeCharm":40}]},"card_choices":[{"not_picked":["AdministrixMod:TrickOfTheLight","AdministrixMod:FiendishCrimson"],"picked":"AdministrixMod:TouchOfCinnabar","floor":1.0},{"not_picked":["AdministrixMod:SipOfSparks","AdministrixMod:RebukeDesires"],"picked":"AdministrixMod:SyncreticSurge","floor":2.0},{"not_picked":["AdministrixMod:Wuji","AdministrixMod:BloodlessSapphire"],"picked":"AdministrixMod:HiddenPower","floor":5.0},{"not_picked":["AdministrixMod:PlateOfAntiquity","AdministrixMod:ImmortalGrace"],"picked":"AdministrixMod:CenturiesAscent","floor":6},{"not_picked":["AdministrixMod:SipOfSparks","AdministrixMod:CenturiesAscent"],"picked":"AdministrixMod:BishamonBlessing","floor":8},{"not_picked":["AdministrixMod:SyncreticPlunge","AdministrixMod:GuanyinBlessing"],"picked":"AdministrixMod:RegentEdict","floor":12},{"not_picked":["infinitespire:Execution","infinitespire:Punishment"],"picked":"ReplayTheSpireMod:Chaos Vortex","floor":13},{"not_picked":["AdministrixMod:Katabasis","AdministrixMod:ImmortalGrace"],"picked":"AdministrixMod:RebukeDesires","floor":14},{"not_picked":["AdministrixMod:GirlsDoItBetter","AdministrixMod:FalseDeath"],"picked":"AdministrixMod:Mastermind","floor":16},{"not_picked":["AdministrixMod:DiversionaryTactic","AdministrixMod:PlateOfAntiquity"],"picked":"AdministrixMod:SealAway+1","floor":18},{"not_picked":["AdministrixMod:TrickOfTheLight","AdministrixMod:ReachToHeaven"],"picked":"AdministrixMod:CrackingPangu","floor":19},{"not_picked":["AdministrixMod:QuietConspiracy","AdministrixMod:SipOfSparks"],"picked":"AdministrixMod:FeastOfDew","floor":20},{"not_picked":["AdministrixMod:DiversionaryTactic","AdministrixMod:ImmortalPurity"],"picked":"AdministrixMod:Overdrive+1","floor":21},{"not_picked":["AdministrixMod:FuneraryRites+1","AdministrixMod:NoblePath+1"],"picked":"AdministrixMod:RebukeDesires","floor":22}],"player_experience":680739,"relics_obtained":[{"floor":6,"key":"FossilizedHelix"},{"floor":9,"key":"infinitespire:Broken Mirror"},{"floor":12,"key":"Oddly Smooth Stone"},{"floor":22,"key":"Incense Burner"}],"event_choices":[{"damage_healed":0.0,"max_hp_gain":0.0,"max_hp_loss":0.0,"gold_gain":0.0,"cards_transformed":["AdministrixMod:Strike_Administrix"],"event_name":"Transmorgrifier","player_choice":"Transformed","floor":4.0,"gold_loss":0.0,"damage_taken":0.0,"cards_obtained":["AdministrixMod:BloodlessSapphire"]}],"is_beta":false,"boss_relics":[{"not_picked":["Painkiller Herb","Replay:Ancient Bell"],"picked":"Pandora\u0027s Box"}],"items_purged_floors":[],"is_endless":false,"potions_floor_spawned":[2,5,12,18,19],"killed_by":"Gensokyo:Reisen","ascension_level":5}}