{"host":"4evnc443c98ww2zl","time":1611707520,"event":{"mods":["BaseMod","Better Third Choice","Hermit","Koishi","Luminous","Minty Spire (QoL Compilation)","Remilia??????","Robot Space Explorer","StSLib","The Administrix","The Bug Knight","The Cursed","TheSwordswoman"],"gold_per_floor":[114,127,146,146,70,70,100,110,110,120,145,160,175,195,195,299,299,317,16,16,115,148,148,166,166,166,195,213,253,82,16,16,116,116,136,154,154,167,196,196,231,256,265,291,317,337,347,376,376,376],"floor_reached":51,"language":"ENG","playtime":4286,"items_purged":[],"score":1067,"play_id":"9b474f51-ca31-4427-8505-74f094a4c994","local_time":"20210126183200","daily_mods":["SealedDeck","Diverse","Colorless Cards","Heirloom","DeadlyEvents","Elite Swarm"],"is_ascension_mode":false,"campfire_choices":[{"floor":6,"key":"RECALL"},{"data":"Corruption","floor":15,"key":"SMITH"},{"data":"Barricade","floor":23,"key":"SMITH"},{"floor":25,"key":"DIG"},{"floor":32,"key":"DIG"},{"floor":40,"key":"DIG"},{"floor":49,"key":"DIG"}],"circlet_count":0,"master_deck":["Luminous:Lights_Protection_Luminous","TheCursedMod:SurpriseAttack","AdministrixMod:NoblePath","Koishi:StingingMind","hermit:WideOpen","hermit:Quickdraw","PathToVictory","Dodge and Roll","Dodge and Roll","Backstab","BombardNight","Flash of Steel","TheCursedMod:TacticalStrike","Seek","TheCursedMod:AntiAging","Clash","TheCursedMod:SmokeScreen","TheCursedMod:SurpriseAttack","HollowMod:LifebloodCocoon","Thinking Ahead","Blind","Gluttony_TH","Barricade+1","hermit:FinalCanter","Entrench+1","Flash of Steel","Panacea+1","Madness+1","Madness+1","hermit:Feint+1","Doubt","Parasite"],"relics":["ScarletHat","Gambling Chip","Toy Ornithopter","AntiCross","Peace Pipe","Busted Crown","Turnip","Shovel","Toxic Egg 2","Frozen Egg 2","Singing Bowl","CeramicFish","Membership Card","DollysMirror","Mercury Hourglass","Cursed Key","The Courier","Pocketwatch","Unceasing Top","Pear","Du-Vu Doll","Kunai","Bag of Marbles","Lantern"],"acts_visited":["Exordium","TheCity","TheBeyond"],"potions_floor_usage":[22,27,29,39,41,42,47,50,50],"damage_taken":[{"damage":0,"enemies":"2 Louse","floor":1,"turns":1},{"damage":0,"enemies":"Jaw Worm","floor":2,"turns":1},{"damage":0,"enemies":"Cultist","floor":3,"turns":2},{"damage":19,"enemies":"3 Sentries","floor":7,"turns":6},{"damage":0,"enemies":"Looter","floor":8,"turns":1},{"damage":0,"enemies":"Exordium Wildlife","floor":10,"turns":3},{"damage":1,"enemies":"Gremlin Nob","floor":11,"turns":3},{"damage":0,"enemies":"2 Fungi Beasts","floor":12,"turns":1},{"damage":3,"enemies":"Exordium Thugs","floor":13,"turns":2},{"damage":0,"enemies":"Gremlin Gang","floor":14,"turns":1},{"damage":0,"enemies":"Slime Boss","floor":16,"turns":6},{"damage":0,"enemies":"Shell Parasite","floor":18,"turns":3},{"damage":14,"enemies":"Slavers","floor":22,"turns":5},{"damage":0,"enemies":"3 Byrds","floor":24,"turns":4},{"damage":5,"enemies":"Book of Stabbing","floor":27,"turns":4},{"damage":4,"enemies":"Centurion and Healer","floor":28,"turns":5},{"damage":17,"enemies":"Slavers","floor":29,"turns":3},{"damage":26,"enemies":"Automaton","floor":33,"turns":9},{"damage":14,"enemies":"3 Shapes","floor":35,"turns":2},{"damage":9,"enemies":"Orb Walker","floor":38,"turns":2},{"damage":23,"enemies":"Spire Growth","floor":39,"turns":4},{"damage":0,"enemies":"Reptomancer","floor":41,"turns":6},{"damage":2,"enemies":"Giant Head","floor":42,"turns":8},{"damage":18,"enemies":"Reptomancer","floor":44,"turns":6},{"damage":1,"enemies":"Giant Head","floor":45,"turns":8},{"damage":18,"enemies":"Writhing Mass","floor":46,"turns":6},{"damage":7,"enemies":"4 Shapes","floor":47,"turns":3},{"damage":0,"enemies":"Reptomancer","floor":48,"turns":4},{"damage":0,"enemies":"Time Eater","floor":50,"turns":11}],"seed_played":"4341498394762171888","potions_obtained":[{"floor":3,"key":"DestinyDice"},{"floor":7,"key":"Weak Potion"},{"floor":10,"key":"Regen Potion"},{"floor":24,"key":"Ancient Potion"},{"floor":27,"key":"ColorlessPotion"},{"floor":33,"key":"Fire Potion"},{"floor":41,"key":"Fire Potion"},{"floor":46,"key":"SkillPotion"},{"floor":48,"key":"SpeedPotion"}],"is_trial":true,"path_per_floor":["M","M","M","?","$","R","E","M","T","M","E","M","M","M","R","B",null,"M","$","?","?","E","R","M","R","T","E","M","E","$","$","R","B",null,"M","?","?","M","M","R","E","E","T","E","E","M","M","E","R","B",null],"character_chosen":"REMILIA","items_purchased":["Seek","Turnip","Membership Card","Entrench+1","DollysMirror"],"campfire_rested":0,"item_purchase_floors":[5,19,30,30,31],"current_hp_per_floor":[75,75,75,80,80,80,65,69,69,71,76,76,75,75,75,77,88,90,90,105,105,107,107,109,109,109,112,116,100,100,100,100,82,121,109,94,94,93,81,81,90,109,119,109,124,114,116,124,124,144],"gold":376,"neow_bonus":"","is_daily":false,"chose_seed":false,"campfire_upgraded":2,"win_rate":0.0,"timestamp":1611707520,"path_taken":["M","M","M","?","$","R","E","M","T","M","E","M","?","M","R","BOSS","M","$","?","?","?","R","M","R","T","E","?","E","?","$","R","BOSS","M","?","?","M","M","R","?","E","T","E","?","M","?","E","R","BOSS"],"items_purchased_type":["Card","Relic","Relic","Card","Relic"],"build_version":"2020-12-22","purchased_purges":0,"victory":true,"max_hp_per_floor":[75,75,75,80,80,80,80,80,80,82,84,84,86,86,86,88,88,90,90,105,105,107,107,109,109,109,113,117,117,117,117,117,121,121,123,123,123,127,129,129,133,137,147,151,155,159,163,167,167,169],"card_choices":[{"not_picked":["Coolheaded","Luminous:Hero_Will_Luminous"],"picked":"BombardNight","floor":1},{"not_picked":["Anger","BowlingBash"],"picked":"Flash of Steel","floor":2},{"not_picked":["blazmod:SidewaySolace","Halt"],"picked":"TheCursedMod:TacticalStrike","floor":3},{"not_picked":["Scrawl","Secret Technique"],"picked":"TheCursedMod:AntiAging","floor":7},{"not_picked":["Koishi:TraumaticStroke","BadLadyScramble"],"picked":"Clash","floor":8},{"not_picked":["Koishi:TraumaticStroke","AdministrixMod:PlateOfAntiquity"],"picked":"TheCursedMod:SmokeScreen","floor":10},{"not_picked":["blazmod:DawnflutterDance","HellCatastrophe"],"picked":"Corruption","floor":11},{"not_picked":["Streamline","TheCursedMod:Torture"],"picked":"TheCursedMod:SurpriseAttack","floor":12},{"not_picked":["AdministrixMod:XianArts","Luminous:Dusk_Guard_Luminous"],"picked":"HollowMod:LifebloodCocoon","floor":13},{"not_picked":["AdministrixMod:NewWardrobe","RobotSpaceExplorer:ExhaustFan","Koishi:ReflexRadar"],"picked":"SKIP","floor":14},{"not_picked":["AdministrixMod:LuminaryPath","Koishi:ConditionedTeleport"],"picked":"Thinking Ahead","floor":16},{"not_picked":[],"picked":"Blind","floor":18},{"not_picked":[],"picked":"Barricade","floor":22},{"not_picked":["WindmillStrike"],"picked":"SKIP","floor":24},{"not_picked":["HollowMod:LifebloodCore+1"],"picked":"Singing Bowl","floor":27},{"not_picked":["Tactician+1"],"picked":"Singing Bowl","floor":28},{"not_picked":[],"picked":"hermit:FinalCanter","floor":29},{"not_picked":["LessonLearned"],"picked":"Singing Bowl","floor":33},{"not_picked":[],"picked":"Panacea+1","floor":35},{"not_picked":["Koishi:IdleWhim+1"],"picked":"Singing Bowl","floor":38},{"not_picked":[],"picked":"hermit:Feint+1","floor":39},{"not_picked":["Offering+1"],"picked":"Singing Bowl","floor":41},{"not_picked":["blazmod:EightLifePilgrimage"],"picked":"Singing Bowl","floor":42},{"not_picked":["blazmod:ButterflyBlade"],"picked":"Singing Bowl","floor":44},{"not_picked":["Fission+1"],"picked":"Singing Bowl","floor":45},{"not_picked":["AdministrixMod:DreamsMausoleum+1"],"picked":"Singing Bowl","floor":46},{"not_picked":["HollowMod:CornifersMapStart+1"],"picked":"Singing Bowl","floor":47},{"not_picked":["Corruption+1"],"picked":"Singing Bowl","floor":48}],"player_experience":1116934,"relics_obtained":[{"floor":7,"key":"Toy Ornithopter"},{"floor":9,"key":"AntiCross"},{"floor":11,"key":"Peace Pipe"},{"floor":22,"key":"Shovel"},{"floor":25,"key":"Toxic Egg 2"},{"floor":26,"key":"Frozen Egg 2"},{"floor":27,"key":"Singing Bowl"},{"floor":29,"key":"CeramicFish"},{"floor":32,"key":"Mercury Hourglass"},{"floor":40,"key":"The Courier"},{"floor":41,"key":"Pocketwatch"},{"floor":42,"key":"Unceasing Top"},{"floor":43,"key":"Pear"},{"floor":44,"key":"Du-Vu Doll"},{"floor":45,"key":"Kunai"},{"floor":48,"key":"Bag of Marbles"},{"floor":49,"key":"Lantern"}],"event_choices":[{"damage_healed":0,"gold_gain":0,"player_choice":"Donut","damage_taken":0,"max_hp_gain":5,"max_hp_loss":0,"event_name":"Big Fish","floor":4,"gold_loss":0},{"damage_healed":0,"gold_gain":99,"player_choice":"Steal","damage_taken":0,"max_hp_gain":0,"max_hp_loss":0,"event_name":"betterThird:BetterNest","floor":21,"gold_loss":0},{"damage_healed":0,"gold_gain":0,"player_choice":"Embrace Madness","damage_taken":15,"max_hp_gain":0,"max_hp_loss":0,"event_name":"Winding Halls","floor":36,"gold_loss":0,"cards_obtained":["Madness","Madness"]},{"cards_removed":["Corruption"],"damage_healed":0,"gold_gain":0,"player_choice":"Removed Power","damage_taken":0,"max_hp_gain":0,"max_hp_loss":0,"event_name":"Falling","floor":37,"gold_loss":0}],"is_beta":false,"boss_relics":[{"not_picked":["Tiny House","Calling Bell"],"picked":"Busted Crown"},{"not_picked":["Sozu","Philosopher\u0027s Stone"],"picked":"Cursed Key"}],"items_purged_floors":[],"is_endless":false,"potions_floor_spawned":[3,7,10,11,13,14,24,27,28,33,39,41,46,48],"ascension_level":0}}