{"host":"oi6p1guiqfwwvxym","time":1611778957,"event":{"mods":["BaseMod","Bestiary","Colored Map","Minty Spire (QoL Compilation)","Relic Stats"],"gold_per_floor":[114,130,130,150,167,178,14,41,41,41,67,67,97,110,110,186,186,196,196,206,206,206,206,10,23,23,23,55,9,37,37,37,37,37],"floor_reached":33,"language":"ENG","playtime":1707,"items_purged":["Strike_R","Strike_R"],"score":606,"play_id":"b3a42d96-2157-4923-8726-04a7aa70affa","local_time":"20210127122237","is_ascension_mode":true,"campfire_choices":[{"floor":12,"key":"REST"},{"data":"True Grit","floor":15,"key":"SMITH"},{"floor":23,"key":"REST"},{"floor":27,"key":"REST"},{"floor":32,"key":"REST"}],"circlet_count":0,"master_deck":["AscendersBane","Strike_R+1","Strike_R","Strike_R+1","Defend_R+1","Defend_R","Defend_R","Defend_R","Bash+1","Carnage","Hemokinesis+1","Pommel Strike","True Grit+1","Shrug It Off","Inflame","Metallicize","Inflame","Heavy Blade","Fiend Fire","Uppercut","Rupture","Thunderclap","Battle Trance","Shrug It Off","Combust","Brutality"],"relics":["Burning Blood","NeowsBlessing","Self Forming Clay","Whetstone","The Courier","Cursed Key","Darkstone Periapt","Bronze Scales","HornCleat"],"acts_visited":["Exordium","TheCity"],"potions_floor_usage":[6,11,16,28],"damage_taken":[{"damage":0,"enemies":"2 Louse","floor":1,"turns":1},{"damage":0,"enemies":"Jaw Worm","floor":2,"turns":1},{"damage":0,"enemies":"Small Slimes","floor":4,"turns":1},{"damage":7,"enemies":"3 Louse","floor":5,"turns":3},{"damage":9,"enemies":"Gremlin Gang","floor":6,"turns":3},{"damage":39,"enemies":"3 Sentries","floor":8,"turns":8},{"damage":9,"enemies":"Gremlin Nob","floor":11,"turns":3},{"damage":11,"enemies":"3 Sentries","floor":13,"turns":9},{"damage":0,"enemies":"Exordium Wildlife","floor":14,"turns":2},{"damage":28,"enemies":"The Guardian","floor":16,"turns":12},{"damage":16,"enemies":"2 Thieves","floor":18,"turns":4},{"damage":26,"enemies":"Spheric Guardian","floor":20,"turns":4},{"damage":18,"enemies":"Cultist and Chosen","floor":25,"turns":4},{"damage":9,"enemies":"Gremlin Leader","floor":28,"turns":5},{"damage":41,"enemies":"Book of Stabbing","floor":30,"turns":7},{"damage":32,"enemies":"Collector","floor":33,"turns":3}],"seed_played":"7153015859584172057","potions_obtained":[{"floor":2,"key":"DuplicationPotion"},{"floor":4,"key":"DistilledChaos"},{"floor":11,"key":"PowerPotion"},{"floor":16,"key":"Energy Potion"},{"floor":28,"key":"Explosive Potion"}],"is_trial":false,"path_per_floor":["M","M","?","M","M","M","$","E","T","?","E","R","E","M","R","B",null,"M","?","M","T","?","R","$","M","T","R","E","$","E","?","R","B"],"character_chosen":"IRONCLAD","items_purchased":["Inflame","Battle Trance","Shrug It Off","SteroidPotion"],"campfire_rested":4,"item_purchase_floors":[7,24,24,29],"current_hp_per_floor":[74,75,75,75,74,71,71,38,38,15,12,34,29,35,35,13,60,50,50,30,30,9,33,33,21,21,45,42,42,7,7,31,0,0],"gold":37,"neow_bonus":"THREE_ENEMY_KILL","is_daily":false,"chose_seed":false,"campfire_upgraded":1,"win_rate":0.0,"timestamp":1611778957,"path_taken":["M","M","?","M","M","M","$","E","T","?","E","R","E","M","R","BOSS","M","?","M","?","?","R","$","M","T","R","E","$","E","?","R","BOSS"],"items_purchased_type":["Card","Card","Card","Potion"],"build_version":"2020-12-22","purchased_purges":2,"victory":false,"max_hp_per_floor":[75,75,75,75,75,75,75,75,75,75,75,75,75,75,75,75,75,75,75,75,75,80,80,80,80,80,80,80,80,80,80,80,80,80],"relic_stats":{"Darkstone Periapt":0,"counters":[16,70],"Self Forming Clay":[129],"Bronze Scales":[9],"Whetstone":["Strike_R","Bash"],"Cursed Key":0,"obtain_stats":[{"Darkstone Periapt":28,"HornCleat":31,"NeowsBlessing":0,"Self Forming Clay":8,"Bronze Scales":30,"The Courier":13,"Whetstone":11,"Cursed Key":17,"Burning Blood":0},{"Darkstone Periapt":14,"HornCleat":15,"NeowsBlessing":0,"Self Forming Clay":6,"Bronze Scales":15,"The Courier":8,"Whetstone":7,"Cursed Key":10,"Burning Blood":0},{"Darkstone Periapt":60,"HornCleat":67,"NeowsBlessing":0,"Self Forming Clay":17,"Bronze Scales":67,"The Courier":29,"Whetstone":20,"Cursed Key":43,"Burning Blood":0}],"Burning Blood":79},"card_choices":[{"not_picked":["Warcry","Sword Boomerang"],"picked":"Carnage","floor":1},{"not_picked":["Iron Wave","True Grit"],"picked":"Hemokinesis","floor":2},{"not_picked":["Anger","Sword Boomerang"],"picked":"Pommel Strike","floor":4},{"not_picked":["Fire Breathing","Iron Wave"],"picked":"True Grit","floor":5},{"not_picked":["Havoc","Fiend Fire"],"picked":"Shrug It Off","floor":6},{"not_picked":["Headbutt","Searing Blow"],"picked":"Metallicize","floor":8},{"not_picked":["Havoc","Entrench","Evolve"],"picked":"SKIP","floor":11},{"not_picked":["Clash","Iron Wave"],"picked":"Inflame","floor":13},{"not_picked":["Pommel Strike","Exhume"],"picked":"Heavy Blade","floor":14},{"not_picked":["Bludgeon","Juggernaut"],"picked":"Fiend Fire","floor":16},{"not_picked":["Body Slam","Rage"],"picked":"Uppercut","floor":18},{"not_picked":["Clash","Spot Weakness"],"picked":"Thunderclap","floor":20},{"not_picked":["Twin Strike","Havoc","Headbutt"],"picked":"SKIP","floor":25},{"not_picked":["Heavy Blade","Havoc"],"picked":"Combust","floor":28},{"not_picked":["Dual Wield","Shrug It Off"],"picked":"Brutality","floor":30}],"player_experience":399853,"relics_obtained":[{"floor":8,"key":"Self Forming Clay"},{"floor":11,"key":"Whetstone"},{"floor":13,"key":"The Courier"},{"floor":28,"key":"Darkstone Periapt"},{"floor":30,"key":"Bronze Scales"}],"event_choices":[{"damage_healed":0,"gold_gain":0,"player_choice":"Grow","damage_taken":0,"max_hp_gain":0,"max_hp_loss":0,"event_name":"Living Wall","floor":3,"gold_loss":0,"cards_upgraded":["Hemokinesis"]},{"damage_healed":0,"gold_gain":0,"player_choice":"Entered Light","damage_taken":23,"max_hp_gain":0,"max_hp_loss":0,"event_name":"Shining Light","floor":10,"gold_loss":0,"cards_upgraded":["Defend_R","Strike_R"]},{"damage_healed":0,"gold_gain":0,"player_choice":"Read","damage_taken":0,"max_hp_gain":0,"max_hp_loss":0,"event_name":"The Library","floor":19,"gold_loss":0,"cards_obtained":["Rupture"]},{"damage_healed":0,"gold_gain":0,"player_choice":"Shed Blood","damage_taken":26,"max_hp_gain":5,"max_hp_loss":0,"event_name":"Forgotten Altar","floor":22,"gold_loss":0},{"damage_healed":0,"gold_gain":0,"player_choice":"Gave Potion","damage_taken":0,"relics_obtained":["HornCleat"],"max_hp_gain":0,"max_hp_loss":0,"event_name":"WeMeetAgain","floor":31,"gold_loss":0}],"is_beta":false,"boss_relics":[{"not_picked":["Black Blood","Astrolabe"],"picked":"Cursed Key"}],"items_purged_floors":[7,24],"is_endless":false,"potions_floor_spawned":[2,4,5,11,16,28],"killed_by":"Collector","ascension_level":20}}