{"host":"9xv6exvwmlpefxuw","time":1611733236,"event":{"mods":["ATMod(阿瑾Mod)","AchievementEnabler","Act Like it!","Aspiration","BaseMod","Chen","Colored Powertips","Conspire","Downfall","Friendly Minions","Gensokyo","GifTheSpireLib","KinomotoSakuraMod(木之本樱)","Koishi","KomeijiMod","Lobotomy","LobotomyExtend","Marisa（F雨　魔理沙）","Minty Spire (QoL Compilation)","MostiFishMod","Pale of the Ancients","Rare Cards Sparkle","Reimu（博丽灵梦）","Remilia_Scarlet Moed（蕾米莉亚・斯卡雷特）3.3.5","Remilia（蕾米莉亚）","RumiaBox-露米娅的神秘盒子","StSLib","The Administrix","The Mystic","The Servant 0.9.4","WarShipGirlsR/战舰少女R mod","Yakumo Yukari mod","Youmu（魂魄妖梦）","Yuyuko","[IsaacMod]以撒尖塔","[功能]功能增强和修复MOD","【功能Mod】混沌之环修复补丁","【遗物卡牌】REMEMod"],"gold_per_floor":[115,190,27,27,27,66,66,80,135,135,3,27,52,11,11,136,136,149,234,248,266,178,222,245,245,268,287,193,218,218,218],"floor_reached":30,"language":"ZHS","playtime":965,"items_purged":["Strike_B","Strike_B","Strike_B","Strike_B","Defend_B","Defend_B","Defend_B","Defend_B","Zap","Dualcast","Darkness+1"],"score":375,"play_id":"60505bc5-760e-4754-8aa8-3d3edcc510ad","local_time":"20210127154036","is_ascension_mode":false,"campfire_choices":[{"data":"MostiFishMod:ReadyAimFire","floor":7,"key":"SMITH"},{"floor":15,"key":"RECALL"},{"data":"Capacitor","floor":25,"key":"SMITH"}],"circlet_count":0,"master_deck":["Fusion","MostiFishMod:ReadyAimFire+1","Fan+1","MostiFishMod:LinkProtocol+1","Skim+1","MostiFishMod:GatherIntelligence+1","Capacitor+1","MostiFishMod:ATRI+1","MostiFishMod:DawningShadow","Double Energy+1","Capacitor","Capacitor"],"relics":["Cracked Core","AT_ATBox","HushsDoor","REME_ComplimentaryCards","DaveBox","EGODaCapo","BookOfRevelations","SynthV:TestCard","Matryoshka","Toxic Egg 2","aspiration:Nostalgia","Koishi:ImaginaryFriend","Golden Idol","AT_TimeSand","RuthlessExorcism:ReiMu","Toy Ornithopter","GodSword6","ClockworkSouvenir","Nuclear Battery","MealTicket","Pen Nib","Dodecahedron","DeathBook","AT_BellDemon","Regal Pillow","Bronze Scales","Bottled Lightning","Ancient Tea Set"],"acts_visited":["Exordium","TheCity"],"potions_floor_usage":[],"damage_taken":[{"damage":5,"enemies":"Jaw Worm","floor":1,"turns":2},{"damage":11,"enemies":"3 Sentries","floor":6,"turns":4},{"damage":0,"enemies":"Small Slimes","floor":8,"turns":1},{"damage":0,"enemies":"2 Louse","floor":12,"turns":1},{"damage":2,"enemies":"Looter","floor":13,"turns":2},{"damage":0,"enemies":"The Guardian","floor":16,"turns":3},{"damage":0,"enemies":"2 Thieves","floor":18,"turns":1},{"damage":0,"enemies":"Spheric Guardian","floor":20,"turns":1},{"damage":0,"enemies":"Snake Plant","floor":21,"turns":1},{"damage":0,"enemies":"conspire:Head Lice","floor":23,"turns":2},{"damage":0,"enemies":"Shelled Parasite and Fungi","floor":24,"turns":1},{"damage":15,"enemies":"Cultist and Chosen","floor":27,"turns":3},{"damage":38,"enemies":"Snake Plant","floor":29,"turns":2},{"damage":49,"enemies":"REME_1_Revenger","floor":30,"turns":2}],"seed_played":"-386756320094036111","potions_obtained":[{"floor":12,"key":"SkillPotion"},{"floor":16,"key":"FocusPotion"},{"floor":16,"key":"Energy Potion"}],"is_trial":false,"path_per_floor":["M","?","$","?","?","E","R","M","T","?","$","M","M","$","R","B",null,"M","?","M","M","$","E","M","R","T","M","$","M","E"],"character_chosen":"DEFECT","items_purchased":["MostiFishMod:ReadyAimFire","Matryoshka","Toxic Egg 2","aspiration:Nostalgia","Toy Ornithopter","GodSword6","ClockworkSouvenir","Skim+1","Capacitor","MostiFishMod:DawningShadow","MealTicket","Pen Nib","Dodecahedron","Bronze Scales","Bottled Lightning"],"campfire_rested":0,"item_purchase_floors":[3,3,3,3,11,11,11,11,14,17,22,22,22,28,28],"current_hp_per_floor":[70,59,59,41,41,30,30,30,30,30,30,30,28,28,28,28,71,71,56,56,56,56,56,56,56,56,41,56,18,0,0],"gold":218,"neow_bonus":"RANDOM_COLORLESS","is_daily":false,"chose_seed":false,"campfire_upgraded":2,"win_rate":0.0,"timestamp":1611733236,"path_taken":["M","?","$","?","?","E","R","M","T","?","$","?","M","$","R","BOSS","M","?","M","M","$","E","M","R","T","M","$","M","E"],"items_purchased_type":["Card","Relic","Relic","Relic","Relic","Relic","Relic","Card","Card","Card","Relic","Relic","Relic","Relic","Relic"],"build_version":"2020-12-22","purchased_purges":11,"victory":false,"max_hp_per_floor":[75,75,75,75,75,75,75,75,75,75,75,75,75,75,75,75,71,71,71,71,71,71,71,71,71,71,71,71,71,71,71],"card_choices":[{"not_picked":["Bomb","MostiFishMod:PushDownKick"],"picked":"Fusion","floor":1},{"not_picked":[],"picked":"Darkness","floor":5},{"not_picked":["Steam+1","REME_Shoggoth","Turbo+1","Tempest+1"],"picked":"Fan+1","floor":6},{"not_picked":["REME_SelfUpgrade","Gash","Cold Snap","Rip and Tear"],"picked":"MostiFishMod:LinkProtocol+1","floor":8},{"not_picked":["Redo+1","Conserve Battery+1","Coolheaded+1","Stack+1"],"picked":"MostiFishMod:GatherIntelligence+1","floor":12},{"not_picked":["Distribution+1","Coolheaded+1","Pulse+1","Hologram+1","Stack+1"],"picked":"SKIP","floor":13},{"not_picked":["MostiFishMod:TalkingToTheRain","Seek+1","Buffer","Thunder Strike"],"picked":"MostiFishMod:ATRI+1","floor":16},{"not_picked":["Leap+1","Hologram+1","conspire:Rain+1","MostiFishMod:PushDownKick+1","Coolheaded+1"],"picked":"SKIP","floor":18},{"not_picked":["Gash+1","Rip and Tear","MostiFishMod:Impulse+1","Melter+1","Lockon"],"picked":"SKIP","floor":20},{"not_picked":["REME_DataAnalysis","Leap+1","Redo+1","AT_DarkMatter+1"],"picked":"Double Energy+1","floor":21},{"not_picked":["Fan+1","Lockon+1","Stack+1","AT_WarpDrive+1"],"picked":"Capacitor","floor":23},{"not_picked":["Consume+1","AT_HeatAcrobatics+1","Go for the Eyes","Hello World","FTL+1"],"picked":"SKIP","floor":24},{"not_picked":["Steam+1","Rebound","Streamline+1","Ball Lightning"],"picked":"Capacitor","floor":27},{"not_picked":["Stack+1","Barrage","Hologram+1","Streamline+1","Compile Driver+1"],"picked":"SKIP","floor":29}],"player_experience":171630,"relics_obtained":[{"floor":1,"key":"SynthV:TestCard"},{"floor":6,"key":"AT_TimeSand"},{"floor":9,"key":"RuthlessExorcism:ReiMu"},{"floor":23,"key":"DeathBook"},{"floor":26,"key":"AT_BellDemon"},{"floor":27,"key":"Regal Pillow"},{"floor":29,"key":"Ancient Tea Set"}],"event_choices":[{"damage_healed":0,"gold_gain":75,"player_choice":"Gather Gold","damage_taken":11,"max_hp_gain":0,"max_hp_loss":0,"event_name":"World of Goop","floor":2,"gold_loss":0},{"damage_healed":0,"gold_gain":0,"player_choice":"Take Damage","damage_taken":18,"relics_obtained":["Golden Idol"],"max_hp_gain":0,"max_hp_loss":0,"event_name":"Golden Idol","floor":4,"gold_loss":0}],"is_beta":false,"boss_relics":[{"not_picked":["conspire:RoyalGoblet","SlaversCollar"],"picked":"Nuclear Battery"},{"not_picked":[]}],"items_purged_floors":[3,11,11,14,14,14,14,14,28,28,28],"is_endless":false,"potions_floor_spawned":[8,12,13,16,16,20,23,24,29],"killed_by":"REME_1_Revenger","ascension_level":0}}