{"host":"lrlw254gqe5layub","time":1611731096,"event":{"mods":["AchievementEnabler","BaseMod","Colored Map","Colored Powertips","Minty Spire (QoL Compilation)","Rare Cards Sparkle","SuperFastMode"],"gold_per_floor":[109,122,122,138,156,184,184,195,195,221,221,240,240,289,289,385,385,402,77,87,104,104,104,104],"floor_reached":23,"language":"KOR","playtime":824,"items_purged":["Strike_B"],"score":294,"play_id":"09656cf5-058f-4cbe-97ce-4c85506d7af0","local_time":"20210127160456","is_ascension_mode":true,"campfire_choices":[{"floor":11.0,"key":"REST"},{"floor":13,"key":"REST"},{"data":"Zap","floor":15,"key":"SMITH"}],"circlet_count":0,"master_deck":["Strike_B","Strike_B","Defend_B","Defend_B","Defend_B","Zap+1","Dualcast","Consume","Redo+1","Cold Snap"],"relics":["Cracked Core","NeowsBlessing","CeramicFish","Mercury Hourglass","Dead Branch","Runic Pyramid","Pantograph"],"acts_visited":["Exordium","TheCity"],"potions_floor_usage":[16,21,21],"damage_taken":[{"damage":0.0,"enemies":"Small Slimes","floor":1.0,"turns":1.0},{"damage":0.0,"enemies":"Jaw Worm","floor":2.0,"turns":1.0},{"damage":0.0,"enemies":"Cultist","floor":4.0,"turns":1.0},{"damage":12.0,"enemies":"Exordium Thugs","floor":5.0,"turns":7.0},{"damage":34.0,"enemies":"Lagavulin","floor":6.0,"turns":9.0},{"damage":8.0,"enemies":"2 Fungi Beasts","floor":8.0,"turns":4.0},{"damage":4.0,"enemies":"Gremlin Nob","floor":10.0,"turns":5.0},{"damage":16,"enemies":"Gremlin Gang","floor":12,"turns":3},{"damage":23,"enemies":"The Guardian","floor":16,"turns":14},{"damage":20,"enemies":"3 Byrds","floor":18,"turns":4},{"damage":8,"enemies":"Chosen","floor":20,"turns":6},{"damage":22,"enemies":"3 Cultists","floor":21,"turns":5},{"damage":9,"enemies":"Book of Stabbing","floor":23,"turns":2}],"seed_played":"7272208216059907421","potions_obtained":[{"floor":1.0,"key":"Explosive Potion"},{"floor":2.0,"key":"Swift Potion"},{"floor":5.0,"key":"FocusPotion"},{"floor":10.0,"key":"Strength Potion"},{"floor":16,"key":"DuplicationPotion"},{"floor":20,"key":"Energy Potion"},{"floor":21,"key":"Explosive Potion"}],"is_trial":false,"path_per_floor":["M","M","?","M","M","E","?","M","T","E","R","M","R","T","R","B",null,"M","$","M","M","?","E"],"character_chosen":"DEFECT","items_purchased":["Pantograph"],"campfire_rested":2,"item_purchase_floors":[19],"current_hp_per_floor":[68,68,61,61,49,15,15,7,7,3,25,9,31,31,31,8,58,38,38,30,8,8,0,0],"gold":104,"neow_bonus":"THREE_ENEMY_KILL","is_daily":false,"chose_seed":false,"campfire_upgraded":1,"win_rate":0.0,"timestamp":1611731096,"path_taken":["M","M","?","M","M","E","?","M","T","E","R","?","R","?","R","BOSS","M","$","M","M","?","E"],"items_purchased_type":["Relic"],"build_version":"2020-12-22","purchased_purges":1,"victory":false,"max_hp_per_floor":[75,75,75,75,75,75,75,75,75,75,75,75,75,75,75,75,75,75,75,75,75,75,75,75],"card_choices":[{"not_picked":["Undo","Defragment"],"picked":"Consume","floor":1.0},{"not_picked":["Gash","FTL"],"picked":"Redo","floor":2.0},{"not_picked":["Rip and Tear","Darkness"],"picked":"Cold Snap","floor":4.0},{"not_picked":["Double Energy","Conserve Battery","Rebound"],"picked":"SKIP","floor":5.0},{"not_picked":["Conserve Battery","Coolheaded","Barrage"],"picked":"SKIP","floor":6.0},{"not_picked":["Double Energy","Seek","Go for the Eyes"],"picked":"SKIP","floor":8.0},{"not_picked":["Rainbow","Steam","White Noise"],"picked":"SKIP","floor":10.0},{"not_picked":["Tempest","Ball Lightning","Steam"],"picked":"SKIP","floor":12},{"not_picked":["Coolheaded+1","Turbo","Auto Shields"],"picked":"SKIP","floor":18},{"not_picked":["Hologram+1","Defragment","Reprogram+1"],"picked":"SKIP","floor":20},{"not_picked":["Heatsinks","Go for the Eyes","Turbo"],"picked":"SKIP","floor":21}],"player_experience":473328,"relics_obtained":[{"floor":6.0,"key":"CeramicFish"},{"floor":9.0,"key":"Mercury Hourglass"},{"floor":10.0,"key":"Dead Branch"}],"event_choices":[{"cards_removed":["Strike_B"],"damage_healed":0.0,"max_hp_gain":0.0,"max_hp_loss":0.0,"gold_gain":0.0,"event_name":"Golden Wing","player_choice":"Card Removal","floor":3.0,"gold_loss":0.0,"damage_taken":7.0},{"damage_healed":0.0,"max_hp_gain":0.0,"max_hp_loss":0.0,"gold_gain":0.0,"event_name":"Accursed Blacksmith","player_choice":"Forge","floor":7.0,"gold_loss":0.0,"damage_taken":0.0,"cards_upgraded":["Redo"]},{"cards_removed":["Defend_B"],"damage_healed":0,"gold_gain":0,"player_choice":"Purged","damage_taken":0,"max_hp_gain":0,"max_hp_loss":0,"event_name":"Purifier","floor":22,"gold_loss":0}],"is_beta":false,"boss_relics":[{"not_picked":["Tiny House","Fusion Hammer"],"picked":"Runic Pyramid"}],"items_purged_floors":[19],"is_endless":false,"potions_floor_spawned":[1,2,5,10,16,20,21],"killed_by":"Book of Stabbing","ascension_level":9}}