{"host":"y89x8uui45kcjy42","time":1611731949,"event":{"mods":["2.2 Compatiblity","BaseMod","CapriCore","Colored Map","Colored Powertips","Custom Start","Friendly Minions","Keyboard Shortcuts","Minty Spire (QoL Compilation)","Relic Stats","Slay the Relics Exporter","StSLib","SuperFastMode","Uncapped"],"gold_per_floor":[20,20,38,38,54,80,80,111,111,111,36,49,199,230,230,304,304,319,345,358,358,368,398,398,398,476,476,41,73,73,107,107,181,181,197,32,46,98,114,114,114,148,148,148,173,48,48,48,48,48,48],"floor_reached":50,"language":"KOR","playtime":1262,"items_purged":["Defend_P","Magnetism","Protect"],"score":1255,"play_id":"8746f32d-6696-4745-909d-cc7a77af0746","local_time":"20210127161909","is_ascension_mode":true,"campfire_choices":[{"data":"Eruption","floor":7,"key":"SMITH"},{"data":"Wallop","floor":10,"key":"SMITH"},{"data":"WheelKick","floor":15,"key":"SMITH"},{"data":"Adaptation","floor":24,"key":"SMITH"},{"data":"MentalFortress","floor":30,"key":"SMITH"},{"data":"Ragnarok","floor":32,"key":"SMITH"},{"data":"1","floor":40,"key":"LIFT"},{"data":"2","floor":41,"key":"LIFT"},{"data":"3","floor":44,"key":"LIFT"},{"floor":49,"key":"RECALL"}],"circlet_count":0,"master_deck":["Eruption+1","Vigilance","Bite+1","Bite+1","Bite+1","WheelKick+1","Wallop+1","Worship","Ragnarok+1","MentalFortress+1","Adaptation+1","Ghostly+1","Ghostly+1","Ghostly+1","Tantrum","Ghostly+1","MentalFortress"],"relics":["PureWater","TungstenRod","Torii","Magic Flower","TeardropLocket","WarpedTongs","Ancient Tea Set","Shuriken","Unceasing Top","Coffee Dripper","Red Mask","Bag of Preparation","DollysMirror","Anchor","Toy Ornithopter","Kunai","Potion Belt","VioletLotus","HandDrill","Girya","WingedGreaves","Sundial","Pocketwatch"],"acts_visited":["Exordium","TheCity","TheBeyond"],"potions_floor_usage":[14,37],"damage_taken":[{"damage":6,"enemies":"Small Slimes","floor":1,"turns":4},{"damage":0,"enemies":"Cultist","floor":3,"turns":1},{"damage":6,"enemies":"2 Louse","floor":5,"turns":2},{"damage":15,"enemies":"Gremlin Nob","floor":6,"turns":3},{"damage":9,"enemies":"3 Sentries","floor":8,"turns":11},{"damage":0,"enemies":"Lots of Slimes","floor":12,"turns":3},{"damage":6,"enemies":"Lagavulin","floor":14,"turns":6},{"damage":26,"enemies":"The Guardian","floor":16,"turns":6},{"damage":8,"enemies":"Shell Parasite","floor":18,"turns":2},{"damage":0,"enemies":"Masked Bandits","floor":19,"turns":3},{"damage":0,"enemies":"2 Thieves","floor":20,"turns":2},{"damage":0,"enemies":"Snecko","floor":22,"turns":4},{"damage":68,"enemies":"Slavers","floor":23,"turns":8},{"damage":0,"enemies":"Book of Stabbing","floor":29,"turns":3},{"damage":11,"enemies":"Slavers","floor":31,"turns":3},{"damage":0,"enemies":"Champ","floor":33,"turns":7},{"damage":0,"enemies":"3 Darklings","floor":35,"turns":5},{"damage":0,"enemies":"Orb Walker","floor":37,"turns":2},{"damage":30,"enemies":"2 Orb Walkers","floor":38,"turns":4},{"damage":43,"enemies":"4 Shapes","floor":39,"turns":3},{"damage":23,"enemies":"Nemesis","floor":42,"turns":5},{"damage":0,"enemies":"Mind Bloom Boss Battle","floor":45,"turns":4},{"damage":108,"enemies":"Awakened One","floor":50,"turns":6}],"seed_played":"4151921869400063502","potions_obtained":[{"floor":3,"key":"EssenceOfSteel"},{"floor":8,"key":"PowerPotion"},{"floor":16,"key":"CultistPotion"},{"floor":19,"key":"DuplicationPotion"},{"floor":31,"key":"DuplicationPotion"},{"floor":35,"key":"Fire Potion"},{"floor":37,"key":"Fruit Juice"},{"floor":38,"key":"Swift Potion"}],"is_trial":false,"path_per_floor":["M","?","M","?","M","E","R","E","T","R","$","M","?","E","R","B",null,"M","?","M","?","M","E","R","?","T","?","$","E","R","E","R","B",null,"M","$","M","?","M","R","R","E","T","R","?","$","?","?","R","B"],"character_chosen":"WATCHER","items_purchased":["DollysMirror","Anchor","HandDrill"],"campfire_rested":0,"item_purchase_floors":[28,28,36],"current_hp_per_floor":[68,68,68,68,67,53,53,64,64,64,64,68,68,68,68,56,65,57,62,68,68,68,20,20,15,15,15,15,30,30,24,24,54,65,68,68,73,43,10,10,10,55,55,55,70,70,70,69,69,0,0],"gold":48,"neow_bonus":"ONE_RARE_RELIC","is_daily":false,"chose_seed":false,"campfire_upgraded":6,"win_rate":0.0,"timestamp":1611731949,"path_taken":["M","?","?","?","?","E","R","E","T","R","$","M","?","E","R","BOSS","M","?","M","?","M","E","R","?","T","?","?","E","R","E","R","BOSS","M","$","M","?","M","R","R","E","T","R","?","$","?","?","R","BOSS"],"items_purchased_type":["Relic","Relic","Relic"],"build_version":"2020-12-22","purchased_purges":3,"victory":false,"max_hp_per_floor":[68,68,68,68,68,68,68,68,68,68,68,68,68,68,68,68,68,68,68,68,68,68,68,68,68,68,68,68,68,68,68,68,68,68,68,68,73,73,73,73,73,73,73,73,73,73,73,69,69,69,69],"relic_stats":{"Torii":17,"counters":[23,97],"Magic Flower":[69],"Bag of Preparation":[20],"WarpedTongs":[84],"Shuriken":[24],"Sundial":[2],"VioletLotus":[9],"HandDrill":[0],"Kunai":[12],"obtain_stats":[{"Potion Belt":31,"Girya":38,"Torii":1,"Magic Flower":1,"Omamori":2,"Bag of Preparation":23,"TeardropLocket":1,"Ancient Tea Set":6,"WarpedTongs":2,"Anchor":28,"Shuriken":9,"DollysMirror":28,"Sundial":43,"VioletLotus":34,"WingedGreaves":40,"Coffee Dripper":17,"Red Mask":19,"HandDrill":36,"Kunai":31,"PureWater":0,"TungstenRod":0,"Unceasing Top":14,"Toy Ornithopter":29,"Pocketwatch":45},{"Potion Belt":15,"Girya":19,"Torii":1,"Magic Flower":1,"Omamori":1,"Bag of Preparation":13,"TeardropLocket":1,"Ancient Tea Set":4,"WarpedTongs":1,"Anchor":13,"Shuriken":5,"DollysMirror":13,"Sundial":21,"VioletLotus":16,"WingedGreaves":20,"Coffee Dripper":8,"Red Mask":10,"HandDrill":17,"Kunai":15,"PureWater":0,"TungstenRod":0,"Unceasing Top":7,"Toy Ornithopter":14,"Pocketwatch":22},{"Potion Belt":61,"Girya":79,"Torii":1,"Magic Flower":4,"Omamori":4,"Bag of Preparation":55,"TeardropLocket":4,"Ancient Tea Set":10,"WarpedTongs":4,"Anchor":55,"Shuriken":21,"DollysMirror":55,"Sundial":87,"VioletLotus":68,"WingedGreaves":82,"Coffee Dripper":36,"Red Mask":41,"HandDrill":73,"Kunai":61,"PureWater":0,"TungstenRod":0,"Unceasing Top":30,"Toy Ornithopter":58,"Pocketwatch":91}],"TungstenRod":47,"Unceasing Top":[1],"Toy Ornithopter":0,"Pocketwatch":[9]},"card_choices":[{"not_picked":["Crescendo","ThirdEye","FollowUp"],"picked":"SKIP","floor":1},{"not_picked":["Prostrate","SashWhip"],"picked":"WheelKick","floor":3},{"not_picked":["ThirdEye","Prostrate","SignatureMove"],"picked":"SKIP","floor":5},{"not_picked":["WaveOfTheHand","CutThroughFate","MasterReality"],"picked":"SKIP","floor":6},{"not_picked":["FlurryOfBlows","WheelKick"],"picked":"Wallop","floor":8},{"not_picked":["EmptyFist","JustLucky","Protect"],"picked":"SKIP","floor":12},{"not_picked":["SashWhip","Vengeance"],"picked":"Worship","floor":14},{"not_picked":["SpiritShield","LessonLearned"],"picked":"Ragnarok","floor":16},{"not_picked":["ClearTheMind","Swivel"],"picked":"MentalFortress","floor":18},{"not_picked":["Vengeance","Conclude"],"picked":"Adaptation","floor":20},{"not_picked":["EmptyBody","SashWhip","Consecrate"],"picked":"SKIP","floor":22},{"not_picked":["FlyingSleeves","WreathOfFlame+1"],"picked":"Tantrum","floor":23},{"not_picked":["Wallop","EmptyBody","WaveOfTheHand"],"picked":"SKIP","floor":29},{"not_picked":["FollowUp+1","SpiritShield","ClearTheMind"],"picked":"SKIP","floor":31},{"not_picked":["EmptyFist","SignatureMove","Adaptation"],"picked":"SKIP","floor":35},{"not_picked":["ClearTheMind","FollowUp","FlyingSleeves+1"],"picked":"SKIP","floor":37},{"not_picked":["Prostrate","Evaluate","Halt"],"picked":"SKIP","floor":39},{"not_picked":["Judgement","WreathOfFlame","Blasphemy"],"picked":"SKIP","floor":42},{"not_picked":["CrushJoints+1","Wallop+1"],"picked":"MentalFortress","floor":45}],"player_experience":664233,"relics_obtained":[{"floor":6,"key":"Ancient Tea Set"},{"floor":9,"key":"Shuriken"},{"floor":14,"key":"Unceasing Top"},{"floor":19,"key":"Red Mask"},{"floor":23,"key":"Bag of Preparation"},{"floor":29,"key":"Toy Ornithopter"},{"floor":31,"key":"Kunai"},{"floor":38,"key":"Girya"},{"floor":43,"key":"Sundial"},{"floor":45,"key":"Pocketwatch"}],"event_choices":[{"damage_healed":0,"gold_gain":0,"player_choice":"Rummage","damage_taken":0,"relics_obtained":["WarpedTongs"],"max_hp_gain":0,"max_hp_loss":0,"event_name":"Accursed Blacksmith","floor":2,"gold_loss":0,"cards_obtained":["Pain"]},{"cards_removed":["Bite"],"damage_healed":0,"gold_gain":0,"player_choice":"Gave Card","damage_taken":0,"relics_obtained":["TeardropLocket"],"max_hp_gain":0,"max_hp_loss":0,"event_name":"WeMeetAgain","floor":4,"gold_loss":0},{"damage_healed":0,"gold_gain":150,"player_choice":"AGREE","damage_taken":0,"max_hp_gain":0,"max_hp_loss":0,"event_name":"Liars Game","floor":13,"gold_loss":0,"cards_obtained":["Doubt"]},{"damage_healed":0,"gold_gain":0,"player_choice":"Fought Bandits","damage_taken":0,"max_hp_gain":0,"max_hp_loss":0,"event_name":"Masked Bandits","floor":19,"gold_loss":0},{"damage_healed":0,"gold_gain":0,"player_choice":"Ignored","damage_taken":0,"max_hp_gain":0,"max_hp_loss":0,"event_name":"Ghosts","floor":21,"gold_loss":0},{"damage_healed":0,"gold_gain":0,"player_choice":"Joined the Cult","damage_taken":6,"max_hp_gain":0,"max_hp_loss":0,"event_name":"Nest","floor":25,"gold_loss":0,"cards_obtained":["RitualDagger"]},{"damage_healed":0,"gold_gain":0,"cards_transformed":["RitualDagger","Defend_P"],"player_choice":"Became Test Subject","damage_taken":0,"max_hp_gain":0,"max_hp_loss":0,"event_name":"Drug Dealer","floor":27,"gold_loss":0,"cards_obtained":["Magnetism","Protect"]},{"damage_healed":0,"gold_gain":0,"player_choice":"Fight","damage_taken":0,"max_hp_gain":0,"max_hp_loss":0,"event_name":"Mysterious Sphere","floor":38,"gold_loss":0},{"damage_healed":0,"gold_gain":0,"player_choice":"Fight","damage_taken":0,"max_hp_gain":0,"max_hp_loss":0,"event_name":"MindBloom","floor":45,"gold_loss":0},{"damage_healed":0,"gold_gain":0,"player_choice":"Memory 1","damage_taken":0,"max_hp_gain":0,"max_hp_loss":0,"event_name":"SensoryStone","floor":47,"gold_loss":0},{"damage_healed":0,"gold_gain":0,"player_choice":"Max HP","damage_taken":0,"max_hp_gain":0,"max_hp_loss":4,"event_name":"Winding Halls","floor":48,"gold_loss":0}],"is_beta":false,"boss_relics":[{"not_picked":["Empty Cage","Velvet Choker","Pandora\u0027s Box"]},{"not_picked":["SlaversCollar","Busted Crown","Calling Bell"]}],"items_purged_floors":[11,28,46],"is_endless":false,"potions_floor_spawned":[3,8,16,19,22,29,31,35,37,38,39],"killed_by":"Awakened One","ascension_level":20}}