{"host":"6r3ioyv75hs1gp74","time":1611709202,"event":{"mods":["AchievementEnabler","Act Like it!","BaseMod","Better Sensory Stone","Better Third Choice","Block Reminder","Colored Map","Colored Powertips","Curses Come First","Minty Spire (QoL Compilation)","StSLib"],"gold_per_floor":[116,127,147,164,164,164,164,164],"floor_reached":7,"language":"ENG","playtime":295,"items_purged":[],"score":47,"play_id":"0bcd6bbc-c7fb-4b76-b104-b95090f68492","local_time":"20210127010002","is_ascension_mode":true,"campfire_choices":[{"data":"Panacea","floor":6,"key":"SMITH"}],"circlet_count":0,"master_deck":["Strike_R","Strike_R","Strike_R","Strike_R","Strike_R","Defend_R","Defend_R","Defend_R","Defend_R","Bash","Thunderclap","Shrug It Off","Cleave","Power Through","Panacea+1"],"relics":["Runic Pyramid"],"acts_visited":["Exordium"],"potions_floor_usage":[2,7],"damage_taken":[{"damage":1,"enemies":"Cultist","floor":1,"turns":3},{"damage":14,"enemies":"Jaw Worm","floor":2,"turns":4},{"damage":6,"enemies":"2 Louse","floor":3,"turns":2},{"damage":11,"enemies":"Blue Slaver","floor":4,"turns":4},{"damage":52,"enemies":"Gremlin Nob","floor":7,"turns":5}],"seed_played":"439683522666521896","potions_obtained":[{"floor":1,"key":"Weak Potion"},{"floor":2,"key":"SkillPotion"}],"is_trial":false,"path_per_floor":["M","M","M","M","?","R","E"],"character_chosen":"IRONCLAD","items_purchased":[],"campfire_rested":0,"item_purchase_floors":[],"current_hp_per_floor":[79,65,59,48,48,48,0,0],"gold":164,"neow_bonus":"BOSS_RELIC","is_daily":false,"chose_seed":false,"campfire_upgraded":1,"win_rate":0.0,"timestamp":1611709202,"path_taken":["M","M","M","?","?","R","E"],"items_purchased_type":[],"build_version":"2020-12-22","purchased_purges":0,"victory":false,"max_hp_per_floor":[80,80,80,80,80,80,80,80],"card_choices":[{"not_picked":["Rupture","Sword Boomerang"],"picked":"Thunderclap","floor":1},{"not_picked":["Disarm","Warcry"],"picked":"Shrug It Off","floor":2},{"not_picked":["Body Slam","Battle Trance"],"picked":"Cleave","floor":3},{"not_picked":["Pommel Strike","Headbutt"],"picked":"Power Through","floor":4},{"not_picked":["PanicButton","Madness"],"picked":"Panacea","floor":5}],"player_experience":113468,"relics_obtained":[],"event_choices":[{"damage_healed":0,"gold_gain":1,"player_choice":"1","damage_taken":0,"max_hp_gain":0,"max_hp_loss":0,"event_name":"betterStone:BetterStone","floor":5,"gold_loss":0}],"is_beta":false,"boss_relics":[],"items_purged_floors":[],"is_endless":false,"potions_floor_spawned":[1,2],"killed_by":"Gremlin Nob","ascension_level":2}}