{"host":"xkmvu47k9fdstweo","time":1611791128,"event":{"mods":["BaseMod","Colored Map","Conspire","Hubris","Minty Spire (QoL Compilation)","Quick Restart","Railgun Mod","Shop Mod","StSLib","The Alterego","The Animator","The Servant 0.9.4","The Wild Card","TheBandit","WarShipGirlsR/??è≠èóR mod"],"gold_per_floor":[118,0,0,16,28,63,63,89,89,89,109,109,134,56,56,56,56],"floor_reached":16,"language":"ENG","playtime":399,"items_purged":[],"score":220,"play_id":"adcc95a2-35ce-4f52-97d1-c15ec893d708","local_time":"20210127184528","is_ascension_mode":true,"campfire_choices":[{"data":"Offering","floor":7.0,"key":"SMITH"},{"data":"Inflame","floor":10.0,"key":"SMITH"},{"floor":15,"key":"REST"}],"circlet_count":0,"master_deck":["AscendersBane","conspire:GhostlyStrike","conspire:GhostlyStrike","conspire:GhostlyStrike","conspire:GhostlyStrike","conspire:GhostlyDefend","conspire:GhostlyDefend","conspire:GhostlyDefend","conspire:GhostlyDefend","Bash","Ghostly Armor","Inflame+1","Spot Weakness","Offering+1","Armaments","True Grit","Pommel Strike","Headbutt","conspire:HitWhereItHurts","Feel No Pain"],"relics":["Burning Blood","NeowsBlessing","Letter Opener","PreservedInsect","Bottled Tornado","Odd Mushroom","hubris:TinFlute"],"acts_visited":["Exordium"],"potions_floor_usage":[16],"damage_taken":[{"damage":0.0,"enemies":"Jaw Worm","floor":1.0,"turns":1.0},{"damage":0.0,"enemies":"Cultist","floor":4.0,"turns":1.0},{"damage":0.0,"enemies":"Small Slimes","floor":5.0,"turns":2.0},{"damage":39.0,"enemies":"Lagavulin","floor":6.0,"turns":8.0},{"damage":9.0,"enemies":"The Mushroom Lair","floor":11.0,"turns":5.0},{"damage":11,"enemies":"3 Sentries","floor":13,"turns":5},{"damage":65,"enemies":"Hexaghost","floor":16,"turns":12}],"seed_played":"-7317654792788611350","potions_obtained":[{"floor":1.0,"key":"PowerPotion"},{"floor":4.0,"key":"Explosive Potion"},{"floor":6.0,"key":"LiquidMemories"},{"floor":11.0,"key":"SpeedPotion"}],"is_trial":false,"path_per_floor":["M","$","?","M","M","E","R","T","T","R","?","?","E","$","R","B"],"character_chosen":"IRONCLAD","items_purchased":["Inflame","Spot Weakness","Feel No Pain"],"campfire_rested":1,"item_purchase_floors":[2,2,14],"current_hp_per_floor":[78,78,78,80,80,47,47,47,47,47,44,44,39,39,63,0,0],"gold":56,"neow_bonus":"THREE_ENEMY_KILL","is_daily":false,"chose_seed":false,"campfire_upgraded":2,"win_rate":0.0,"timestamp":1611791128,"path_taken":["M","$","?","M","?","E","R","?","T","R","?","?","E","$","R","BOSS"],"items_purchased_type":["Card","Card","Card"],"build_version":"2020-12-22","purchased_purges":0,"victory":false,"max_hp_per_floor":[80,80,80,80,80,80,80,80,80,80,80,80,80,80,80,80,80],"card_choices":[{"not_picked":["Armaments","Hemokinesis"],"picked":"Ghostly Armor","floor":1.0},{"not_picked":["Warcry","Perfected Strike"],"picked":"Armaments","floor":4.0},{"not_picked":["Headbutt","Flex"],"picked":"True Grit","floor":5.0},{"not_picked":["Flex","Clash"],"picked":"Pommel Strike","floor":6.0},{"not_picked":["Pommel Strike","Armaments"],"picked":"Headbutt","floor":11.0},{"not_picked":["Shrug It Off","Pommel Strike"],"picked":"conspire:HitWhereItHurts","floor":13}],"player_experience":377972,"relics_obtained":[{"floor":6.0,"key":"Letter Opener"},{"floor":8.0,"key":"PreservedInsect"},{"floor":9.0,"key":"Bottled Tornado"},{"floor":11.0,"key":"Odd Mushroom"},{"floor":13,"key":"hubris:TinFlute"}],"event_choices":[{"damage_healed":0.0,"max_hp_gain":0.0,"max_hp_loss":0.0,"gold_gain":0.0,"cards_transformed":["Strike_R"],"event_name":"Transmorgrifier","player_choice":"Transformed","floor":3.0,"gold_loss":0.0,"damage_taken":0.0,"cards_obtained":["Offering"]},{"damage_healed":0.0,"max_hp_gain":0.0,"max_hp_loss":0.0,"gold_gain":0.0,"event_name":"Mushrooms","player_choice":"Fought Mushrooms","floor":11.0,"gold_loss":0.0,"damage_taken":0.0},{"damage_healed":0.0,"max_hp_gain":0.0,"max_hp_loss":0.0,"gold_gain":0.0,"event_name":"conspire:LoneGhost","player_choice":"Agree","floor":12.0,"gold_loss":0.0,"damage_taken":0.0}],"is_beta":false,"boss_relics":[],"items_purged_floors":[],"is_endless":false,"potions_floor_spawned":[1,4,6,11],"killed_by":"Hexaghost","ascension_level":12}}