{"host":"ftwnpa9ceeptmrn1","time":1611711231,"event":{"mods":["Aspiration","BaseMod","Colored Map","Colored Powertips","Conspire","Downfall","Hubris","Infinite Spire","Minty Spire (QoL Compilation)","Relic Stats","Replay The Spire","StSLib"],"gold_per_floor":[212,224,4,24,35,64,84,117,142,142,176,196,196,196,196,296,296,316,336,350,52,63,63,91,91,91,91,91,123,73,90,90,186,186,203,8,8,8],"floor_reached":37,"language":"ENG","playtime":10349,"items_purged":["Strike_G","Strike_G","Strike_G","Strike_G"],"score":472,"play_id":"f903814d-8efd-43e7-b399-95140116096a","local_time":"20210126193351","is_ascension_mode":true,"campfire_choices":[{"floor":10,"key":"REST"},{"floor":13,"key":"REST"},{"floor":15,"key":"RECALL"},{"floor":23,"key":"REST"},{"floor":25,"key":"REST"},{"data":"conspire:PoisonWeapons","floor":28,"key":"SMITH"},{"floor":32,"key":"REST"}],"circlet_count":0,"master_deck":["Strike_G","Defend_G","Defend_G","Defend_G","Defend_G","Defend_G","Survivor","Neutralize","Poisoned Stab","Heel Hook","Noxious Fumes","Prepared","Noxious Fumes","Leg Sweep","Bouncing Flask","Glass Knife+1","conspire:PoisonWeapons+1","Poison Darts","Deflect+1","ReplayTheSpireMod:Speed Training","Flying Knee+1","Footwork","Fluid Movement","PiercingWail+1","ReplayTheSpireMod:Tripwire","Deflect","ReplayTheSpireMod:From All Sides+1","Deflect+1","Terror"],"relics":["ClockworkSouvenir","conspire:Dentures","Molten Egg 2","infinitespire:EmpoweringShard","Sizzling Blood","aspiration:VileToxins","ReplayTheSpireMod:Lightbulb","Replay:Bottled Steam","aspiration:Headhunter","Bottled Tornado","aspiration:RitualDagger"],"acts_visited":["Exordium","TheCity","TheBeyond"],"potions_floor_usage":[8,8,22,33],"damage_taken":[{"damage":0.0,"enemies":"Jaw Worm","floor":1.0,"turns":5.0},{"damage":1.0,"enemies":"2 Louse","floor":2.0,"turns":2.0},{"damage":1.0,"enemies":"Cultist","floor":4.0,"turns":4.0},{"damage":4.0,"enemies":"Blue Slaver","floor":5.0,"turns":4.0},{"damage":22.0,"enemies":"3 Sentries","floor":6.0,"turns":8.0},{"damage":12.0,"enemies":"Exordium Thugs","floor":7.0,"turns":6.0},{"damage":7,"enemies":"Gremlin Nob","floor":8,"turns":5},{"damage":15,"enemies":"3 Sentries","floor":11,"turns":7},{"damage":10,"enemies":"Lots of Slimes","floor":12,"turns":4},{"damage":10,"enemies":"Slime Boss","floor":16,"turns":8},{"damage":11,"enemies":"Shell Parasite","floor":18,"turns":5},{"damage":0,"enemies":"Chosen","floor":19,"turns":3},{"damage":30,"enemies":"Snecko","floor":20,"turns":5},{"damage":22,"enemies":"Shelled Parasite and Fungi","floor":22,"turns":6},{"damage":34,"enemies":"Gremlin Leader","floor":24,"turns":7},{"damage":14,"enemies":"Book of Stabbing","floor":29,"turns":5},{"damage":12,"enemies":"Snake Plant","floor":31,"turns":5},{"damage":23,"enemies":"Champ","floor":33,"turns":6},{"damage":29,"enemies":"Orb Walker","floor":35,"turns":5},{"damage":53,"enemies":"3 Darklings","floor":37,"turns":6}],"seed_played":"-7278606485204881362","potions_obtained":[{"floor":2.0,"key":"Adrenaline Potion"},{"floor":4.0,"key":"champ:CounterPotion"},{"floor":6.0,"key":"FearPotion"},{"floor":16,"key":"Weak Potion"},{"floor":22,"key":"Elixir"},{"floor":24,"key":"Ancient Potion"},{"floor":31,"key":"AttackPotion"},{"floor":33,"key":"Elixir"},{"floor":35,"key":"Weak Potion"}],"is_trial":false,"path_per_floor":["M","M","$","M","M","E","M","E","T","R","E","M","R","?","R","B",null,"M","M","M","$","M","R","E","R","T","AVR","R","E","?","M","R","B",null,"M","$","M"],"character_chosen":"THE_SILENT","items_purchased":["ClockworkSouvenir","aspiration:VileToxins","Footwork","Terror"],"campfire_rested":5,"item_purchase_floors":[3,21,21,36],"current_hp_per_floor":[70,69,69,68,64,42,30,23,23,44,29,19,40,44,44,38,74,67,71,45,45,27,49,19,41,41,41,41,31,31,23,45,26,74,49,49,71,71],"gold":8,"neow_bonus":"HUNDRED_GOLD","is_daily":false,"chose_seed":false,"campfire_upgraded":1,"win_rate":0.0,"timestamp":1611711231,"path_taken":["M","M","$","M","M","E","M","E","T","R","E","M","R","?","R","BOSS","M","M","M","$","M","R","E","R","T","AVR","R","E","?","M","R","BOSS","M","$","?"],"items_purchased_type":["Relic","Relic","Card","Card"],"build_version":"2020-12-22","purchased_purges":4,"victory":false,"max_hp_per_floor":[70,70,70,70,70,70,70,70,70,70,70,70,70,74,74,74,74,74,74,74,74,74,74,74,74,74,74,74,74,74,74,74,74,74,74,74,74,74],"relic_stats":{"counters":[20,106],"obtain_stats":[{"conspire:Dentures":6,"aspiration:VileToxins":21,"Molten Egg 2":8,"infinitespire:EmpoweringShard":11,"Sizzling Blood":14,"aspiration:RitualDagger":34,"Bottled Tornado":29,"ReplayTheSpireMod:Lightbulb":24,"aspiration:Headhunter":27,"Ring of the Snake":0,"ClockworkSouvenir":3,"Replay:Bottled Steam":26},{"conspire:Dentures":5,"aspiration:VileToxins":13,"Molten Egg 2":7,"infinitespire:EmpoweringShard":8,"Sizzling Blood":9,"aspiration:RitualDagger":18,"Bottled Tornado":16,"ReplayTheSpireMod:Lightbulb":15,"aspiration:Headhunter":15,"Ring of the Snake":0,"ClockworkSouvenir":2,"Replay:Bottled Steam":15},{"conspire:Dentures":23,"aspiration:VileToxins":66,"Molten Egg 2":34,"infinitespire:EmpoweringShard":41,"Sizzling Blood":45,"aspiration:RitualDagger":95,"Bottled Tornado":84,"ReplayTheSpireMod:Lightbulb":79,"aspiration:Headhunter":79,"Ring of the Snake":0,"ClockworkSouvenir":7,"Replay:Bottled Steam":79}]},"card_choices":[{"not_picked":["Outmaneuver","hubris:SlightOfHand"],"picked":"Poisoned Stab","floor":1.0},{"not_picked":["Hidden Blade","Riddle With Holes"],"picked":"Heel Hook","floor":2.0},{"not_picked":["Draining Mist","Caltrops"],"picked":"Noxious Fumes","floor":4.0},{"not_picked":["Backflip","Dodge and Roll"],"picked":"Prepared","floor":5.0},{"not_picked":["Underhanded Strike","Dash"],"picked":"Noxious Fumes","floor":6.0},{"not_picked":["Quick Slash","aspiration:Lunge"],"picked":"Leg Sweep","floor":7.0},{"not_picked":["Prepared","Fluid Movement"],"picked":"Bouncing Flask","floor":8},{"not_picked":["hubris:SlightOfHand","Hidden Blade"],"picked":"Glass Knife+1","floor":11},{"not_picked":["Endless Agony+1","Sneak Up"],"picked":"conspire:PoisonWeapons","floor":12},{"not_picked":["Unload+1","Storm of Steel"],"picked":"Poison Darts","floor":16},{"not_picked":["PiercingWail","Cloak And Dagger"],"picked":"Deflect+1","floor":18},{"not_picked":["Prepared+1","Accuracy+1"],"picked":"ReplayTheSpireMod:Speed Training","floor":19},{"not_picked":["Underhanded Strike+1","PiercingWail+1"],"picked":"Flying Knee+1","floor":20},{"not_picked":["ReplayTheSpireMod:Tripwire","Sucker Punch+1"],"picked":"Fluid Movement","floor":22},{"not_picked":["Caltrops","Sucker Punch+1"],"picked":"PiercingWail+1","floor":24},{"not_picked":["Flechettes+1","Poisoned Stab+1"],"picked":"ReplayTheSpireMod:Tripwire","floor":29},{"not_picked":["Dagger Throw+1","Expertise"],"picked":"Deflect","floor":31},{"not_picked":["Storm of Steel","A Thousand Cuts"],"picked":"ReplayTheSpireMod:From All Sides+1","floor":33},{"not_picked":["Predator+1","Cloak And Dagger+1"],"picked":"Deflect+1","floor":35}],"player_experience":335232,"relics_obtained":[{"floor":6.0,"key":"conspire:Dentures"},{"floor":8,"key":"Molten Egg 2"},{"floor":11,"key":"infinitespire:EmpoweringShard"},{"floor":24,"key":"ReplayTheSpireMod:Lightbulb"},{"floor":26,"key":"Replay:Bottled Steam"},{"floor":29,"key":"Bottled Tornado"}],"event_choices":[{"damage_healed":0,"gold_gain":0,"player_choice":"Bet on Owner","damage_taken":0,"max_hp_gain":0,"max_hp_loss":0,"event_name":"The Joust","floor":30,"gold_loss":50}],"is_beta":false,"boss_relics":[{"not_picked":["Replay:Grab Bag","Snecko Eye","Abe\u0027s Treasure"]},{"not_picked":["Busted Crown","conspire:SlowCooker"],"picked":"aspiration:RitualDagger"}],"items_purged_floors":[3,21,27,36],"is_endless":false,"potions_floor_spawned":[2,4,6,16,22,24,31,33,35],"killed_by":"3 Darklings","ascension_level":2}}