{"host":"avjwtc49fhlk6kym","time":1611788152,"event":{"mods":["AchievementEnabler","BaseMod","Better Match","Better Note","Better Third Choice","Colored Map","Colored Powertips","Displayed Cursed Tome","Highlight Path","Minty Spire (QoL Compilation)","Permanent Neow","Quick Restart","StSLib"],"gold_per_floor":[112,131,143,23,40,40,51,51,51,63,63,92,92,107,107,208,208,227,227,21,21,34,34,45,45,45,56,56,56,86,86,86],"floor_reached":31,"language":"ENG","playtime":1391,"items_purged":["Defend_P","Strike_P"],"score":257,"play_id":"378ce274-e606-4871-a726-b90637f8ac50","local_time":"20210127175552","is_ascension_mode":false,"campfire_choices":[{"data":"Eruption","floor":6,"key":"SMITH"},{"data":"Establishment","floor":8,"key":"SMITH"},{"floor":15,"key":"REST"},{"floor":23,"key":"REST"},{"floor":25,"key":"REST"},{"floor":28,"key":"REST"}],"circlet_count":0,"master_deck":["Strike_P","Strike_P","Defend_P","Defend_P+1","Eruption+1","Vigilance","FearNoEvil","DevaForm","Wallop","Halt","Wireheading","BowlingBash","Establishment+1","Consecrate","CrushJoints+1","DeusExMachina","Evaluate","Protect+1","MasterReality","BattleHymn","ReachHeaven+1","WheelKick","SandsOfTime","Pain","LessonLearned"],"relics":["HolyWater","Vajra","Meat on the Bone","Membership Card","Nloth\u0027s Gift","StrikeDummy","WarpedTongs","War Paint"],"acts_visited":["Exordium","TheCity"],"potions_floor_usage":[7,10,10,10,12,16,18],"damage_taken":[{"damage":0,"enemies":"Cultist","floor":1,"turns":2},{"damage":2,"enemies":"Jaw Worm","floor":2,"turns":3},{"damage":0,"enemies":"2 Louse","floor":3,"turns":2},{"damage":5,"enemies":"Blue Slaver","floor":5,"turns":4},{"damage":5,"enemies":"Exordium Wildlife","floor":7,"turns":5},{"damage":0,"enemies":"Large Slime","floor":10,"turns":3},{"damage":28,"enemies":"Gremlin Nob","floor":12,"turns":5},{"damage":5,"enemies":"3 Louse","floor":14,"turns":2},{"damage":32,"enemies":"The Guardian","floor":16,"turns":12},{"damage":27,"enemies":"Spheric Guardian","floor":18,"turns":6},{"damage":21,"enemies":"3 Byrds","floor":22,"turns":5},{"damage":29,"enemies":"Snake Plant","floor":24,"turns":5},{"damage":27,"enemies":"Centurion and Healer","floor":27,"turns":5},{"damage":39,"enemies":"Book of Stabbing","floor":30,"turns":4},{"damage":27,"enemies":"Shelled Parasite and Fungi","floor":31,"turns":4}],"seed_played":"2406340441111200971","potions_obtained":[{"floor":1,"key":"SneckoOil"},{"floor":7,"key":"EntropicBrew"},{"floor":14,"key":"GamblersBrew"},{"floor":16,"key":"SpeedPotion"},{"floor":18,"key":"EssenceOfSteel"},{"floor":27,"key":"SpeedPotion"}],"is_trial":false,"path_per_floor":["M","M","M","$","M","R","M","R","T","M","?","E","T","M","R","B",null,"M","?","$","?","M","R","M","R","T","M","R","?","E","M"],"character_chosen":"WATCHER","items_purchased":["BowlingBash","Membership Card"],"campfire_rested":4,"item_purchase_floors":[4,20],"current_hp_per_floor":[65,63,63,63,58,58,53,53,53,53,53,25,25,20,39,7,65,38,38,38,38,29,48,31,50,50,35,54,54,27,0,0],"gold":86,"neow_bonus":"TRANSFORM_TWO_CARDS","is_daily":false,"chose_seed":false,"campfire_upgraded":2,"win_rate":0.0,"timestamp":1611788152,"path_taken":["M","M","M","$","M","R","?","R","T","M","?","E","?","?","R","BOSS","M","?","$","?","M","R","M","R","T","M","R","?","E","M"],"items_purchased_type":["Card","Relic"],"build_version":"2020-12-22","purchased_purges":2,"victory":false,"max_hp_per_floor":[65,65,65,65,65,65,65,65,65,65,65,65,65,65,65,65,65,65,65,65,65,65,65,65,65,65,65,65,65,65,65,65],"card_choices":[{"not_picked":["FollowUp","ClearTheMind"],"picked":"Wallop","floor":1},{"not_picked":["Vengeance","Perseverance"],"picked":"Halt","floor":2},{"not_picked":["Prostrate","SashWhip"],"picked":"Wireheading","floor":3},{"not_picked":["Crescendo","JustLucky"],"picked":"Establishment","floor":5},{"not_picked":["SashWhip","ThirdEye"],"picked":"Consecrate","floor":7},{"not_picked":["Consecrate","ThirdEye"],"picked":"CrushJoints","floor":10},{"not_picked":["Crescendo","FlurryOfBlows"],"picked":"DeusExMachina","floor":12},{"not_picked":["BowlingBash","Collect"],"picked":"Evaluate","floor":14},{"not_picked":["EmptyFist","FlyingSleeves"],"picked":"Protect","floor":15},{"not_picked":["DevaForm","Vault"],"picked":"MasterReality","floor":16},{"not_picked":["Fasting2+1","SashWhip"],"picked":"BattleHymn","floor":18},{"not_picked":["WindmillStrike","PathToVictory"],"picked":"ReachHeaven+1","floor":22},{"not_picked":["FlyingSleeves","Crescendo"],"picked":"WheelKick","floor":24},{"not_picked":["CutThroughFate+1","FlyingSleeves+1"],"picked":"SandsOfTime","floor":27},{"not_picked":["Pray","EmptyBody+1"],"picked":"LessonLearned","floor":30}],"player_experience":413696,"relics_obtained":[{"floor":12,"key":"Dream Catcher"},{"floor":13,"key":"Vajra"},{"floor":26,"key":"StrikeDummy"},{"floor":30,"key":"War Paint"}],"event_choices":[{"damage_healed":0,"gold_gain":0,"player_choice":"Grow","damage_taken":0,"max_hp_gain":0,"max_hp_loss":0,"event_name":"Living Wall","floor":11,"gold_loss":0,"cards_upgraded":["CrushJoints"]},{"damage_healed":0,"gold_gain":0,"player_choice":"Gave Potion","damage_taken":0,"relics_obtained":["Meat on the Bone"],"max_hp_gain":0,"max_hp_loss":0,"event_name":"WeMeetAgain","floor":19,"gold_loss":0},{"damage_healed":0,"gold_gain":0,"player_choice":"Traded Relic","damage_taken":0,"relics_obtained":["Nloth\u0027s Gift"],"max_hp_gain":0,"max_hp_loss":0,"event_name":"N\u0027loth","floor":21,"relics_lost":["Dream Catcher"],"gold_loss":0},{"damage_healed":0,"gold_gain":0,"player_choice":"Rummage","damage_taken":0,"relics_obtained":["WarpedTongs"],"max_hp_gain":0,"max_hp_loss":0,"event_name":"Accursed Blacksmith","floor":29,"gold_loss":0,"cards_obtained":["Pain"]}],"is_beta":false,"boss_relics":[{"not_picked":["Philosopher\u0027s Stone","Busted Crown"],"picked":"HolyWater"}],"items_purged_floors":[4,20],"is_endless":false,"potions_floor_spawned":[1,7,14,16,18,27],"killed_by":"Shelled Parasite and Fungi","ascension_level":0}}