{"host":"lrlw254gqe5layub","time":1611726046,"event":{"mods":["AchievementEnabler","BaseMod","Colored Map","Colored Powertips","Minty Spire (QoL Compilation)","Rare Cards Sparkle","SuperFastMode"],"gold_per_floor":[112,4,24,24,24,54,69,69,69,69,88,108,119,119,119,119,119],"floor_reached":16,"language":"KOR","playtime":554,"items_purged":["Strike_B"],"score":184,"play_id":"d7553430-ebf2-467f-8429-315a44cdd30e","local_time":"20210127144046","is_ascension_mode":true,"campfire_choices":[{"data":"Double Energy","floor":8,"key":"SMITH"},{"floor":10,"key":"RECALL"},{"data":"Dualcast","floor":15,"key":"SMITH"}],"circlet_count":0,"master_deck":["Strike_B","Strike_B","Strike_B","Defend_B","Defend_B","Defend_B","Defend_B","Zap","Dualcast+1","Double Energy+1","Glacier","Chaos","Coolheaded","Genetic Algorithm"],"relics":["Cracked Core","NeowsBlessing","Orichalcum","Cables","Toy Ornithopter","White Beast Statue"],"acts_visited":["Exordium"],"potions_floor_usage":[6,12,16],"damage_taken":[{"damage":0,"enemies":"2 Louse","floor":1,"turns":1},{"damage":0,"enemies":"Jaw Worm","floor":3,"turns":1},{"damage":0,"enemies":"Gremlin Nob","floor":6,"turns":1},{"damage":0,"enemies":"Cultist","floor":7,"turns":3},{"damage":7,"enemies":"Exordium Wildlife","floor":11,"turns":5},{"damage":3,"enemies":"2 Fungi Beasts","floor":12,"turns":6},{"damage":21,"enemies":"Large Slime","floor":13,"turns":11},{"damage":69,"enemies":"Slime Boss","floor":16,"turns":12}],"seed_played":"1318918379638001489","potions_obtained":[{"floor":3,"key":"PotionOfCapacity"},{"floor":11,"key":"Energy Potion"},{"floor":12,"key":"SpeedPotion"},{"floor":13,"key":"Regen Potion"}],"is_trial":false,"path_per_floor":["M","$","M","?","T","E","M","R","T","R","M","M","M","?","R","B"],"character_chosen":"DEFECT","items_purchased":["Glacier"],"campfire_rested":0,"item_purchase_floors":[2],"current_hp_per_floor":[68,68,68,65,65,65,65,65,65,65,58,60,39,44,44,0,0],"gold":119,"neow_bonus":"THREE_ENEMY_KILL","is_daily":false,"chose_seed":false,"campfire_upgraded":2,"win_rate":0.0,"timestamp":1611726046,"path_taken":["M","$","M","?","?","E","M","R","T","R","M","?","M","?","R","BOSS"],"items_purchased_type":["Card"],"build_version":"2020-12-22","purchased_purges":1,"victory":false,"max_hp_per_floor":[75,75,75,75,75,75,75,75,75,75,75,75,75,80,80,80,80],"card_choices":[{"not_picked":["Leap","Conserve Battery"],"picked":"Double Energy","floor":1},{"not_picked":["Sweeping Beam","Streamline","Steam"],"picked":"SKIP","floor":3},{"not_picked":["Biased Cognition","Streamline"],"picked":"Chaos","floor":6},{"not_picked":["Conserve Battery","Leap"],"picked":"Coolheaded","floor":7},{"not_picked":["Streamline","Rebound","Turbo"],"picked":"SKIP","floor":11},{"not_picked":["Beam Cell","Aggregate"],"picked":"Genetic Algorithm","floor":12},{"not_picked":["Ball Lightning","Go for the Eyes","Conserve Battery"],"picked":"SKIP","floor":13}],"player_experience":469308,"relics_obtained":[{"floor":5,"key":"Cables"},{"floor":6,"key":"Toy Ornithopter"},{"floor":9,"key":"White Beast Statue"}],"event_choices":[{"damage_healed":0,"gold_gain":0,"player_choice":"Success","damage_taken":3,"relics_obtained":["Orichalcum"],"max_hp_gain":0,"max_hp_loss":0,"event_name":"Scrap Ooze","floor":4,"gold_loss":0},{"damage_healed":0,"gold_gain":0,"player_choice":"Donut","damage_taken":0,"max_hp_gain":5,"max_hp_loss":0,"event_name":"Big Fish","floor":14,"gold_loss":0}],"is_beta":false,"boss_relics":[],"items_purged_floors":[2],"is_endless":false,"potions_floor_spawned":[3,11,12,13],"killed_by":"Slime Boss","ascension_level":9}}