{"host":"i0avyit1s6jb1siw","time":1611779357,"event":{"mods":["BaseMod","DeckTracker","Dota2Spire","Highlight Path","Minty Spire (QoL Compilation)","Quick Restart","StSLib","SuperFastMode"],"gold_per_floor":[114,128,128,147,222,222,64,64,87,87,97,97,97,97,125,125,201,201,213,163,176,190,11,11,11,41,41,41,67,81,115,115,115,115,189,189,201,217,230,249,267,301,321,321,321,344,379,379,393,423,434,434,434,434,434,434,162,194,194],"floor_reached":60,"language":"ENG","playtime":1693,"items_purged":["Strike_G","Strike_G","Strike_G"],"score":2934,"play_id":"99ae760e-c25a-447d-af27-3a925841b4e9","local_time":"20210127212917","is_ascension_mode":true,"campfire_choices":[{"floor":6.0,"key":"REST"},{"data":"Panache","floor":12,"key":"SMITH"},{"data":"Neutralize","floor":14,"key":"SMITH"},{"data":"Deadly Poison","floor":16,"key":"SMITH"},{"floor":24,"key":"REST"},{"data":"Calculated Gamble","floor":32,"key":"SMITH"},{"data":"Cloak And Dagger","floor":34,"key":"SMITH"},{"floor":44,"key":"RECALL"},{"floor":52,"key":"REST"},{"data":"Accuracy","floor":56,"key":"SMITH"}],"circlet_count":0,"master_deck":["AscendersBane","Defend_G","Defend_G","Defend_G","Defend_G","Defend_G","Survivor","Neutralize+1","Panache+1","Dagger Spray","Blade Dance+1","Cloak And Dagger+1","Accuracy+1","Deadly Poison+1","Noxious Fumes","Blade Dance","Leg Sweep","Escape Plan","Calculated Gamble+1","Backflip","Terror+1","Dodge and Roll","Acrobatics","Dodge and Roll+1","Wraith Form v2"],"relics":["Ring of the Snake","Oddly Smooth Stone","Regal Pillow","Strawberry","Dota2Spire:Bloodstone","Smiling Mask","Dota2Spire:BattleFury","Centennial Puzzle","Kunai","InkBottle","Dota2Spire:RefresherOrb","Akabeko","Dota2Spire:BladeMail","FossilizedHelix","Dota2Spire:Desolator","Happy Flower","Dota2Spire:AghanimScepter"],"acts_visited":["Exordium","TheCity","TheBeyond","TheEnding"],"potions_floor_usage":[17,26,29,54,59],"damage_taken":[{"damage":7.0,"enemies":"Small Slimes","floor":1.0,"turns":5.0},{"damage":9.0,"enemies":"2 Louse","floor":2.0,"turns":3.0},{"damage":0.0,"enemies":"Cultist","floor":4.0,"turns":3.0},{"damage":0,"enemies":"Looter","floor":11,"turns":4},{"damage":5,"enemies":"3 Sentries","floor":15,"turns":6},{"damage":12,"enemies":"Hexaghost","floor":17,"turns":9},{"damage":1,"enemies":"2 Thieves","floor":19,"turns":2},{"damage":0,"enemies":"3 Byrds","floor":21,"turns":2},{"damage":30,"enemies":"Shelled Parasite and Fungi","floor":22,"turns":4},{"damage":15,"enemies":"Slavers","floor":26,"turns":3},{"damage":7,"enemies":"Book of Stabbing","floor":29,"turns":4},{"damage":0,"enemies":"Cultist and Chosen","floor":30,"turns":4},{"damage":14,"enemies":"Gremlin Leader","floor":31,"turns":4},{"damage":5,"enemies":"Collector","floor":35,"turns":7},{"damage":0,"enemies":"3 Darklings","floor":37,"turns":2},{"damage":0,"enemies":"3 Shapes","floor":38,"turns":4},{"damage":0,"enemies":"Sphere and 2 Shapes","floor":39,"turns":1},{"damage":0,"enemies":"Transient","floor":40,"turns":6},{"damage":5,"enemies":"Spire Growth","floor":41,"turns":3},{"damage":0,"enemies":"Nemesis","floor":42,"turns":3},{"damage":0,"enemies":"Sphere and 2 Shapes","floor":43,"turns":1},{"damage":7,"enemies":"Giant Head","floor":47,"turns":5},{"damage":0,"enemies":"Transient","floor":49,"turns":6},{"damage":0,"enemies":"Reptomancer","floor":50,"turns":2},{"damage":0,"enemies":"4 Shapes","floor":51,"turns":2},{"damage":51,"enemies":"Time Eater","floor":53,"turns":13},{"damage":3,"enemies":"Donu and Deca","floor":54,"turns":6},{"damage":25,"enemies":"Shield and Spear","floor":58,"turns":5},{"damage":62,"enemies":"The Heart","floor":59,"turns":7}],"seed_played":"4993004498479282540","potions_obtained":[{"floor":1.0,"key":"Swift Potion"},{"floor":2.0,"key":"AttackPotion"},{"floor":26,"key":"Swift Potion"},{"floor":29,"key":"PowerPotion"}],"is_trial":false,"path_per_floor":["M","M","?","M","?","R","$","?","T","T","M","R","?","R","E","R","B",null,"M","?","M","M","$","R","?","E","T","T","E","M","E","R","?","R","B",null,"M","M","M","M","M","E","M","R","T","T","E","?","M","E","M","R","B","B",null,"R","$","E","B",null],"character_chosen":"THE_SILENT","items_purchased":["Accuracy","DistilledChaos","Happy Flower","Strength Potion"],"campfire_rested":3,"item_purchase_floors":[7,23,57,57],"current_hp_per_floor":[37,28,21,21,10,29,29,29,29,29,29,29,29,29,31,31,19,60,59,59,59,29,29,65,65,50,50,50,43,43,29,29,29,29,24,61,61,61,61,61,56,56,56,56,56,56,49,49,49,49,49,73,22,19,60,60,60,35,12],"gold":194,"neow_bonus":"RANDOM_COLORLESS_2","is_daily":false,"chose_seed":false,"campfire_upgraded":6,"win_rate":0.0,"timestamp":1611779357,"path_taken":["M","M","?","M","?","R","$","?","T","T","M","R","?","R","E","R","BOSS","M","?","M","?","$","R","?","E","T","T","E","M","E","R","?","R","BOSS","M","?","M","M","M","E","M","R","T","T","E","?","M","E","M","R","BOSS","BOSS","R","$","E","BOSS"],"items_purchased_type":["Card","Potion","Relic","Potion"],"build_version":"2020-12-22","purchased_purges":3,"victory":true,"max_hp_per_floor":[66,66,66,66,66,66,66,66,66,66,66,66,66,66,73,73,73,73,73,73,73,73,73,73,73,73,73,73,73,73,73,73,73,73,73,73,73,73,73,73,73,73,73,73,73,73,73,73,73,73,73,73,73,73,73,73,73,73,73],"card_choices":[{"not_picked":["Thinking Ahead","Secret Technique"],"picked":"Panache","floor":0.0},{"not_picked":["Blur","Terror"],"picked":"Dagger Spray","floor":1.0},{"not_picked":["Deflect","Prepared"],"picked":"Blade Dance","floor":2.0},{"not_picked":["Poisoned Stab","Dagger Spray"],"picked":"Cloak And Dagger","floor":4.0},{"not_picked":["Night Terror","Prepared","Deadly Poison"],"picked":"SKIP","floor":11},{"not_picked":["Night Terror","Prepared"],"picked":"Deadly Poison","floor":11},{"not_picked":["Underhanded Strike","Escape Plan"],"picked":"Noxious Fumes","floor":15},{"not_picked":["Dagger Spray","Accuracy"],"picked":"Blade Dance","floor":19},{"not_picked":["Poisoned Stab","Blade Dance","Dagger Throw"],"picked":"SKIP","floor":21},{"not_picked":["Flying Knee","Heel Hook"],"picked":"Leg Sweep","floor":22},{"not_picked":["Acrobatics","Accuracy"],"picked":"Adrenaline","floor":26},{"not_picked":["Riddle With Holes","PiercingWail"],"picked":"Escape Plan","floor":29},{"not_picked":["Quick Slash","Dagger Spray","All Out Attack"],"picked":"SKIP","floor":30},{"not_picked":["Eviscerate","Riddle With Holes"],"picked":"Calculated Gamble","floor":31},{"not_picked":["Backflip","Dagger Throw","Acrobatics"],"picked":"SKIP","floor":37},{"not_picked":["Dagger Throw","Acrobatics"],"picked":"Backflip","floor":37},{"not_picked":["Predator","Calculated Gamble"],"picked":"Terror+1","floor":38},{"not_picked":["Quick Slash","Catalyst","Noxious Fumes"],"picked":"SKIP","floor":39},{"not_picked":["Underhanded Strike","Slice","Blade Dance+1"],"picked":"SKIP","floor":40},{"not_picked":["Caltrops","Noxious Fumes","Finisher"],"picked":"SKIP","floor":41},{"not_picked":["Endless Agony","Poisoned Stab","Sucker Punch+1"],"picked":"SKIP","floor":42},{"not_picked":["Acrobatics","Sucker Punch","Prepared"],"picked":"SKIP","floor":43},{"not_picked":["Crippling Poison","Reflex"],"picked":"Dodge and Roll","floor":47},{"not_picked":["Flying Knee","Reflex"],"picked":"Acrobatics","floor":49},{"not_picked":["Crippling Poison+1","Prepared"],"picked":"Dodge and Roll+1","floor":50},{"not_picked":["Underhanded Strike","Night Terror","Dagger Throw"],"picked":"SKIP","floor":51},{"not_picked":["Outmaneuver+1","Bane"],"picked":"Wraith Form v2","floor":58}],"player_experience":2356644,"relics_obtained":[{"floor":9,"key":"Oddly Smooth Stone"},{"floor":10,"key":"Regal Pillow"},{"floor":15,"key":"Strawberry"},{"floor":26,"key":"Smiling Mask"},{"floor":27,"key":"Dota2Spire:BattleFury"},{"floor":28,"key":"Centennial Puzzle"},{"floor":29,"key":"Kunai"},{"floor":31,"key":"InkBottle"},{"floor":42,"key":"Akabeko"},{"floor":46,"key":"Dota2Spire:BladeMail"},{"floor":47,"key":"FossilizedHelix"},{"floor":50,"key":"Dota2Spire:Desolator"},{"floor":58,"key":"Dota2Spire:AghanimScepter"}],"event_choices":[{"cards_removed":["Strike_G"],"damage_healed":0.0,"max_hp_gain":0.0,"max_hp_loss":0.0,"gold_gain":0.0,"event_name":"Golden Wing","player_choice":"Card Removal","floor":3.0,"gold_loss":0.0,"damage_taken":7.0},{"damage_healed":0.0,"max_hp_gain":0.0,"max_hp_loss":0.0,"gold_gain":75.0,"event_name":"World of Goop","player_choice":"Gather Gold","floor":5.0,"gold_loss":0.0,"damage_taken":11.0},{"damage_healed":0,"gold_gain":0,"player_choice":"Fled","damage_taken":0,"max_hp_gain":0,"max_hp_loss":0,"event_name":"Scrap Ooze","floor":8,"gold_loss":0},{"damage_healed":0,"gold_gain":0,"player_choice":"Grow","damage_taken":0,"max_hp_gain":0,"max_hp_loss":0,"event_name":"Living Wall","floor":13,"gold_loss":0,"cards_upgraded":["Blade Dance"]},{"damage_healed":0,"gold_gain":0,"player_choice":"Bet on Owner","damage_taken":0,"max_hp_gain":0,"max_hp_loss":0,"event_name":"The Joust","floor":20,"gold_loss":50},{"cards_removed":["Strike_G"],"damage_healed":0,"gold_gain":0,"player_choice":"Purged","damage_taken":0,"max_hp_gain":0,"max_hp_loss":0,"event_name":"Purifier","floor":33,"gold_loss":0},{"cards_removed":["Adrenaline"],"damage_healed":0,"gold_gain":0,"player_choice":"Removed Skill","damage_taken":0,"max_hp_gain":0,"max_hp_loss":0,"event_name":"Falling","floor":48,"gold_loss":0}],"is_beta":false,"boss_relics":[{"not_picked":["Fusion Hammer","Coffee Dripper"],"picked":"Dota2Spire:Bloodstone"},{"not_picked":["HoveringKite","Black Star"],"picked":"Dota2Spire:RefresherOrb"}],"items_purged_floors":[7,23,57],"is_endless":false,"potions_floor_spawned":[1,2,15,26,29,31,35,40,41,42,47,49,50],"ascension_level":20}}