{"host":"2yhbarjh4s9lrrzt","time":1611742206,"event":{"mods":["2.2 Compatiblity","BaseMod","Better Note","Better Third Choice","Block Reminder","Hubris","Marked Mod","Minty Spire (QoL Compilation)","Replay The Spire","StSLib"],"gold_per_floor":[112,112,112,130,43,43,76,76,76,95,113,132,132,148,148,274,274,267,342,16,37,62,62,82,82,108,108,129,174,188,204,204,204,204],"floor_reached":33,"language":"ENG","playtime":2507,"items_purged":[],"score":253,"play_id":"165ddbd4-3bec-4814-a4e2-ab5346ffb819","local_time":"20210127051006","is_ascension_mode":false,"campfire_choices":[{"floor":6,"key":"REST"},{"floor":8,"key":"REST"},{"floor":15,"key":"REST"},{"floor":23,"key":"REST"},{"floor":25,"key":"REST"},{"floor":27,"key":"REST"},{"floor":32,"key":"REST"}],"circlet_count":0,"master_deck":["Strike_P","Strike_P","Strike_P","Strike_P","Defend_P","Defend_P+1","Defend_P+1","Defend_P","Eruption","Vigilance","Swivel","FearNoEvil","BattleHymn","Protect","ConjureBlade","Weave","JustLucky","Prostrate","Injury","Consecrate","DeusExMachina","Replay:Cycle","Replay:BasicMightCard","SandsOfTime","Magnetism","Replay:Battleflow","Evaluate","MarkedMod:FirstStrike+1","FlurryOfBlows","FollowUp+1","Wish","Halt+1"],"relics":["PureWater","hubris:Towel","Garlic","TeardropLocket","Golden Idol","hubris:RunicObelisk"],"acts_visited":["Exordium","TheCity"],"potions_floor_usage":[0,7,16,22,24,30],"damage_taken":[{"damage":1,"enemies":"2 Louse","floor":1,"turns":4},{"damage":0,"enemies":"Jaw Worm","floor":4,"turns":5},{"damage":31,"enemies":"Lagavulin","floor":7,"turns":7},{"damage":0,"enemies":"Cultist","floor":10,"turns":4},{"damage":0,"enemies":"Red Slaver","floor":11,"turns":4},{"damage":4,"enemies":"Large Slime","floor":12,"turns":5},{"damage":0,"enemies":"Looter","floor":14,"turns":2},{"damage":56,"enemies":"Hexaghost","floor":16,"turns":15},{"damage":9,"enemies":"2 Thieves","floor":18,"turns":4},{"damage":8,"enemies":"3 Byrds","floor":21,"turns":6},{"damage":16,"enemies":"Snake Plant","floor":22,"turns":6},{"damage":49,"enemies":"Sentry and Sphere","floor":24,"turns":7},{"damage":13,"enemies":"Shelled Parasite and Fungi","floor":28,"turns":5},{"damage":23,"enemies":"3 Cultists","floor":29,"turns":6},{"damage":9,"enemies":"Snake Plant","floor":30,"turns":5},{"damage":26,"enemies":"Snecko","floor":31,"turns":5},{"damage":80,"enemies":"hubris:MusketHawk","floor":33,"turns":11}],"seed_played":"-8130183760246318778","potions_obtained":[{"floor":0,"key":"Death Potion"},{"floor":0,"key":"Fruit Juice"},{"floor":0,"key":"FairyPotion"},{"floor":7,"key":"Swift Potion"},{"floor":10,"key":"FairyPotion"},{"floor":11,"key":"SteroidPotion"},{"floor":18,"key":"Dexterity Potion"},{"floor":22,"key":"DuplicationPotion"},{"floor":29,"key":"Weak Potion"},{"floor":31,"key":"GamblersBrew"}],"is_trial":false,"path_per_floor":["M","?","?","M","$","R","E","R","T","M","M","M","?","M","R","B",null,"M","?","$","M","M","R","M","R","T","R","M","M","M","M","R","B"],"character_chosen":"WATCHER","items_purchased":["BattleHymn","Protect","Replay:BasicMightCard","SandsOfTime","Magnetism"],"campfire_rested":7,"item_purchase_floors":[5,5,20,20,20],"current_hp_per_floor":[76,61,61,61,61,77,46,69,69,69,69,65,65,65,77,21,77,68,61,61,53,37,60,11,34,34,57,44,21,12,23,46,0,0],"gold":204,"neow_bonus":"THREE_SMALL_POTIONS","is_daily":false,"chose_seed":false,"campfire_upgraded":0,"win_rate":0.0,"timestamp":1611742206,"path_taken":["M","?","?","M","$","R","E","R","T","M","M","M","?","?","R","BOSS","M","?","$","M","M","R","M","R","T","R","M","M","M","M","R","BOSS"],"items_purchased_type":["Card","Card","Card","Card","Card"],"build_version":"2020-12-22","purchased_purges":0,"victory":false,"max_hp_per_floor":[77,77,77,77,77,77,77,77,77,77,77,77,77,77,77,77,77,77,77,77,77,77,77,77,77,77,77,77,77,77,77,77,77,77],"card_choices":[{"not_picked":["Wallop","Replay:Hum"],"picked":"Swivel","floor":1},{"not_picked":["CrushJoints","SashWhip"],"picked":"FearNoEvil","floor":4},{"not_picked":["ThirdEye","FearNoEvil"],"picked":"ConjureBlade","floor":7},{"not_picked":["MarkedMod:GentlePulse","CrushJoints"],"picked":"Weave","floor":10},{"not_picked":["WheelKick","FollowUp"],"picked":"JustLucky","floor":11},{"not_picked":["FearNoEvil","Fasting2"],"picked":"Prostrate","floor":12},{"not_picked":["Replay:Vibes","JustLucky"],"picked":"Consecrate","floor":14},{"not_picked":["Wish","SpiritShield"],"picked":"DeusExMachina","floor":16},{"not_picked":["Evaluate","ClearTheMind"],"picked":"Replay:Cycle","floor":18},{"not_picked":["MasterReality","CrushJoints"],"picked":"Replay:Battleflow","floor":21},{"not_picked":["Consecrate","ClearTheMind"],"picked":"Evaluate","floor":22},{"not_picked":["WreathOfFlame","MarkedMod:GracefulMovements"],"picked":"MarkedMod:FirstStrike+1","floor":24},{"not_picked":["MarkedMod:GentlePulse","Weave"],"picked":"FlurryOfBlows","floor":28},{"not_picked":["ReachHeaven","EmptyMind"],"picked":"FollowUp+1","floor":29},{"not_picked":["MarkedMod:FirstStrike","Replay:Vibes+1"],"picked":"Wish","floor":30},{"not_picked":["WheelKick+1","Replay:AtTheReady"],"picked":"Halt+1","floor":31}],"player_experience":268591,"relics_obtained":[{"floor":7,"key":"Garlic"},{"floor":9,"key":"TeardropLocket"}],"event_choices":[{"damage_healed":76,"gold_gain":0,"player_choice":"Upgrade","damage_taken":15,"max_hp_gain":0,"max_hp_loss":77,"event_name":"betterThird:BetterShining","floor":2,"gold_loss":0,"cards_upgraded":["Defend_P","Defend_P"]},{"damage_healed":0,"gold_gain":0,"player_choice":"Take Wound","damage_taken":0,"relics_obtained":["Golden Idol"],"max_hp_gain":0,"max_hp_loss":0,"event_name":"Golden Idol","floor":13,"gold_loss":0,"cards_obtained":["Injury"]},{"damage_healed":0,"gold_gain":75,"player_choice":"Touch","damage_taken":7,"max_hp_gain":0,"max_hp_loss":0,"event_name":"FaceTrader","floor":19,"gold_loss":0}],"is_beta":false,"boss_relics":[{"not_picked":["Kintsugi","Snecko Eye"],"picked":"hubris:RunicObelisk"}],"items_purged_floors":[],"is_endless":false,"potions_floor_spawned":[7,10,11,18,22,29,31],"killed_by":"hubris:MusketHawk","ascension_level":0}}