{"host":"h2977v3ax51ohsow","time":1611767387,"event":{"mods":["Act Like it!","BaseMod","Colored Powertips","Koishi","Marisa（F雨　魔理沙）","Minty Spire (QoL Compilation)","Remilia（蕾米莉亚）","StSLib","The Bug Knight","WarShipGirlsR/战舰少女R mod","Yakumo Yukari mod"],"gold_per_floor":[112,132,157,169,184,209,224,240,293,312,326,59,59,59,59,155,155,166,166,265,33,33,60,60,76,76,92,107,139,158,178,178,283,283,298,318,138,151,166,192,192,222,271,271,287,299,309,329,329,329,329,329,17,43,43],"floor_reached":56,"language":"ZHS","playtime":5789,"items_purged":["rmod:defend","rmod:fletcherpendant"],"score":1209,"play_id":"db44b3dd-6341-40ed-965c-b5176625d3b2","local_time":"20210128010947","is_ascension_mode":false,"campfire_choices":[{"data":"rmod:expedition","floor":13.0,"key":"SMITH"},{"data":"rmod:expedition+1","floor":15.0,"key":"SMITH"},{"data":"rmod:expedition+2","floor":32.0,"key":"SMITH"},{"floor":41.0,"key":"REST"},{"floor":49.0,"key":"RECALL"},{"data":"rmod:expedition+1","floor":52.0,"key":"SMITH"}],"circlet_count":0,"master_deck":["rmod:strick+1","rmod:strick+1","rmod:strick+1","rmod:strick+1","rmod:defend+1","rmod:defend+1","rmod:defend+1","rmod:basicallowance+1","rmod:maingunfire+1","rmod:firesupport+1","rmod:ammunitionsupply+1","rmod:unsinkable+1","rmod:firesupport+1","rmod:diamondstrike+1","rmod:supportaircraftcarrier+1","rmod:acesubmarine+1","rmod:diamondstrike+1","rmod:expedition+3","rmod:diaomin+1","rmod:seals+1","rmod:chargemoney+1","rmod:diamondstrike+1","rmod:victimresponsibility+1","rmod:circuitoustactics+1","rmod:unsinkable+1","rmod:highspeedmaneuver+1","rmod:heivgo+1","rmod:rockthrower+1","rmod:victimresponsibility+1","rmod:unsinkable+1","rmod:stealaluminum+1","rmod:garrisonisland+1","rmod:intelligenceanalysis+1","rmod:expedition+2","rmod:tearstotiara+1","rmod:luckystar+1","rmod:desperatesituation+1","rmod:smokecover+1","rmod:bulid+1","Parasite","rmod:fuelsupply+1","rmod:wolves+1","rmod:sl+1","rmod:wife+1"],"relics":["rmod:firstchargereward","Bag of Marbles","White Beast Statue","Juzu Bracelet","ClockworkSouvenir","Ancient Tea Set","SlaversCollar","Centennial Puzzle","Orrery","Regal Pillow","Bird Faced Urn","Black Star","Question Card","Nunchaku","Shuriken","Bottled Flame","rmod:extraamm","TungstenRod","Happy Flower","Bag of Preparation"],"acts_visited":["Exordium","TheCity","TheBeyond","TheEnding"],"potions_floor_usage":[55,55],"damage_taken":[{"damage":0.0,"enemies":"Cultist","floor":1.0,"turns":3.0},{"damage":7.0,"enemies":"2 Louse","floor":2.0,"turns":2.0},{"damage":0.0,"enemies":"Jaw Worm","floor":4.0,"turns":3.0},{"damage":3.0,"enemies":"Exordium Thugs","floor":5.0,"turns":4.0},{"damage":11.0,"enemies":"Gremlin Nob","floor":6.0,"turns":5.0},{"damage":0.0,"enemies":"Looter","floor":7.0,"turns":2.0},{"damage":0.0,"enemies":"Red Slaver","floor":8.0,"turns":2.0},{"damage":0.0,"enemies":"2 Fungi Beasts","floor":10.0,"turns":3.0},{"damage":5.0,"enemies":"3 Louse","floor":11.0,"turns":2.0},{"damage":14.0,"enemies":"Hexaghost","floor":16.0,"turns":7.0},{"damage":15.0,"enemies":"3 Byrds","floor":18.0,"turns":4.0},{"damage":33.0,"enemies":"Slavers","floor":23.0,"turns":5.0},{"damage":2.0,"enemies":"Spheric Guardian","floor":25.0,"turns":3.0},{"damage":7.0,"enemies":"Chosen and Byrds","floor":27.0,"turns":4.0},{"damage":0.0,"enemies":"Centurion and Healer","floor":28.0,"turns":7.0},{"damage":9.0,"enemies":"Gremlin Leader","floor":29.0,"turns":7.0},{"damage":0.0,"enemies":"3 Cultists","floor":30.0,"turns":6.0},{"damage":16.0,"enemies":"Shelled Parasite and Fungi","floor":31.0,"turns":3.0},{"damage":12.0,"enemies":"Champ","floor":33.0,"turns":7.0},{"damage":0.0,"enemies":"Orb Walker","floor":35.0,"turns":3.0},{"damage":4.0,"enemies":"3 Shapes","floor":36.0,"turns":6.0},{"damage":33.0,"enemies":"Maw","floor":38.0,"turns":8.0},{"damage":25.0,"enemies":"Transient","floor":39.0,"turns":5.0},{"damage":21.0,"enemies":"Giant Head","floor":40.0,"turns":8.0},{"damage":34.0,"enemies":"Reptomancer","floor":42.0,"turns":6.0},{"damage":21.0,"enemies":"Reptomancer","floor":44.0,"turns":27.0},{"damage":25.0,"enemies":"Writhing Mass","floor":45.0,"turns":7.0},{"damage":1.0,"enemies":"3 Darklings","floor":46.0,"turns":4.0},{"damage":1.0,"enemies":"Transient","floor":47.0,"turns":5.0},{"damage":19.0,"enemies":"4 Shapes","floor":48.0,"turns":3.0},{"damage":9.0,"enemies":"Time Eater","floor":50.0,"turns":12.0},{"damage":16,"enemies":"Shield and Spear","floor":54,"turns":4},{"damage":29,"enemies":"The Heart","floor":55,"turns":13}],"seed_played":"-7490341728683677096","potions_obtained":[{"floor":2.0,"key":"Energy Potion"},{"floor":4.0,"key":"SpeedPotion"},{"floor":5.0,"key":"Fruit Juice"},{"floor":7.0,"key":"Block Potion"},{"floor":8.0,"key":"Explosive Potion"},{"floor":16.0,"key":"SteroidPotion"},{"floor":18.0,"key":"Regen Potion"},{"floor":23.0,"key":"Regen Potion"},{"floor":25.0,"key":"LiquidBronze"},{"floor":27.0,"key":"Swift Potion"},{"floor":28.0,"key":"GamblersBrew"},{"floor":29.0,"key":"SpeedPotion"},{"floor":30.0,"key":"Regen Potion"},{"floor":31.0,"key":"EssenceOfSteel"},{"floor":33.0,"key":"CultistPotion"},{"floor":35.0,"key":"Energy Potion"},{"floor":36.0,"key":"Strength Potion"},{"floor":38.0,"key":"GamblersBrew"},{"floor":39.0,"key":"DuplicationPotion"},{"floor":40.0,"key":"LiquidMemories"},{"floor":42.0,"key":"SkillPotion"},{"floor":45.0,"key":"ColorlessPotion"},{"floor":46.0,"key":"SpeedPotion"},{"floor":47.0,"key":"Weak Potion"},{"floor":48.0,"key":"Block Potion"},{"floor":54,"key":"PowerPotion"}],"is_trial":false,"path_per_floor":["M","M","T","M","M","E","M","M","T","M","M","$","R","?","R","B",null,"M","?","?","$","?","E","?","M","T","M","M","E","M","M","R","B",null,"M","M","$","M","M","E","R","E","T","?","M","M","M","M","R","B",null,"R","$","E","B",null],"character_chosen":"PRAEFECT","items_purchased":["rmod:expedition","ClockworkSouvenir","rmod:diaomin","Orrery","rmod:expedition","rmod:tearstotiara","TungstenRod"],"campfire_rested":1,"item_purchase_floors":[12,12,12,21,37,37,53],"current_hp_per_floor":[82,75,75,75,72,66,66,66,66,66,61,61,61,49,49,35,87,72,72,72,72,72,53,53,51,51,56,56,47,51,50,50,44,87,87,87,87,58,37,26,67,39,39,87,70,71,76,59,59,66,87,87,87,77,62],"gold":43,"neow_bonus":"TEN_PERCENT_HP_BONUS","is_daily":false,"chose_seed":false,"campfire_upgraded":4,"win_rate":0.0,"timestamp":1611767387,"path_taken":["M","M","?","M","M","E","M","M","T","M","M","$","R","?","R","BOSS","M","?","?","$","?","E","?","M","T","M","M","E","M","M","R","BOSS","M","M","$","M","M","E","R","E","T","?","M","M","M","M","R","BOSS","R","$","E","BOSS"],"items_purchased_type":["Card","Relic","Card","Relic","Card","Card","Relic"],"build_version":"2020-12-22","purchased_purges":2,"victory":true,"max_hp_per_floor":[82,82,82,82,82,87,87,87,87,87,87,87,87,87,87,87,87,87,87,87,87,87,87,87,87,87,87,87,87,87,87,87,87,87,87,87,87,87,87,87,87,87,87,87,87,87,87,87,87,87,87,87,87,87,87],"card_choices":[{"not_picked":["rmod:goodsister","rmod:luckystar"],"picked":"rmod:firesupport","floor":1.0},{"not_picked":["rmod:unsinkable","rmod:tearstotiara"],"picked":"rmod:ammunitionsupply","floor":2.0},{"not_picked":["rmod:guardianhero","rmod:sl"],"picked":"rmod:unsinkable","floor":4.0},{"not_picked":["rmod:ammunitionsupply","rmod:punchline"],"picked":"rmod:firesupport","floor":5.0},{"not_picked":["rmod:advancebysurprise","rmod:aviationdawn"],"picked":"rmod:diamondstrike","floor":6.0},{"not_picked":["rmod:guardianhero","rmod:supportescort"],"picked":"rmod:supportaircraftcarrier","floor":7.0},{"not_picked":["rmod:garrisonisland","rmod:goodfighter"],"picked":"rmod:fletcherpendant","floor":8.0},{"not_picked":["rmod:aviationdawn","rmod:rockthrower"],"picked":"rmod:acesubmarine","floor":10.0},{"not_picked":["rmod:advancebysurprise","rmod:supportescort"],"picked":"rmod:diamondstrike","floor":11.0},{"not_picked":["rmod:desperatesituation","rmod:timeschanged"],"picked":"rmod:seals","floor":16.0},{"not_picked":["rmod:openingtorpedo","rmod:robin","rmod:ammunitionsupply+1"],"picked":"SKIP","floor":18.0},{"not_picked":["rmod:firesupport","rmod:victimresponsibility"],"picked":"rmod:chargemoney","floor":21.0},{"not_picked":["rmod:unsinkable","rmod:launchingtorpedo"],"picked":"rmod:diamondstrike+1","floor":21.0},{"not_picked":["rmod:firesupport","rmod:ammunitionsupply"],"picked":"rmod:victimresponsibility","floor":21.0},{"not_picked":["rmod:firesupport","rmod:aggressivemary"],"picked":"rmod:circuitoustactics+1","floor":21.0},{"not_picked":["rmod:aviationdawn","rmod:lonelyqueen"],"picked":"rmod:unsinkable+1","floor":21.0},{"not_picked":["rmod:aviationdawn","rmod:wolves","rmod:luckystar"],"picked":"SKIP","floor":23.0},{"not_picked":["rmod:ammunitionsupply","rmod:aggressivemary","rmod:victimresponsibility"],"picked":"SKIP","floor":25.0},{"not_picked":["rmod:aviationdawn","rmod:circuitoustactics+1"],"picked":"rmod:highspeedmaneuver","floor":27.0},{"not_picked":["rmod:selfconfidence","rmod:victimresponsibility"],"picked":"rmod:heivgo","floor":28.0},{"not_picked":["rmod:robin","rmod:firesupport"],"picked":"rmod:rockthrower","floor":29.0},{"not_picked":["rmod:chargemoney","rmod:firesupport+1"],"picked":"rmod:victimresponsibility+1","floor":30.0},{"not_picked":["rmod:generalist","rmod:openingtorpedo"],"picked":"rmod:unsinkable+1","floor":31.0},{"not_picked":["rmod:u235","rmod:fletcher"],"picked":"rmod:stealaluminum","floor":33.0},{"not_picked":["rmod:capitalist","rmod:aluminumsupply"],"picked":"rmod:garrisonisland","floor":35.0},{"not_picked":["rmod:diamondstrike+1","rmod:rockthrower+1"],"picked":"rmod:intelligenceanalysis+1","floor":36.0},{"not_picked":["rmod:punchline","rmod:openingtorpedo+1"],"picked":"rmod:luckystar+1","floor":38.0},{"not_picked":["rmod:launchingtorpedo","rmod:ammunitionsupply","rmod:aluminumsupply"],"picked":"SKIP","floor":39.0},{"not_picked":["rmod:luckystar+1","rmod:smokecover"],"picked":"rmod:desperatesituation","floor":40.0},{"not_picked":["rmod:unsinkable+1","rmod:victimresponsibility+1","rmod:wolves"],"picked":"rmod:smokecover+1","floor":42.0},{"not_picked":["rmod:fuelsupply","rmod:diaomin+1","rmod:ammunitionsupply+1"],"picked":"rmod:bulid","floor":44.0},{"not_picked":["rmod:aviationdawn","rmod:maintain","rmod:garrisonisland+1"],"picked":"rmod:fuelsupply+1","floor":45.0},{"not_picked":["rmod:diamondstrike+1","rmod:sl","rmod:circuitoustactics"],"picked":"rmod:wolves+1","floor":46.0},{"not_picked":["rmod:rockthrower+1","rmod:aviationdawn","rmod:salvage+1"],"picked":"rmod:sl+1","floor":47.0},{"not_picked":["rmod:diaomin","rmod:garrisonisland+1","rmod:diamondstrike","rmod:ammunitionsupply"],"picked":"SKIP","floor":48.0},{"not_picked":["rmod:expeditionaryescort","rmod:abidefaith","rmod:tearstotiara"],"picked":"rmod:wife+1","floor":54}],"player_experience":87802,"relics_obtained":[{"floor":3.0,"key":"Bag of Marbles"},{"floor":6.0,"key":"White Beast Statue"},{"floor":9.0,"key":"Juzu Bracelet"},{"floor":23.0,"key":"Regal Pillow"},{"floor":29.0,"key":"Bird Faced Urn"},{"floor":40.0,"key":"Question Card"},{"floor":40.0,"key":"Nunchaku"},{"floor":42.0,"key":"Shuriken"},{"floor":42.0,"key":"Bottled Flame"},{"floor":43.0,"key":"rmod:extraamm"},{"floor":54,"key":"Happy Flower"},{"floor":54,"key":"Bag of Preparation"}],"event_choices":[{"damage_healed":0.0,"max_hp_gain":0.0,"max_hp_loss":0.0,"gold_gain":0.0,"event_name":"Scrap Ooze","player_choice":"Success","floor":14.0,"gold_loss":0.0,"damage_taken":12.0,"relics_obtained":["Ancient Tea Set"]},{"damage_healed":0.0,"max_hp_gain":0.0,"max_hp_loss":0.0,"gold_gain":0.0,"event_name":"The Mausoleum","player_choice":"Opened","floor":19.0,"gold_loss":0.0,"damage_taken":0.0,"relics_obtained":["Centennial Puzzle"],"cards_obtained":["Writhe"]},{"damage_healed":0.0,"max_hp_gain":0.0,"max_hp_loss":0.0,"gold_gain":99.0,"event_name":"Nest","player_choice":"Stole From Cult","floor":20.0,"gold_loss":0.0,"damage_taken":0.0},{"damage_healed":0.0,"max_hp_gain":0.0,"max_hp_loss":0.0,"gold_gain":0.0,"event_name":"Ghosts","player_choice":"Ignored","floor":22.0,"gold_loss":0.0,"damage_taken":0.0},{"cards_removed":["Writhe"],"damage_healed":0.0,"max_hp_gain":0.0,"max_hp_loss":0.0,"gold_gain":0.0,"event_name":"Fountain of Cleansing","player_choice":"Removed Curses","floor":24.0,"gold_loss":0.0,"damage_taken":0.0}],"is_beta":false,"boss_relics":[{"not_picked":["Sozu","Cursed Key"],"picked":"SlaversCollar"},{"not_picked":["Snecko Eye","Busted Crown"],"picked":"Black Star"}],"items_purged_floors":[21,37],"is_endless":false,"potions_floor_spawned":[2,4,5,7,8,10,11,16,18,23,25,27,28,29,30,31,33,35,36,38,39,40,42,44,45,46,47,48,54],"ascension_level":0}}