{"host":"xox46awo447b7627","time":1611743222,"event":{"mods":["BaseMod","Colored Map","Marisa£®ÏF”Í°°ƒß¿Ì…≥£©","Minty Spire (QoL Compilation)","StSLib","The Construct","The Cursed","The Servant 0.9.4"],"gold_per_floor":[119,130,130,147,147,147,161,161,161,111,135,163,163,177,177,282,282,301,301,301,301,313,313,331,256,281,307,44,60,60,71,71,176,176,196,250,250,250,250,285,302,327,327,355,371,421,421,421,421,421,421,421,31,59,59],"floor_reached":56,"language":"ZHS","playtime":3245,"items_purged":["Bash","Feed"],"score":1841,"play_id":"58aaf441-25eb-48f2-b036-f53e8590ead7","local_time":"20210127182702","is_ascension_mode":true,"campfire_choices":[{"data":"Body Slam","floor":6.0,"key":"SMITH"},{"data":"Armaments","floor":8.0,"key":"SMITH"},{"data":"True Grit","floor":13.0,"key":"SMITH"},{"data":"Entrench","floor":15.0,"key":"SMITH"},{"data":"Dark Embrace","floor":23.0,"key":"SMITH"},{"data":"Barricade","floor":30.0,"key":"SMITH"},{"data":"Berserk","floor":32.0,"key":"SMITH"},{"floor":47.0,"key":"RECALL"},{"data":"Shrug It Off","floor":49.0,"key":"SMITH"},{"floor":52.0,"key":"REST"}],"circlet_count":0,"master_deck":["Shrug It Off+1","Body Slam+1","Armaments+1","True Grit+1","Dark Embrace+1","Entrench+1","Pommel Strike+1","Barricade+1","Berserk+1","Flash of Steel+1","Finesse"],"relics":["Burning Blood","Kunai","InkBottle","Odd Mushroom","Gremlin Horn","Pandora\u0027s Box","MutagenicStrength","Nunchaku","Oddly Smooth Stone","Runic Pyramid","CatCart","Whetstone","Dead Branch","Omamori","Du-Vu Doll","Torii","Bronze Scales"],"acts_visited":["Exordium","TheCity","TheBeyond","TheEnding"],"potions_floor_usage":[55,55],"damage_taken":[{"damage":2.0,"enemies":"2 Louse","floor":1.0,"turns":4.0},{"damage":12.0,"enemies":"Small Slimes","floor":2.0,"turns":5.0},{"damage":5.0,"enemies":"Jaw Worm","floor":4.0,"turns":4.0},{"damage":8.0,"enemies":"2 Fungi Beasts","floor":7.0,"turns":4.0},{"damage":11.0,"enemies":"The Mushroom Lair","floor":11.0,"turns":6.0},{"damage":15.0,"enemies":"3 Sentries","floor":12.0,"turns":11.0},{"damage":0.0,"enemies":"Looter","floor":14.0,"turns":3.0},{"damage":24.0,"enemies":"Slime Boss","floor":16.0,"turns":17.0},{"damage":4.0,"enemies":"3 Byrds","floor":18.0,"turns":6.0},{"damage":0.0,"enemies":"Spheric Guardian","floor":22.0,"turns":6.0},{"damage":6.0,"enemies":"Shelled Parasite and Fungi","floor":24.0,"turns":10.0},{"damage":18.0,"enemies":"Slavers","floor":27.0,"turns":6.0},{"damage":0.0,"enemies":"3 Cultists","floor":29.0,"turns":4.0},{"damage":0.0,"enemies":"Snecko","floor":31.0,"turns":5.0},{"damage":2.0,"enemies":"Champ","floor":33.0,"turns":5.0},{"damage":23.0,"enemies":"3 Shapes","floor":35.0,"turns":4.0},{"damage":0.0,"enemies":"Orin","floor":36.0,"turns":4.0},{"damage":7.0,"enemies":"Giant Head","floor":40.0,"turns":3.0},{"damage":10.0,"enemies":"Orb Walker","floor":41.0,"turns":3.0},{"damage":6.0,"enemies":"Nemesis","floor":42.0,"turns":5.0},{"damage":3.0,"enemies":"Giant Head","floor":44.0,"turns":4.0},{"damage":0.0,"enemies":"Maw","floor":45.0,"turns":3.0},{"damage":0.0,"enemies":"Mind Bloom Boss Battle","floor":46.0,"turns":3.0},{"damage":18.0,"enemies":"Donu and Deca","floor":50.0,"turns":5.0},{"damage":33.0,"enemies":"Shield and Spear","floor":54.0,"turns":6.0},{"damage":2,"enemies":"The Heart","floor":55,"turns":5}],"seed_played":"-6545670739362865871","potions_obtained":[{"floor":1.0,"key":"Ancient Potion"},{"floor":7.0,"key":"Fire Potion"},{"floor":11.0,"key":"BlessingOfTheForge"},{"floor":14.0,"key":"HeartOfIron"},{"floor":24.0,"key":"Dexterity Potion"},{"floor":27.0,"key":"Explosive Potion"},{"floor":33.0,"key":"SteroidPotion"},{"floor":36.0,"key":"DuplicationPotion"},{"floor":40.0,"key":"Weak Potion"},{"floor":42.0,"key":"SpeedPotion"}],"is_trial":false,"path_per_floor":["M","M","?","M","?","R","M","R","T","?","?","E","R","M","R","B",null,"M","?","?","?","M","R","M","$","T","E","$","M","R","M","R","B",null,"M","?","?","?","?","E","M","E","T","E","M","?","R","?","R","B",null,"R","$","E","B",null],"character_chosen":"IRONCLAD","items_purchased":["Barricade","Finesse","Torii"],"campfire_rested":1,"item_purchase_floors":[28,53,53],"current_hp_per_floor":[60,54,47,48,53,53,51,51,51,51,46,37,37,43,43,25,85,89,89,89,89,89,89,93,93,93,81,81,87,87,93,93,93,93,76,82,82,72,72,71,67,67,67,70,76,82,82,82,82,70,88,88,88,61,65],"gold":59,"neow_bonus":"REMOVE_TWO","is_daily":false,"chose_seed":false,"campfire_upgraded":8,"win_rate":0.0,"timestamp":1611743222,"path_taken":["M","M","?","M","?","R","M","R","T","?","?","E","R","M","R","BOSS","M","?","?","?","?","R","M","$","T","E","$","?","R","M","R","BOSS","M","?","?","?","?","E","M","E","T","E","?","?","R","?","R","BOSS","R","$","E","BOSS"],"items_purchased_type":["Card","Card","Relic"],"build_version":"2020-12-22","purchased_purges":2,"victory":true,"max_hp_per_floor":[80,80,80,80,85,85,85,85,85,85,85,85,85,85,85,85,85,89,89,89,89,89,89,93,93,93,93,93,93,93,93,93,93,93,93,93,93,93,88,88,88,88,88,88,88,88,88,88,88,88,88,88,88,88,88],"card_choices":[{"not_picked":["Flame Barrier","Sentinel","Clash"],"picked":"SKIP","floor":1.0},{"not_picked":["Headbutt","Blood for Blood"],"picked":"Shrug It Off","floor":2.0},{"not_picked":["Blood for Blood","Perfected Strike"],"picked":"Body Slam","floor":4.0},{"not_picked":["True Grit","Twin Strike"],"picked":"Armaments","floor":7.0},{"not_picked":["Pummel","Combust"],"picked":"True Grit","floor":11.0},{"not_picked":["Intimidate","Disarm"],"picked":"Dark Embrace","floor":12.0},{"not_picked":["Wild Strike","Sword Boomerang"],"picked":"Entrench","floor":14.0},{"not_picked":["Bludgeon","Juggernaut"],"picked":"Feed","floor":16.0},{"not_picked":["Feel No Pain","Iron Wave"],"picked":"Rage+1","floor":18.0},{"not_picked":["Seeing Red","Dropkick+1","Dual Wield"],"picked":"SKIP","floor":22.0},{"not_picked":["Iron Wave","True Grit","Shockwave"],"picked":"SKIP","floor":24.0},{"not_picked":["Iron Wave","True Grit","Shockwave"],"picked":"SKIP","floor":24.0},{"not_picked":["Iron Wave","True Grit","Shockwave"],"picked":"SKIP","floor":24.0},{"not_picked":["Body Slam","Feed"],"picked":"Pommel Strike","floor":27.0},{"not_picked":["Headbutt","Perfected Strike","Searing Blow"],"picked":"SKIP","floor":29.0},{"not_picked":["Burning Pact+1","Clothesline"],"picked":"Berserk","floor":31.0},{"not_picked":["Warcry+1","Carnage","Flame Barrier+1"],"picked":"SKIP","floor":35.0},{"not_picked":["The Bomb","Purity"],"picked":"Flash of Steel","floor":38.0},{"not_picked":["Body Slam","Inflame","Anger"],"picked":"SKIP","floor":40.0},{"not_picked":["Body Slam","Inflame","Anger"],"picked":"SKIP","floor":40.0},{"not_picked":["Clash+1","Ghostly Armor","True Grit+1"],"picked":"SKIP","floor":41.0},{"not_picked":["Shrug It Off+1","Clothesline+1","Armaments"],"picked":"SKIP","floor":42.0},{"not_picked":["Sword Boomerang+1","Armaments","Blood for Blood+1"],"picked":"SKIP","floor":44.0},{"not_picked":["Clothesline","Bloodletting+1","Armaments"],"picked":"SKIP","floor":45.0},{"not_picked":["Shockwave+1","Corruption","Disarm"],"picked":"SKIP","floor":54.0}],"player_experience":203556,"relics_obtained":[{"floor":9.0,"key":"InkBottle"},{"floor":11.0,"key":"Odd Mushroom"},{"floor":12.0,"key":"Gremlin Horn"},{"floor":26.0,"key":"Nunchaku"},{"floor":27.0,"key":"Oddly Smooth Stone"},{"floor":36.0,"key":"CatCart"},{"floor":40.0,"key":"Whetstone"},{"floor":42.0,"key":"Dead Branch"},{"floor":44.0,"key":"Omamori"},{"floor":46.0,"key":"Du-Vu Doll"},{"floor":54.0,"key":"Bronze Scales"}],"event_choices":[{"damage_healed":0.0,"max_hp_gain":0.0,"max_hp_loss":0.0,"gold_gain":0.0,"event_name":"Scrap Ooze","player_choice":"Success","floor":3.0,"gold_loss":0.0,"damage_taken":7.0,"relics_obtained":["Kunai"]},{"damage_healed":0.0,"max_hp_gain":5.0,"max_hp_loss":0.0,"gold_gain":0.0,"event_name":"Big Fish","player_choice":"Donut","floor":5.0,"gold_loss":0.0,"damage_taken":0.0},{"cards_removed":["Defend_R"],"damage_healed":0.0,"max_hp_gain":0.0,"max_hp_loss":0.0,"gold_gain":0.0,"event_name":"The Cleric","player_choice":"Card Removal","floor":10.0,"gold_loss":50.0,"damage_taken":0.0},{"damage_healed":0.0,"max_hp_gain":0.0,"max_hp_loss":0.0,"gold_gain":0.0,"event_name":"Mushrooms","player_choice":"Fought Mushrooms","floor":11.0,"gold_loss":0.0,"damage_taken":0.0},{"damage_healed":0.0,"max_hp_gain":0.0,"max_hp_loss":0.0,"gold_gain":0.0,"event_name":"Vampires","player_choice":"Ignored","floor":19.0,"gold_loss":0.0,"damage_taken":0.0},{"damage_healed":0.0,"max_hp_gain":0.0,"max_hp_loss":0.0,"gold_gain":0.0,"event_name":"Drug Dealer","player_choice":"Inject Mutagens","floor":20.0,"gold_loss":0.0,"damage_taken":0.0,"relics_obtained":["MutagenicStrength"]},{"damage_healed":0.0,"max_hp_gain":0.0,"max_hp_loss":0.0,"gold_gain":0.0,"event_name":"Match and Keep!","player_choice":"0 cards matched","floor":21.0,"gold_loss":0.0,"damage_taken":0.0,"cards_obtained":[]},{"damage_healed":0.0,"max_hp_gain":0.0,"max_hp_loss":0.0,"gold_gain":0.0,"event_name":"OrinTheCat","player_choice":"Fight","floor":36.0,"gold_loss":0.0,"damage_taken":0.0},{"cards_removed":["Rage"],"damage_healed":0.0,"max_hp_gain":0.0,"max_hp_loss":0.0,"gold_gain":0.0,"event_name":"Falling","player_choice":"Removed Skill","floor":37.0,"gold_loss":0.0,"damage_taken":0.0},{"damage_healed":0.0,"max_hp_gain":0.0,"max_hp_loss":0.0,"gold_gain":0.0,"event_name":"SensoryStone","player_choice":"Memory 3","floor":38.0,"gold_loss":0.0,"damage_taken":10.0},{"damage_healed":0.0,"max_hp_gain":0.0,"max_hp_loss":5.0,"gold_gain":0.0,"event_name":"Winding Halls","player_choice":"Max HP","floor":39.0,"gold_loss":0.0,"damage_taken":0.0},{"damage_healed":0.0,"max_hp_gain":0.0,"max_hp_loss":0.0,"gold_gain":0.0,"event_name":"MindBloom","player_choice":"Fight","floor":46.0,"gold_loss":0.0,"damage_taken":0.0},{"damage_healed":0.0,"max_hp_gain":0.0,"max_hp_loss":0.0,"gold_gain":0.0,"event_name":"Tomb of Lord Red Mask","player_choice":"Ignored","floor":48.0,"gold_loss":0.0,"damage_taken":0.0}],"is_beta":false,"boss_relics":[{"not_picked":["Black Blood","Mark of Pain"],"picked":"Pandora\u0027s Box"},{"not_picked":["Black Star","Busted Crown"],"picked":"Runic Pyramid"}],"items_purged_floors":[25,28],"is_endless":false,"potions_floor_spawned":[1,7,11,14,24,27,33,36,40,42,46],"ascension_level":4}}