{"host":"3a1ypf1irl30q4k8","time":1611768892,"event":{"mods":["AchievementEnabler","BaseMod","Bestiary","Colored Map","Minty Spire (QoL Compilation)","Relic Stats"],"gold_per_floor":[117,132,145,164,3,37,37,62,87,87,87,115,115,132,132,229,229,245,245,264,179,179,179,78,88,88,88,99,99,112,127,127,127,127],"floor_reached":33,"language":"ENG","playtime":1349,"items_purged":["Bash"],"score":345,"play_id":"111af8dd-b850-4a93-8093-cf181ee9a28b","local_time":"20210127173452","is_ascension_mode":true,"campfire_choices":[{"data":"Uppercut","floor":7,"key":"SMITH"},{"floor":10,"key":"REST"},{"data":"Fire Breathing","floor":15,"key":"SMITH"},{"floor":23,"key":"REST"},{"data":"Berserk","floor":27,"key":"SMITH"},{"floor":29,"key":"RECALL"},{"data":"Demon Form","floor":32,"key":"SMITH"}],"circlet_count":0,"master_deck":["Strike_R","Strike_R","Strike_R","Strike_R","Strike_R","Defend_R","Defend_R","Defend_R","Defend_R","Exhume","Pommel Strike","Burning Pact","Uppercut+1","Shrug It Off","Fiend Fire","Demon Form+1","Clothesline","Pummel","Fire Breathing+1","Berserk+1","Thunderclap","Ghostly","Ghostly","Ghostly","Ghostly","Ghostly","Dual Wield","Armaments","Flex+1","Inflame+1"],"relics":["Burning Blood","HornCleat","Happy Flower","Oddly Smooth Stone","Runic Cube","Sundial","Vajra","Frozen Egg 2"],"acts_visited":["Exordium","TheCity"],"potions_floor_usage":[12,31,33,33],"damage_taken":[{"damage":7,"enemies":"2 Louse","floor":1,"turns":3},{"damage":4,"enemies":"Small Slimes","floor":2,"turns":4},{"damage":13,"enemies":"Jaw Worm","floor":3,"turns":4},{"damage":14,"enemies":"Looter","floor":4,"turns":3},{"damage":31,"enemies":"3 Sentries","floor":6,"turns":11},{"damage":18,"enemies":"Gremlin Nob","floor":8,"turns":4},{"damage":23,"enemies":"Lagavulin","floor":12,"turns":6},{"damage":0,"enemies":"Blue Slaver","floor":14,"turns":3},{"damage":23,"enemies":"Slime Boss","floor":16,"turns":7},{"damage":15,"enemies":"Chosen","floor":18,"turns":4},{"damage":19,"enemies":"Spheric Guardian","floor":20,"turns":6},{"damage":9,"enemies":"Centurion and Healer","floor":25,"turns":8},{"damage":2,"enemies":"3 Cultists","floor":28,"turns":4},{"damage":13,"enemies":"Shelled Parasite and Fungi","floor":30,"turns":6},{"damage":18,"enemies":"Snake Plant","floor":31,"turns":2},{"damage":24,"enemies":"Automaton","floor":33,"turns":10}],"seed_played":"-2998736243462570870","potions_obtained":[{"floor":2,"key":"SmokeBomb"},{"floor":8,"key":"SteroidPotion"},{"floor":14,"key":"Dexterity Potion"},{"floor":28,"key":"LiquidBronze"},{"floor":31,"key":"Dexterity Potion"}],"is_trial":false,"path_per_floor":["M","M","M","M","$","E","R","E","T","R","?","E","?","M","R","B",null,"M","?","M","?","T","R","$","M","T","R","M","R","M","M","R","B"],"character_chosen":"IRONCLAD","items_purchased":["Fiend Fire","Armaments"],"campfire_rested":2,"item_purchase_floors":[5,24],"current_hp_per_floor":[79,80,73,65,65,40,40,28,28,52,52,35,61,67,67,50,80,71,40,27,27,27,39,39,36,36,36,40,40,33,21,21,0,0],"gold":127,"neow_bonus":"ONE_RANDOM_RARE_CARD","is_daily":false,"chose_seed":false,"campfire_upgraded":4,"win_rate":0.0,"timestamp":1611768892,"path_taken":["M","M","M","M","$","E","R","E","T","R","?","E","?","M","R","BOSS","M","?","M","?","?","R","$","M","T","R","M","R","M","M","R","BOSS"],"items_purchased_type":["Card","Card"],"build_version":"2020-12-22","purchased_purges":1,"victory":false,"max_hp_per_floor":[80,80,80,80,80,80,80,80,80,80,80,80,80,80,80,80,80,80,40,40,40,40,40,40,40,40,40,40,40,40,40,40,40,40],"relic_stats":{"Happy Flower":[18],"counters":[16,85],"Sundial":[2],"obtain_stats":[{"HornCleat":6,"Happy Flower":8,"Sundial":21,"Oddly Smooth Stone":12,"Vajra":22,"Frozen Egg 2":26,"Burning Blood":0,"Runic Cube":17},{"HornCleat":5,"Happy Flower":6,"Sundial":11,"Oddly Smooth Stone":7,"Vajra":11,"Frozen Egg 2":12,"Burning Blood":0,"Runic Cube":9},{"HornCleat":25,"Happy Flower":29,"Sundial":55,"Oddly Smooth Stone":35,"Vajra":55,"Frozen Egg 2":63,"Burning Blood":0,"Runic Cube":45}],"Burning Blood":89,"Runic Cube":[26]},"card_choices":[{"not_picked":["Body Slam","Warcry"],"picked":"Pommel Strike","floor":1},{"not_picked":["True Grit","Spot Weakness"],"picked":"Burning Pact","floor":2},{"not_picked":["Second Wind","Dual Wield"],"picked":"Uppercut","floor":3},{"not_picked":["Dropkick","Wild Strike"],"picked":"Shrug It Off","floor":4},{"not_picked":["Body Slam","Warcry"],"picked":"Demon Form","floor":6},{"not_picked":["Clash","Hemokinesis"],"picked":"Clothesline","floor":8},{"not_picked":["Armaments","Shrug It Off"],"picked":"Pummel","floor":12},{"not_picked":["Clothesline","Pommel Strike"],"picked":"Fire Breathing","floor":14},{"not_picked":["Double Tap","Juggernaut"],"picked":"Berserk","floor":16},{"not_picked":["Entrench","Havoc"],"picked":"Thunderclap","floor":18},{"not_picked":["Shrug It Off+1","Armaments"],"picked":"Dual Wield","floor":20},{"not_picked":["Metallicize+1","Demon Form"],"picked":"Flex+1","floor":25},{"not_picked":["Iron Wave","Pommel Strike+1"],"picked":"Inflame+1","floor":28},{"not_picked":["Warcry","Thunderclap","Anger"],"picked":"SKIP","floor":30},{"not_picked":["Thunderclap","Dropkick","Bloodletting"],"picked":"SKIP","floor":31}],"player_experience":1230634,"relics_obtained":[{"floor":6,"key":"HornCleat"},{"floor":8,"key":"Happy Flower"},{"floor":12,"key":"Oddly Smooth Stone"},{"floor":22,"key":"Vajra"},{"floor":26,"key":"Frozen Egg 2"}],"event_choices":[{"damage_healed":0,"gold_gain":0,"player_choice":"Ignored","damage_taken":0,"max_hp_gain":0,"max_hp_loss":0,"event_name":"Golden Idol","floor":11,"gold_loss":0},{"damage_healed":26,"gold_gain":0,"player_choice":"Banana","damage_taken":0,"max_hp_gain":0,"max_hp_loss":0,"event_name":"Big Fish","floor":13,"gold_loss":0},{"damage_healed":0,"gold_gain":0,"player_choice":"Became a Ghost","damage_taken":0,"max_hp_gain":0,"max_hp_loss":40,"event_name":"Ghosts","floor":19,"gold_loss":0,"cards_obtained":["Ghostly","Ghostly","Ghostly","Ghostly","Ghostly"]},{"damage_healed":0,"gold_gain":0,"player_choice":"Obtained Relic","damage_taken":0,"relics_obtained":["Sundial"],"max_hp_gain":0,"max_hp_loss":0,"event_name":"Addict","floor":21,"gold_loss":85}],"is_beta":false,"boss_relics":[{"not_picked":["Empty Cage","Ectoplasm"],"picked":"Runic Cube"}],"items_purged_floors":[24],"is_endless":false,"potions_floor_spawned":[2,8,14,28,31],"killed_by":"Automaton","ascension_level":4}}