{"host":"v3mpq6flurzldi5g","time":1611718859,"event":{"mods":["AchievementEnabler","BaseMod","Colored Powertips","Highlight Path","Minty Spire (QoL Compilation)","StSLib"],"gold_per_floor":[19,32,44,44,62,96,107,107,130,130,130,155,173,184,184,284,284,297,313,330,330,349,349,376,376,403,403,453,470,470,487,487,583,583,603,450,450,462,212,212,212,230,255,255,255],"floor_reached":44,"language":"ENG","playtime":3212,"items_purged":["Acrobatics","Strike_G"],"score":707,"play_id":"eaab8d4a-e185-4a7c-a154-afd7e2ee8c19","local_time":"20210126224059","is_ascension_mode":true,"campfire_choices":[{"floor":8,"key":"REST"},{"floor":10,"key":"REST"},{"floor":15,"key":"REST"},{"floor":23,"key":"REST"},{"floor":25,"key":"REST"},{"floor":27,"key":"REST"},{"data":"Footwork","floor":30,"key":"SMITH"},{"floor":32,"key":"REST"},{"floor":40,"key":"REST"}],"circlet_count":0,"master_deck":["AscendersBane","Strike_G+1","Strike_G","Strike_G","Strike_G","Defend_G","Defend_G","Defend_G","Defend_G","Defend_G","Survivor","Neutralize+1","Dagger Spray","Prepared","Escape Plan","Footwork","Quick Slash+1","Infinite Blades","Glass Knife","Dagger Throw","Well Laid Plans+1","Footwork+1","Terror","Noxious Fumes+1","PiercingWail","After Image","Leg Sweep","Footwork","Calculated Gamble"],"relics":["Ring of the Serpent","FossilizedHelix","StrikeDummy","Whetstone","Regal Pillow","Bag of Marbles","Bag of Preparation","Cursed Key","Du-Vu Doll","Omamori","Centennial Puzzle"],"acts_visited":["Exordium","TheCity","TheBeyond"],"potions_floor_usage":[12,16,19,24,24,29,38],"damage_taken":[{"damage":0,"enemies":"Cultist","floor":1,"turns":5},{"damage":0,"enemies":"Jaw Worm","floor":2,"turns":5},{"damage":0,"enemies":"2 Louse","floor":3,"turns":2},{"damage":4,"enemies":"Red Slaver","floor":5,"turns":4},{"damage":34,"enemies":"3 Sentries","floor":6,"turns":11},{"damage":0,"enemies":"Large Slime","floor":7,"turns":6},{"damage":6,"enemies":"Gremlin Nob","floor":12,"turns":4},{"damage":0,"enemies":"3 Louse","floor":13,"turns":2},{"damage":13,"enemies":"Lots of Slimes","floor":14,"turns":4},{"damage":25,"enemies":"Slime Boss","floor":16,"turns":12},{"damage":2,"enemies":"Chosen","floor":18,"turns":4},{"damage":1,"enemies":"Spheric Guardian","floor":19,"turns":4},{"damage":16,"enemies":"Cultist and Chosen","floor":20,"turns":7},{"damage":34,"enemies":"Shelled Parasite and Fungi","floor":22,"turns":8},{"damage":29,"enemies":"Slavers","floor":24,"turns":6},{"damage":9,"enemies":"Centurion and Healer","floor":29,"turns":5},{"damage":23,"enemies":"Chosen and Byrds","floor":31,"turns":7},{"damage":49,"enemies":"Automaton","floor":33,"turns":11},{"damage":31,"enemies":"3 Shapes","floor":35,"turns":6},{"damage":0,"enemies":"3 Darklings","floor":38,"turns":4},{"damage":7,"enemies":"Spire Growth","floor":42,"turns":7},{"damage":58,"enemies":"Reptomancer","floor":44,"turns":2}],"seed_played":"-7544259930990545060","potions_obtained":[{"floor":3,"key":"Swift Potion"},{"floor":6,"key":"Poison Potion"},{"floor":16,"key":"GhostInAJar"},{"floor":20,"key":"SkillPotion"},{"floor":22,"key":"FearPotion"},{"floor":24,"key":"PowerPotion"},{"floor":35,"key":"DistilledChaos"}],"is_trial":false,"path_per_floor":["M","M","M","?","M","E","M","R","T","R","?","E","M","M","R","B",null,"M","M","M","?","M","R","E","R","T","R","?","M","R","M","R","B",null,"M","$","?","M","$","R","?","M","T","E"],"character_chosen":"THE_SILENT","items_purchased":["Footwork","Omamori"],"campfire_rested":8,"item_purchase_floors":[36,39],"current_hp_per_floor":[63,63,63,63,59,25,25,46,46,67,67,61,61,48,70,45,64,62,61,45,45,11,47,18,54,54,70,70,61,61,38,70,21,58,27,27,27,27,27,63,63,56,56,0,0],"gold":255,"neow_bonus":"ONE_RARE_RELIC","is_daily":false,"chose_seed":false,"campfire_upgraded":1,"win_rate":0.0,"timestamp":1611718859,"path_taken":["M","M","?","?","M","E","M","R","T","R","?","E","?","M","R","BOSS","M","M","M","?","M","R","E","R","T","R","?","M","R","M","R","BOSS","M","?","?","?","$","R","?","M","T","E"],"items_purchased_type":["Card","Relic"],"build_version":"2020-12-22","purchased_purges":2,"victory":false,"max_hp_per_floor":[70,70,70,70,70,70,70,70,70,70,70,70,70,70,70,70,70,70,70,70,70,70,70,70,70,70,70,70,70,70,70,70,70,70,70,70,70,70,70,70,70,70,70,70,70],"card_choices":[{"not_picked":["Outmaneuver","Setup"],"picked":"Dagger Spray","floor":1},{"not_picked":["Slice","Deflect"],"picked":"Prepared","floor":2},{"not_picked":["Choke","PiercingWail"],"picked":"Escape Plan","floor":3},{"not_picked":["Poisoned Stab","Dagger Spray"],"picked":"Heel Hook","floor":5},{"not_picked":["Quick Slash","Accuracy"],"picked":"Footwork","floor":6},{"not_picked":["Dagger Throw","Bane"],"picked":"Quick Slash","floor":7},{"not_picked":["Deflect","Grand Finale","Reflex"],"picked":"SKIP","floor":12},{"not_picked":["Backflip","PiercingWail"],"picked":"Infinite Blades","floor":13},{"not_picked":["Quick Slash","Underhanded Strike","Dagger Spray"],"picked":"SKIP","floor":14},{"not_picked":["A Thousand Cuts","Die Die Die"],"picked":"Glass Knife","floor":16},{"not_picked":["Outmaneuver","Underhanded Strike","Dagger Spray"],"picked":"SKIP","floor":18},{"not_picked":["Deadly Poison","Bane"],"picked":"Dagger Throw","floor":19},{"not_picked":["Setup+1","Dodge and Roll"],"picked":"Well Laid Plans+1","floor":20},{"not_picked":["Cloak And Dagger","Dagger Throw+1"],"picked":"Terror","floor":22},{"not_picked":["Burst","Dagger Spray+1"],"picked":"Noxious Fumes+1","floor":24},{"not_picked":["Riddle With Holes","Sucker Punch"],"picked":"Acrobatics","floor":29},{"not_picked":["Backflip","Deflect"],"picked":"PiercingWail","floor":31},{"not_picked":["A Thousand Cuts","Bullet Time"],"picked":"After Image","floor":33},{"not_picked":["Accuracy","Choke"],"picked":"Leg Sweep","floor":35},{"not_picked":["Deflect","Slice","Well Laid Plans"],"picked":"SKIP","floor":38},{"not_picked":["Choke","Acrobatics+1","Backflip"],"picked":"SKIP","floor":42}],"player_experience":1067728,"relics_obtained":[{"floor":6,"key":"StrikeDummy"},{"floor":9,"key":"Whetstone"},{"floor":12,"key":"Regal Pillow"},{"floor":24,"key":"Bag of Marbles"},{"floor":26,"key":"Bag of Preparation"},{"floor":37,"key":"Du-Vu Doll"},{"floor":43,"key":"Centennial Puzzle"}],"event_choices":[{"damage_healed":0,"gold_gain":0,"player_choice":"Ignored","damage_taken":0,"max_hp_gain":0,"max_hp_loss":0,"event_name":"Liars Game","floor":4,"gold_loss":0},{"damage_healed":0,"gold_gain":0,"player_choice":"Forge","damage_taken":0,"max_hp_gain":0,"max_hp_loss":0,"event_name":"Accursed Blacksmith","floor":11,"gold_loss":0,"cards_upgraded":["Neutralize"]},{"damage_healed":0,"gold_gain":0,"player_choice":"Read","damage_taken":0,"max_hp_gain":0,"max_hp_loss":0,"event_name":"The Library","floor":21,"gold_loss":0,"cards_obtained":["Footwork"]},{"damage_healed":0,"gold_gain":100,"player_choice":"Bet on Murderer","damage_taken":0,"max_hp_gain":0,"max_hp_loss":0,"event_name":"The Joust","floor":28,"gold_loss":50},{"damage_healed":0,"gold_gain":0,"player_choice":"Relic","damage_taken":0,"max_hp_gain":0,"max_hp_loss":0,"event_name":"Wheel of Change","floor":37,"gold_loss":0},{"damage_healed":0,"gold_gain":0,"cards_transformed":["Heel Hook"],"player_choice":"Transformed","damage_taken":0,"max_hp_gain":0,"max_hp_loss":0,"event_name":"Transmorgrifier","floor":41,"gold_loss":0,"cards_obtained":["Calculated Gamble"]}],"is_beta":false,"boss_relics":[{"not_picked":["Fusion Hammer","SlaversCollar"],"picked":"Ring of the Serpent"},{"not_picked":["Sozu","Calling Bell"],"picked":"Cursed Key"}],"items_purged_floors":[36,39],"is_endless":false,"potions_floor_spawned":[3,6,16,20,22,24,35],"killed_by":"Reptomancer","ascension_level":12}}