{"host":"ydg0vn0pu4pubmdt","time":1611735323,"event":{"mods":["AchievementEnabler","BaseMod","Colored Map","Gold Saver","Minty Spire (QoL Compilation)","Quick Restart","SuperFastMode"],"gold_per_floor":[111,111,286,297,312,312,49,62,62,79,98,116,135,135,135,233,233,252,264,284,284,284],"floor_reached":21,"language":"KOR","playtime":618,"items_purged":["Doubt"],"score":177,"play_id":"3854fd6a-188c-4df9-9f54-e8e1432e3773","local_time":"20210127171523","is_ascension_mode":false,"campfire_choices":[{"data":"Eruption","floor":6.0,"key":"SMITH"},{"data":"MentalFortress","floor":15.0,"key":"SMITH"}],"circlet_count":0,"master_deck":["Strike_P","Strike_P","Strike_P","Strike_P","Defend_P","Defend_P","Defend_P","Defend_P","Eruption+1","Vigilance","CrushJoints","MentalFortress+1","InnerPeace","WheelKick","EmptyBody","Wallop","FearNoEvil+1"],"relics":["PureWater"],"acts_visited":["Exordium","TheCity"],"potions_floor_usage":[20,21],"damage_taken":[{"damage":3.0,"enemies":"Jaw Worm","floor":1.0,"turns":3.0},{"damage":0.0,"enemies":"Small Slimes","floor":4.0,"turns":3.0},{"damage":0.0,"enemies":"2 Louse","floor":5.0,"turns":1.0},{"damage":1.0,"enemies":"Red Slaver","floor":8.0,"turns":3.0},{"damage":0.0,"enemies":"Looter","floor":10.0,"turns":3.0},{"damage":2.0,"enemies":"Blue Slaver","floor":11.0,"turns":3.0},{"damage":8.0,"enemies":"Gremlin Gang","floor":12.0,"turns":4.0},{"damage":0.0,"enemies":"2 Fungi Beasts","floor":13.0,"turns":4.0},{"damage":18.0,"enemies":"Hexaghost","floor":16.0,"turns":9.0},{"damage":9.0,"enemies":"Chosen","floor":18.0,"turns":7.0},{"damage":14.0,"enemies":"Shell Parasite","floor":19.0,"turns":4.0},{"damage":49,"enemies":"Sentry and Sphere","floor":20,"turns":8},{"damage":16,"enemies":"Chosen and Byrds","floor":21,"turns":6}],"seed_played":"-6415792657984832942","potions_obtained":[{"floor":1.0,"key":"EntropicBrew"},{"floor":8.0,"key":"PowerPotion"},{"floor":13.0,"key":"CultistPotion"},{"floor":16.0,"key":"Explosive Potion"},{"floor":18.0,"key":"Weak Potion"}],"is_trial":false,"path_per_floor":["M","?","?","M","M","R","$","M","T","M","M","M","M","?","R","B",null,"M","M","M","M"],"character_chosen":"WATCHER","items_purchased":["MentalFortress","InnerPeace","WheelKick"],"campfire_rested":0,"item_purchase_floors":[7,7,7],"current_hp_per_floor":[76,76,76,76,76,76,76,75,75,75,73,65,65,65,65,47,79,70,56,7,0,0],"gold":284,"neow_bonus":"TEN_PERCENT_HP_BONUS","is_daily":false,"chose_seed":false,"campfire_upgraded":2,"win_rate":0.0,"timestamp":1611735323,"path_taken":["M","?","?","M","M","R","$","M","T","?","M","M","M","?","R","BOSS","M","M","M","M"],"items_purchased_type":["Card","Card","Card"],"build_version":"2020-12-22","purchased_purges":1,"victory":false,"max_hp_per_floor":[79,79,79,79,79,79,79,79,79,79,79,79,79,79,79,79,79,79,79,79,79,79],"card_choices":[{"not_picked":["PathToVictory","Halt"],"picked":"CrushJoints","floor":1.0},{"not_picked":["Meditate","ThirdEye","Indignation"],"picked":"SKIP","floor":4.0},{"not_picked":["Worship","JustLucky","ThirdEye"],"picked":"SKIP","floor":5.0},{"not_picked":["Collect","Sanctity","CutThroughFate"],"picked":"SKIP","floor":8.0},{"not_picked":["Consecrate","WreathOfFlame","CrushJoints"],"picked":"SKIP","floor":10.0},{"not_picked":["ClearTheMind","Study"],"picked":"EmptyBody","floor":11.0},{"not_picked":["PathToVictory","Conclude","Worship"],"picked":"SKIP","floor":12.0},{"not_picked":["Evaluate","Nirvana"],"picked":"Wallop","floor":13.0},{"not_picked":["EmptyBody+1","Evaluate","Pray+1"],"picked":"SKIP","floor":18.0},{"not_picked":["WindmillStrike+1","Wireheading+1","InnerPeace"],"picked":"SKIP","floor":19.0},{"not_picked":["InnerPeace","BowlingBash"],"picked":"FearNoEvil+1","floor":20}],"player_experience":598943,"relics_obtained":[],"event_choices":[{"damage_healed":0.0,"max_hp_gain":0.0,"max_hp_loss":0.0,"gold_gain":0.0,"event_name":"Scrap Ooze","player_choice":"Fled","floor":2.0,"gold_loss":0.0,"damage_taken":0.0},{"damage_healed":0.0,"max_hp_gain":0.0,"max_hp_loss":0.0,"gold_gain":175.0,"event_name":"Liars Game","player_choice":"AGREE","floor":3.0,"gold_loss":0.0,"damage_taken":0.0,"cards_obtained":["Doubt"]},{"damage_healed":0.0,"max_hp_gain":0.0,"max_hp_loss":0.0,"gold_gain":0.0,"event_name":"Dead Adventurer","player_choice":"Searched \u00270\u0027 times","floor":14.0,"gold_loss":0.0,"damage_taken":0.0}],"is_beta":false,"boss_relics":[{"not_picked":[]}],"items_purged_floors":[7],"is_endless":false,"potions_floor_spawned":[1,8,13,16,18],"killed_by":"Chosen and Byrds","ascension_level":0}}