{"host":"uv5ws9rdk87e8i5k","time":1611722790,"event":{"mods":["AchievementEnabler","BaseMod","Colored Map","Minty Spire (QoL Compilation)","Permanent Neow","Quick Restart","StSLib","SuperFastMode","The Animator","The Cursed","The Hierophant","The Necromancer"],"gold_per_floor":[116,130,140,154,167,167,193,193,242,242,259,36,68,68,68,168,168,185,40,54,54,65,93,93,109,157,172,172,189,216,232,232,332,332,348,348,61,71,81,81,51,78,78,105,123,143,170,186,186,186],"floor_reached":51,"language":"ENG","playtime":1388,"items_purged":["Regret"],"score":1329,"play_id":"ce167537-9c3a-49c7-bae0-09ef75da38c4","local_time":"20210126224630","is_ascension_mode":true,"campfire_choices":[{"data":"Summon_Vampire_Lady","floor":6.0,"key":"SMITH"},{"data":"Summon_Undead","floor":8.0,"key":"SMITH"},{"data":"Necrotic_Claws","floor":10.0,"key":"SMITH"},{"data":"Summon_Undead_Army","floor":15.0,"key":"SMITH"},{"data":"Summon_Undead_Army","floor":24.0,"key":"SMITH"},{"data":"Summon_Lich","floor":32.0,"key":"SMITH"},{"data":"Grasp_Heart","floor":40.0,"key":"SMITH"},{"floor":49,"key":"REST"}],"circlet_count":0,"master_deck":["AscendersBane","Strike_W","Strike_W","Strike_W","Strike_W","Defend_W","Defend_W","Defend_W+1","Defend_W","Negative_Energy_Arrows","Bone_Wall+1","Summon_Vampire_Lady+1","Necrotic_Claws+1","Summon_Undead+1","Stop_Heart","Summon_Undead_Army+1","Summon_Death_Knight","Summon_Undead+1","Summon_Lich+1","Summon_Undead_Army+1","Grasp_Heart+1","Hellfire","Summon_Undead+1"],"relics":["Vampire_Amulet","Calipers","Vajra","TheAbacus","Singing Bowl","Oddly Smooth Stone","Snecko Eye","War Paint","Omamori","Anchor","Black Star","Lizard Tail","Orichalcum","Boot","Shuriken","Happy Flower","Gremlin Horn","PreservedInsect","Pear"],"acts_visited":["Exordium","TheCity","TheBeyond"],"potions_floor_usage":[47,50],"damage_taken":[{"damage":7.0,"enemies":"Small Slimes","floor":1.0,"turns":4.0},{"damage":16.0,"enemies":"2 Louse","floor":2.0,"turns":4.0},{"damage":14.0,"enemies":"Jaw Worm","floor":3.0,"turns":3.0},{"damage":0.0,"enemies":"Large Slime","floor":4.0,"turns":6.0},{"damage":20.0,"enemies":"Gremlin Gang","floor":5.0,"turns":4.0},{"damage":21.0,"enemies":"Lagavulin","floor":7.0,"turns":5.0},{"damage":9.0,"enemies":"Blue Slaver","floor":11.0,"turns":4.0},{"damage":16.0,"enemies":"Gremlin Nob","floor":13.0,"turns":3.0},{"damage":41.0,"enemies":"The Guardian","floor":16.0,"turns":8.0},{"damage":10.0,"enemies":"Shell Parasite","floor":18.0,"turns":4.0},{"damage":6.0,"enemies":"Chosen","floor":20.0,"turns":3.0},{"damage":15.0,"enemies":"Snake Plant","floor":22.0,"turns":3.0},{"damage":30.0,"enemies":"Slavers","floor":23.0,"turns":4.0},{"damage":13.0,"enemies":"Centurion and Healer","floor":25.0,"turns":5.0},{"damage":3.0,"enemies":"Sentry and Sphere","floor":27.0,"turns":4.0},{"damage":16.0,"enemies":"Shelled Parasite and Fungi","floor":29.0,"turns":3.0},{"damage":0.0,"enemies":"Gremlin Leader","floor":30.0,"turns":5.0},{"damage":3.0,"enemies":"Cultist and Chosen","floor":31.0,"turns":4.0},{"damage":76.0,"enemies":"Automaton","floor":33.0,"turns":7.0},{"damage":8.0,"enemies":"3 Darklings","floor":35.0,"turns":4.0},{"damage":0.0,"enemies":"Orb Walker","floor":38.0,"turns":2.0},{"damage":16.0,"enemies":"Jaw Worm Horde","floor":39.0,"turns":4.0},{"damage":34.0,"enemies":"Reptomancer","floor":42.0,"turns":5.0},{"damage":25.0,"enemies":"Nemesis","floor":44.0,"turns":5.0},{"damage":0,"enemies":"4 Shapes","floor":45,"turns":3},{"damage":4,"enemies":"Writhing Mass","floor":46,"turns":4},{"damage":11,"enemies":"Reptomancer","floor":47,"turns":5},{"damage":38,"enemies":"Jaw Worm Horde","floor":48,"turns":3},{"damage":115,"enemies":"Awakened One","floor":50,"turns":11}],"seed_played":"7956782153776620119","potions_obtained":[{"floor":1.0,"key":"DuplicationPotion"},{"floor":4.0,"key":"Energy Potion"},{"floor":5.0,"key":"LiquidBronze"},{"floor":11.0,"key":"SkillPotion"},{"floor":22.0,"key":"SteroidPotion"},{"floor":27.0,"key":"SkillPotion"},{"floor":30.0,"key":"Fruit Juice"},{"floor":41.0,"key":"FairyPotion"},{"floor":41.0,"key":"SkillPotion"},{"floor":42.0,"key":"Energy Potion"},{"floor":48,"key":"ColorlessPotion"}],"is_trial":false,"path_per_floor":["M","M","M","M","M","R","E","R","T","R","M","$","E","?","R","B",null,"M","$","M","?","M","E","R","M","T","M","?","M","E","M","R","B",null,"M","?","$","M","M","R","?","E","T","E","M","M","E","M","R","B",null],"character_chosen":"NECROMANCER","items_purchased":["Summon_Undead_Army","TheAbacus","Summon_Lich","Lizard Tail"],"campfire_rested":1,"item_purchase_floors":[12,12,19,37],"current_hp_per_floor":[75,72,66,75,67,67,66,66,66,66,65,65,56,56,56,50,70,65,65,67,53,51,38,38,43,43,64,64,57,75,101,101,46,87,103,103,103,105,103,103,103,90,90,81,92,92,103,79,117,55],"gold":186,"neow_bonus":"ONE_RANDOM_RARE_CARD","is_daily":false,"chose_seed":false,"campfire_upgraded":7,"win_rate":0.0,"timestamp":1611722790,"path_taken":["M","M","M","M","M","R","E","R","T","R","M","$","E","?","R","BOSS","M","$","M","?","M","E","R","M","T","M","?","M","E","M","R","BOSS","M","?","$","M","M","R","?","E","T","E","M","?","E","M","R","BOSS"],"items_purchased_type":["Card","Relic","Card","Relic"],"build_version":"2020-12-22","purchased_purges":1,"victory":true,"max_hp_per_floor":[75,75,75,75,75,75,75,75,75,75,75,75,77,77,77,77,77,77,77,77,82,84,86,86,88,88,90,90,92,94,101,101,101,101,103,103,103,105,107,107,107,109,109,111,111,113,125,127,127,127],"card_choices":[{"not_picked":["Bone_Armory","Consume_Illness"],"picked":"Necrotic_Claws","floor":1.0},{"not_picked":["Deaths_Shadow","Slay_Living","Negative_Energy_Shield"],"picked":"SKIP","floor":2.0},{"not_picked":["Exploit","Bone_Bullets"],"picked":"Summon_Undead","floor":3.0},{"not_picked":["Plague_Bolt","Consume_Illness","Strike_from_Beyond"],"picked":"SKIP","floor":4.0},{"not_picked":["Chill_Blood","Epidemic"],"picked":"Stop_Heart","floor":5.0},{"not_picked":["Shackles_Of_Pain","Slay_Living","Plague_Bolt"],"picked":"SKIP","floor":7.0},{"not_picked":["Epidemic","Chill_Blood","Scare"],"picked":"SKIP","floor":11.0},{"not_picked":["Acid_Javelin","Epidemic","Finger_Of_Death"],"picked":"Singing Bowl","floor":13.0},{"not_picked":["Hellfire","Blood_Wake"],"picked":"Summon_Death_Knight","floor":16.0},{"not_picked":["Negative_Energy_Sphere","Negative_Energy_Mist"],"picked":"Summon_Undead+1","floor":18.0},{"not_picked":["Bone_Prison+1","Consume_Illness"],"picked":"Summon_Undead_Army","floor":20.0},{"not_picked":["Violent_Necrosis","Blood_Curse","Negative_Energy_Burst"],"picked":"Singing Bowl","floor":22.0},{"not_picked":["Negative_Energy_Bomb","Finger_Of_Death","Death_Coil"],"picked":"Singing Bowl","floor":23.0},{"not_picked":["Bone_Shift","Negative_Energy_Shield","Negative_Energy_Javelin"],"picked":"Singing Bowl","floor":25.0},{"not_picked":["Bone_Spikes+1","Life_Tap","Chill_Blood"],"picked":"Singing Bowl","floor":27.0},{"not_picked":["Necromantic_Selection","Blood_Wake","Violent_Necrosis"],"picked":"Singing Bowl","floor":29.0},{"not_picked":["Reap_The_Weak","Consume_Illness","Skeleton_Dragon"],"picked":"Singing Bowl","floor":30.0},{"not_picked":["Whirlwind_of_Bones","Plague_Bolt","Epidemic"],"picked":"Singing Bowl","floor":31.0},{"not_picked":["Reap_The_Weak","Grasp_Heart"],"picked":"Hellfire","floor":33.0},{"not_picked":["Flesh_Made_Foul","Bone_Spikes","Negative_Energy_Shield+1"],"picked":"Singing Bowl","floor":35.0},{"not_picked":["Vampiric_Strike","Life_Tap+1","Plague_Bolt"],"picked":"Singing Bowl","floor":38.0},{"not_picked":["Strike_from_Beyond+1","Negative_Energy_Burst","Violent_Necrosis"],"picked":"Singing Bowl","floor":39.0},{"not_picked":["Blood_Curse","Acid_Javelin","Bone_Bullets"],"picked":"Singing Bowl","floor":42.0},{"not_picked":["Death_March_Dance","Acid_Javelin","Bones_to_Steel"],"picked":"Singing Bowl","floor":44},{"not_picked":["Death_Coil","Necrotic_Claws"],"picked":"Summon_Undead+1","floor":45},{"not_picked":["Acid_Javelin","Negative_Energy_Javelin","Bone_Bullets"],"picked":"Singing Bowl","floor":46},{"not_picked":["Epidemic+1","Flesh_Made_Foul+1","Bone_Armor+1"],"picked":"Singing Bowl","floor":47},{"not_picked":["Blood_Magic","Scare","Bone_Spikes"],"picked":"Singing Bowl","floor":48}],"player_experience":299011,"relics_obtained":[{"floor":7.0,"key":"Calipers"},{"floor":9.0,"key":"Vajra"},{"floor":13.0,"key":"Singing Bowl"},{"floor":23.0,"key":"War Paint"},{"floor":26.0,"key":"Omamori"},{"floor":30.0,"key":"Anchor"},{"floor":42.0,"key":"Orichalcum"},{"floor":42.0,"key":"Boot"},{"floor":43.0,"key":"Shuriken"},{"floor":44,"key":"Happy Flower"},{"floor":44,"key":"Gremlin Horn"},{"floor":47,"key":"PreservedInsect"},{"floor":47,"key":"Pear"}],"event_choices":[{"damage_healed":0.0,"max_hp_gain":0.0,"max_hp_loss":0.0,"gold_gain":0.0,"event_name":"Big Fish","player_choice":"Box","floor":14.0,"gold_loss":0.0,"damage_taken":0.0,"relics_obtained":["Oddly Smooth Stone"],"cards_obtained":["Regret"]},{"damage_healed":0.0,"max_hp_gain":5.0,"max_hp_loss":0.0,"gold_gain":0.0,"event_name":"Forgotten Altar","player_choice":"Shed Blood","floor":21.0,"gold_loss":0.0,"damage_taken":19.0},{"damage_healed":0.0,"max_hp_gain":0.0,"max_hp_loss":0.0,"gold_gain":0.0,"event_name":"The Library","player_choice":"Read","floor":28.0,"gold_loss":0.0,"damage_taken":0.0,"cards_obtained":["Grasp_Heart"]},{"damage_healed":0.0,"max_hp_gain":0.0,"max_hp_loss":0.0,"gold_gain":0.0,"event_name":"Tomb of Lord Red Mask","player_choice":"Ignored","floor":36.0,"gold_loss":0.0,"damage_taken":0.0},{"damage_healed":0.0,"max_hp_gain":0.0,"max_hp_loss":0.0,"gold_gain":0.0,"event_name":"The Woman in Blue","player_choice":"Bought 2 Potions","floor":41.0,"gold_loss":0.0,"damage_taken":0.0}],"is_beta":false,"boss_relics":[{"not_picked":["Sozu","Ectoplasm"],"picked":"Snecko Eye"},{"not_picked":["Runic Pyramid","SacredBark"],"picked":"Black Star"}],"items_purged_floors":[19],"is_endless":false,"potions_floor_spawned":[1,4,5,11,22,27,30,42,45,48],"ascension_level":12}}