{"host":"qm4rv4rkpk76sbxu","time":1611764164,"event":{"mods":["BaseMod","Bestiary","Block Reminder","DeckTracker","Filter the Spire","Keyboard Shortcuts","Minty Spire (QoL Compilation)","MonsterHotkey","Quick Restart","Random Character Button","Relic Stats","Slay-I","StSLib","Unceasing Turn Reminder","ojb\u0027s Better Paths Mod","ojb\u0027s Info Mod"],"gold_per_floor":[116,41,41,55,55,55,80,80,80,92,92,119,133,133,133,212,212,227,227,243,19,46,71,71,103,127,152,102,52,80,280,280,357,357,373,386,403,678,554,554,361,361,384,411,411,439,450,463,463,463,463,463,463,3,33,33],"floor_reached":57,"language":"ENG","playtime":3587,"items_purged":["Pain","Strike_G","Regret"],"score":3284,"play_id":"4ed22395-1179-4e01-9fae-9899e7670a74","local_time":"20210127171604","is_ascension_mode":true,"campfire_choices":[{"data":"All Out Attack","floor":6.0,"key":"SMITH"},{"data":"All Out Attack","floor":8.0,"key":"SMITH"},{"data":"Terror","floor":11.0,"key":"SMITH"},{"data":"Neutralize","floor":15.0,"key":"SMITH"},{"data":"Survivor","floor":24.0,"key":"SMITH"},{"floor":32.0,"key":"RECALL"},{"data":"Envenom","floor":40.0,"key":"SMITH"},{"floor":45.0,"key":"REST"},{"floor":49.0,"key":"REST"},{"floor":53.0,"key":"REST"}],"circlet_count":0,"master_deck":["AscendersBane","Survivor+1","Neutralize+1","All Out Attack+1","All Out Attack+1","Terror+1","Blur+1","Blade Dance+1","Adrenaline+1","Malaise+1","Backflip+1","Outmaneuver+1","Escape Plan+1","Deflect+1","Dagger Throw+1","Blur+1","Burst+1","Underhanded Strike+1","Corpse Explosion+1","Reflex+1","Envenom+1","Eviscerate+1","Prepared+1","Dagger Throw+1","Prepared+1","Tactician+1","Calculated Gamble+1","Leg Sweep+1","Dark Shackles+1","Venomology+1","Blur+1","Escape Plan+1","Purity+1","PiercingWail+1","Outmaneuver+1"],"relics":["Ring of the Snake","Bag of Marbles","Vajra","Toxic Egg 2","Runic Pyramid","WarpedTongs","Lantern","Red Mask","Smiling Mask","PreservedInsect","Pen Nib","Molten Egg 2","Strawberry","Pandora\u0027s Box","Regal Pillow","Oddly Smooth Stone","Centennial Puzzle","Orichalcum"],"acts_visited":["Exordium","TheCity","TheBeyond","TheEnding"],"potions_floor_usage":[56,56,56,56],"damage_taken":[{"damage":0.0,"enemies":"2 Louse","floor":1.0,"turns":5.0},{"damage":2.0,"enemies":"Jaw Worm","floor":4.0,"turns":6.0},{"damage":6.0,"enemies":"Gremlin Nob","floor":7.0,"turns":3.0},{"damage":0.0,"enemies":"Cultist","floor":10.0,"turns":1.0},{"damage":2.0,"enemies":"3 Sentries","floor":12.0,"turns":5.0},{"damage":0.0,"enemies":"Gremlin Gang","floor":13.0,"turns":1.0},{"damage":8.0,"enemies":"The Guardian","floor":16.0,"turns":10.0},{"damage":0.0,"enemies":"Spheric Guardian","floor":18.0,"turns":5.0},{"damage":2.0,"enemies":"Shell Parasite","floor":20.0,"turns":3.0},{"damage":3.0,"enemies":"Masked Bandits","floor":22.0,"turns":3.0},{"damage":5.0,"enemies":"Gremlin Leader","floor":23.0,"turns":5.0},{"damage":1.0,"enemies":"Book of Stabbing","floor":25.0,"turns":5.0},{"damage":8.0,"enemies":"Gremlin Leader","floor":27.0,"turns":5.0},{"damage":0.0,"enemies":"Book of Stabbing","floor":30.0,"turns":3.0},{"damage":7.0,"enemies":"Collector","floor":33.0,"turns":9.0},{"damage":0.0,"enemies":"3 Darklings","floor":35.0,"turns":1.0},{"damage":0.0,"enemies":"3 Shapes","floor":36.0,"turns":3.0},{"damage":19.0,"enemies":"Writhing Mass","floor":37.0,"turns":5.0},{"damage":0.0,"enemies":"Reptomancer","floor":44.0,"turns":6.0},{"damage":0.0,"enemies":"Nemesis","floor":46.0,"turns":5.0},{"damage":0.0,"enemies":"3 Darklings","floor":47.0,"turns":1.0},{"damage":0.0,"enemies":"Maw","floor":48.0,"turns":6.0},{"damage":1.0,"enemies":"Awakened One","floor":50.0,"turns":19.0},{"damage":0.0,"enemies":"Donu and Deca","floor":51.0,"turns":4.0},{"damage":0.0,"enemies":"Shield and Spear","floor":55.0,"turns":3.0},{"damage":17,"enemies":"The Heart","floor":56,"turns":12}],"seed_played":"-5914401952884583604","potions_obtained":[{"floor":0.0,"key":"BlessingOfTheForge"},{"floor":0.0,"key":"LiquidMemories"},{"floor":7.0,"key":"Block Potion"},{"floor":16.0,"key":"Block Potion"},{"floor":20.0,"key":"EssenceOfSteel"},{"floor":25.0,"key":"Fruit Juice"},{"floor":27.0,"key":"Strength Potion"},{"floor":30.0,"key":"Fire Potion"},{"floor":36.0,"key":"SpeedPotion"},{"floor":44.0,"key":"Fruit Juice"}],"is_trial":false,"path_per_floor":["M","?","?","M","?","R","E","R","T","M","R","E","M","?","R","B",null,"M","?","M","$","?","E","R","E","T","E","$","$","E","?","R","B",null,"M","M","M","?","$","R","$","?","T","E","R","E","M","M","R","B","B",null,"R","$","E","B",null],"character_chosen":"THE_SILENT","items_purchased":["Lantern","Outmaneuver+1","Calculated Gamble+1","Leg Sweep+1","Dark Shackles+1","Purity+1","GhostInAJar","Centennial Puzzle","PowerPotion","PiercingWail+1"],"campfire_rested":3,"item_purchase_floors":[21,21,39,41,41,54,54,54,54,54],"current_hp_per_floor":[59,59,52,50,30,30,24,24,24,24,24,22,22,22,22,14,53,53,53,51,51,48,43,43,42,42,39,39,39,46,46,46,39,68,68,68,49,49,49,49,49,49,49,49,78,83,83,83,83,82,82,83,83,83,83,66],"gold":33,"neow_bonus":"THREE_SMALL_POTIONS","is_daily":false,"chose_seed":false,"campfire_upgraded":6,"win_rate":0.0,"timestamp":1611764164,"path_taken":["M","?","?","M","?","R","E","R","T","M","R","E","?","?","R","BOSS","M","?","?","$","?","E","R","E","T","E","?","$","E","?","R","BOSS","M","?","M","?","?","R","$","?","T","E","R","E","?","M","R","BOSS","BOSS","R","$","E","BOSS"],"items_purchased_type":["Relic","Card","Card","Card","Card","Card","Potion","Relic","Potion","Card"],"build_version":"2020-12-22","purchased_purges":3,"victory":true,"max_hp_per_floor":[66,66,66,66,66,66,66,66,66,66,66,66,66,66,66,66,66,66,66,66,66,66,66,66,66,66,71,71,71,78,78,78,78,78,78,78,78,78,78,78,78,78,78,78,78,83,83,83,83,83,83,83,83,83,83,83],"relic_stats":{"Regal Pillow":6,"Centennial Puzzle":[3],"counters":[26,134],"Pandora\u0027s Box":["Underhanded Strike","Corpse Explosion","Reflex","Envenom","Eviscerate","Prepared","Dagger Throw"],"PreservedInsect":279,"Pen Nib":[22],"Orichalcum":[6],"Smiling Mask":150,"obtain_stats":[{"Lantern":21,"Regal Pillow":44,"Vajra":9,"Oddly Smooth Stone":46,"PreservedInsect":25,"Pen Nib":26,"Orichalcum":55,"Smiling Mask":23,"WarpedTongs":19,"Centennial Puzzle":54,"Strawberry":30,"Molten Egg 2":27,"Pandora\u0027s Box":34,"Bag of Marbles":7,"Red Mask":22,"Toxic Egg 2":12,"Ring of the Snake":0,"Runic Pyramid":17},{"Lantern":9,"Regal Pillow":19,"Vajra":3,"Oddly Smooth Stone":20,"PreservedInsect":12,"Pen Nib":12,"Orichalcum":25,"Smiling Mask":11,"WarpedTongs":8,"Centennial Puzzle":24,"Strawberry":14,"Molten Egg 2":13,"Pandora\u0027s Box":15,"Bag of Marbles":3,"Red Mask":10,"Toxic Egg 2":5,"Ring of the Snake":0,"Runic Pyramid":7},{"Lantern":39,"Regal Pillow":84,"Vajra":14,"Oddly Smooth Stone":89,"PreservedInsect":52,"Pen Nib":52,"Orichalcum":122,"Smiling Mask":47,"WarpedTongs":36,"Centennial Puzzle":119,"Strawberry":60,"Molten Egg 2":57,"Pandora\u0027s Box":69,"Bag of Marbles":14,"Red Mask":42,"Toxic Egg 2":20,"Ring of the Snake":0,"Runic Pyramid":31}],"Ring of the Snake":[52],"WarpedTongs":[32]},"card_choices":[{"not_picked":["Sucker Punch","Leg Sweep"],"picked":"All Out Attack","floor":1.0},{"not_picked":["Footwork","Bouncing Flask"],"picked":"All Out Attack","floor":4.0},{"not_picked":["Outmaneuver","Finisher","Prepared"],"picked":"SKIP","floor":7.0},{"not_picked":["Sucker Punch","Blade Dance"],"picked":"Terror","floor":10.0},{"not_picked":["Dodge and Roll+1","After Image"],"picked":"Blur+1","floor":12.0},{"not_picked":["Slice","Dagger Spray"],"picked":"Blade Dance+1","floor":13.0},{"not_picked":["Envenom","Grand Finale"],"picked":"Malaise+1","floor":16.0},{"not_picked":["Backflip+1","Flying Knee","Dagger Throw"],"picked":"SKIP","floor":18.0},{"not_picked":["Flying Knee","Dagger Throw"],"picked":"Backflip+1","floor":18.0},{"not_picked":["Dodge and Roll+1","Bane"],"picked":"Cloak And Dagger+1","floor":20.0},{"not_picked":["Quick Slash","Prepared+1"],"picked":"Escape Plan+1","floor":22.0},{"not_picked":["Sucker Punch+1","Outmaneuver+1"],"picked":"Deflect+1","floor":23.0},{"not_picked":["Acrobatics+1","Eviscerate","Masterful Stab+1"],"picked":"SKIP","floor":25.0},{"not_picked":["Escape Plan+1","Predator+1"],"picked":"Dagger Throw+1","floor":27.0},{"not_picked":["Venomology+1","Acrobatics+1"],"picked":"Blur+1","floor":30.0},{"not_picked":["Bullet Time+1","Glass Knife+1"],"picked":"Burst+1","floor":33.0},{"not_picked":["Choke+1","Dagger Throw+1","Well Laid Plans+1"],"picked":"SKIP","floor":35.0},{"not_picked":["Blade Dance+1","Sucker Punch+1"],"picked":"Prepared+1","floor":36.0},{"not_picked":["Flying Knee+1","Bouncing Flask+1"],"picked":"Tactician+1","floor":37.0},{"not_picked":["Flying Knee+1","Sucker Punch+1"],"picked":"Blur+1","floor":44.0},{"not_picked":["Corpse Explosion+1","Underhanded Strike+1","Quick Slash+1"],"picked":"SKIP","floor":46.0},{"not_picked":["Blade Dance+1","Bane+1","Acrobatics+1"],"picked":"SKIP","floor":47.0},{"not_picked":["Accuracy","Outmaneuver+1"],"picked":"Escape Plan+1","floor":48.0},{"not_picked":["Dodge and Roll+1","Accuracy"],"picked":"Outmaneuver+1","floor":55.0}],"player_experience":1430001,"relics_obtained":[{"floor":7.0,"key":"Bag of Marbles"},{"floor":9.0,"key":"Vajra"},{"floor":12.0,"key":"Toxic Egg 2"},{"floor":22.0,"key":"Red Mask"},{"floor":23.0,"key":"Smiling Mask"},{"floor":25.0,"key":"PreservedInsect"},{"floor":26.0,"key":"Pen Nib"},{"floor":27.0,"key":"Molten Egg 2"},{"floor":30.0,"key":"Strawberry"},{"floor":44.0,"key":"Regal Pillow"},{"floor":46.0,"key":"Oddly Smooth Stone"},{"floor":55.0,"key":"Orichalcum"}],"event_choices":[{"cards_removed":["Strike_G"],"damage_healed":0.0,"max_hp_gain":0.0,"max_hp_loss":0.0,"gold_gain":0.0,"event_name":"The Cleric","player_choice":"Card Removal","floor":2.0,"gold_loss":75.0,"damage_taken":0.0},{"cards_removed":["Defend_G"],"damage_healed":0.0,"max_hp_gain":0.0,"max_hp_loss":0.0,"gold_gain":0.0,"event_name":"Golden Wing","player_choice":"Card Removal","floor":3.0,"gold_loss":0.0,"damage_taken":7.0},{"damage_healed":0.0,"max_hp_gain":0.0,"max_hp_loss":0.0,"gold_gain":0.0,"event_name":"Shining Light","player_choice":"Entered Light","floor":5.0,"gold_loss":0.0,"damage_taken":20.0,"cards_upgraded":["Defend_G","Strike_G"]},{"damage_healed":0.0,"max_hp_gain":0.0,"max_hp_loss":0.0,"gold_gain":0.0,"event_name":"Match and Keep!","player_choice":"1 cards matched","floor":14.0,"gold_loss":0.0,"damage_taken":0.0,"cards_obtained":["Adrenaline"]},{"damage_healed":0.0,"max_hp_gain":0.0,"max_hp_loss":0.0,"gold_gain":0.0,"event_name":"Accursed Blacksmith","player_choice":"Rummage","floor":19.0,"gold_loss":0.0,"damage_taken":0.0,"relics_obtained":["WarpedTongs"],"cards_obtained":["Pain"]},{"damage_healed":0.0,"max_hp_gain":0.0,"max_hp_loss":0.0,"gold_gain":0.0,"event_name":"Masked Bandits","player_choice":"Fought Bandits","floor":22.0,"gold_loss":0.0,"damage_taken":0.0},{"damage_healed":0.0,"max_hp_gain":0.0,"max_hp_loss":0.0,"gold_gain":200.0,"event_name":"Wheel of Change","player_choice":"Gold","floor":31.0,"gold_loss":0.0,"damage_taken":0.0},{"damage_healed":0.0,"max_hp_gain":0.0,"max_hp_loss":0.0,"gold_gain":275.0,"event_name":"Golden Shrine","player_choice":"Desecrate","floor":38.0,"gold_loss":0.0,"damage_taken":0.0,"cards_obtained":["Regret"]},{"damage_healed":0.0,"max_hp_gain":0.0,"max_hp_loss":0.0,"gold_gain":0.0,"cards_transformed":["Cloak And Dagger"],"event_name":"Transmorgrifier","player_choice":"Transformed","floor":42.0,"gold_loss":0.0,"damage_taken":0.0,"cards_obtained":["Venomology"]}],"is_beta":false,"boss_relics":[{"not_picked":["Coffee Dripper","Ring of the Serpent"],"picked":"Runic Pyramid"},{"not_picked":["Tiny House","Astrolabe"],"picked":"Pandora\u0027s Box"}],"items_purged_floors":[28,29,39],"is_endless":false,"potions_floor_spawned":[1,4,7,16,20,25,27,30,36,37,44,46],"ascension_level":20}}