{"host":"Lars","time":1611760544,"event":{"mods":["AchievementEnabler","BaseMod","Colored Map","Colored Powertips","Minty Spire (QoL Compilation)","egg","everything is the same but u backflip on backflip"],"gold_per_floor":[116,130,141,159,169,169,189,189,238,250,277,289,329,367,379,494,506,537,474,486,498,137,137,153,153,178,178,73,98,98,116,116,211,211,225,242,294,294,223,223,249,249,297,297,297,82,0,0,0,0],"floor_reached":51,"language":"ENG","playtime":1897,"items_purged":[],"score":864,"play_id":"283429b8-9f68-465d-9bc9-c81080b8af56","local_time":"20210127161544","is_ascension_mode":false,"campfire_choices":[{"data":"Defragment","floor":6,"key":"SMITH"},{"data":"Echo Form","floor":8,"key":"SMITH"},{"data":"Dualcast","floor":10,"key":"SMITH"},{"data":"Zap","floor":12,"key":"SMITH"},{"data":"Melter","floor":15,"key":"SMITH"},{"data":"Loop","floor":23,"key":"SMITH"},{"data":"Fusion","floor":25,"key":"SMITH"},{"floor":32,"key":"REST"},{"data":"Aggregate","floor":40,"key":"SMITH"},{"data":"Madness","floor":45,"key":"SMITH"},{"floor":49,"key":"REST"}],"circlet_count":0,"master_deck":["Zap+1","Dualcast+1","Echo Form+1","Melter+1","BootSequence+1","Glacier+1","Rip and Tear+1","Defragment+1","Aggregate+1","Sweeping Beam+1","Core Surge+1","Heatsinks+1","Machine Learning+1","Echo Form+1","Chaos+1","Undo+1","Melter+1","Electrodynamics+1","Defragment+1","Conserve Battery+1","Loop+1","Fusion+1","Capacitor+1","White Noise+1","Buffer+1","Hologram+1","Machine Learning+1","Heatsinks+1","Echo Form+1","Madness+1","Madness+1","Fusion+1","Loop+1","Fusion+1","Loop+1"],"relics":["FrozenCore","MawBank","Juzu Bracelet","Odd Mushroom","Pandora\u0027s Box","Unceasing Top","Boot","Bottled Lightning","Cables","Dead Branch","Oddly Smooth Stone","Bag of Marbles","Orrery","Red Mask","Mark of the Bloom"],"acts_visited":["Exordium","TheCity","TheBeyond"],"potions_floor_usage":[13,14,14,35,37,38,38,41],"damage_taken":[{"damage":6,"enemies":"Cultist","floor":1,"turns":3},{"damage":5,"enemies":"Small Slimes","floor":2,"turns":4},{"damage":0,"enemies":"2 Louse","floor":3,"turns":2},{"damage":4,"enemies":"Exordium Wildlife","floor":4,"turns":4},{"damage":3,"enemies":"Blue Slaver","floor":5,"turns":3},{"damage":3,"enemies":"3 Louse","floor":7,"turns":4},{"damage":0,"enemies":"Looter","floor":11,"turns":4},{"damage":19,"enemies":"Lagavulin","floor":13,"turns":6},{"damage":8,"enemies":"The Mushroom Lair","floor":14,"turns":4},{"damage":16,"enemies":"Hexaghost","floor":16,"turns":11},{"damage":13,"enemies":"2 Thieves","floor":18,"turns":4},{"damage":13,"enemies":"3 Byrds","floor":24,"turns":4},{"damage":12,"enemies":"Book of Stabbing","floor":29,"turns":4},{"damage":12,"enemies":"3 Cultists","floor":31,"turns":3},{"damage":0,"enemies":"Collector","floor":33,"turns":7},{"damage":0,"enemies":"3 Darklings","floor":35,"turns":3},{"damage":0,"enemies":"Orb Walker","floor":36,"turns":4},{"damage":0,"enemies":"2 Orb Walkers","floor":37,"turns":5},{"damage":41,"enemies":"Reptomancer","floor":41,"turns":7},{"damage":0,"enemies":"Donu and Deca","floor":50,"turns":4}],"seed_played":"6376356424819035097","potions_obtained":[{"floor":1,"key":"AttackPotion"},{"floor":4,"key":"Weak Potion"},{"floor":7,"key":"SpeedPotion"},{"floor":11,"key":"Block Potion"},{"floor":18,"key":"PotionOfCapacity"},{"floor":29,"key":"ColorlessPotion"},{"floor":33,"key":"SteroidPotion"},{"floor":36,"key":"BlessingOfTheForge"},{"floor":38,"key":"Fruit Juice"},{"floor":38,"key":"Fruit Juice"},{"floor":38,"key":"BlessingOfTheForge"}],"is_trial":false,"path_per_floor":["M","M","M","M","M","R","M","R","T","R","M","R","E","?","R","B",null,"M","?","?","$","$","R","M","R","T","T","$","E","?","M","R","B",null,"M","M","?","?","$","R","E","?","T","?","R","$","?","?","R","B",null],"character_chosen":"DEFECT","items_purchased":["Unceasing Top","Loop","Capacitor","White Noise","Heatsinks","Fusion","Orrery"],"campfire_rested":2,"item_purchase_floors":[22,22,28,28,39,46,46],"current_hp_per_floor":[69,64,64,60,57,57,54,54,54,54,54,54,35,27,27,11,75,62,62,62,62,62,62,49,49,49,49,49,37,23,11,35,35,80,80,80,80,90,90,90,49,90,90,79,79,79,79,79,79,79],"gold":0,"neow_bonus":"THREE_RARE_CARDS","is_daily":false,"chose_seed":false,"campfire_upgraded":9,"win_rate":0.0,"timestamp":1611760544,"path_taken":["M","?","M","M","M","R","M","R","T","R","M","R","E","?","R","BOSS","M","?","?","?","$","R","M","R","T","?","$","E","?","M","R","BOSS","M","M","?","?","$","R","E","?","T","?","R","$","?","?","R","BOSS"],"items_purchased_type":["Relic","Card","Card","Card","Card","Card","Relic"],"build_version":"2020-12-18","purchased_purges":0,"victory":true,"max_hp_per_floor":[75,75,75,75,75,75,75,75,75,75,75,75,75,75,75,75,75,75,75,75,75,75,75,75,75,75,75,75,75,80,80,80,80,80,80,80,80,90,90,90,90,90,90,90,90,90,90,90,90,90],"card_choices":[{"not_picked":["Seek","Hyperbeam"],"picked":"Echo Form","floor":0},{"not_picked":["Stack","Beam Cell"],"picked":"Melter","floor":1},{"not_picked":["Barrage","Darkness"],"picked":"BootSequence","floor":2},{"not_picked":["Rebound","Compile Driver"],"picked":"Glacier","floor":3},{"not_picked":["Doom and Gloom","Compile Driver"],"picked":"Rip and Tear","floor":4},{"not_picked":["Hologram","Blizzard"],"picked":"Defragment","floor":5},{"not_picked":["Coolheaded","Glacier"],"picked":"Aggregate","floor":7},{"not_picked":["Scrape","Amplify","Stack"],"picked":"SKIP","floor":11},{"not_picked":["Go for the Eyes","Rebound"],"picked":"Sweeping Beam","floor":13},{"not_picked":["Fission","Multi-Cast"],"picked":"Core Surge","floor":16},{"not_picked":["Hologram","Rebound"],"picked":"Conserve Battery","floor":18},{"not_picked":["Aggregate","Glacier+1"],"picked":"Fusion","floor":24},{"not_picked":["Barrage","Leap"],"picked":"Buffer","floor":29},{"not_picked":["Streamline","Conserve Battery"],"picked":"Hologram+1","floor":31},{"not_picked":["Reboot","Hyperbeam"],"picked":"Machine Learning","floor":33},{"not_picked":["Auto Shields+1","Turbo+1","Sweeping Beam+1"],"picked":"SKIP","floor":35},{"not_picked":["Go for the Eyes+1","Scrape+1","Hologram+1"],"picked":"SKIP","floor":36},{"not_picked":["Blizzard+1","Go for the Eyes"],"picked":"Echo Form","floor":41},{"not_picked":["Cold Snap+1","Stack+1"],"picked":"Loop+1","floor":46},{"not_picked":["Beam Cell","Leap"],"picked":"Fusion+1","floor":46},{"not_picked":["Hologram","Conserve Battery+1"],"picked":"Loop","floor":46}],"player_experience":742590,"relics_obtained":[{"floor":9,"key":"MawBank"},{"floor":13,"key":"Juzu Bracelet"},{"floor":14,"key":"Odd Mushroom"},{"floor":26,"key":"Boot"},{"floor":27,"key":"Bottled Lightning"},{"floor":29,"key":"Cables"},{"floor":37,"key":"Dead Branch"},{"floor":41,"key":"Oddly Smooth Stone"},{"floor":43,"key":"Bag of Marbles"}],"event_choices":[{"damage_healed":0,"gold_gain":0,"player_choice":"Fought Mushrooms","damage_taken":0,"max_hp_gain":0,"max_hp_loss":0,"event_name":"Mushrooms","floor":14,"gold_loss":0},{"cards_removed":["Normality"],"damage_healed":0,"gold_gain":0,"player_choice":"Gave Gold","damage_taken":0,"max_hp_gain":0,"max_hp_loss":0,"event_name":"Beggar","floor":19,"gold_loss":75},{"damage_healed":0,"gold_gain":0,"player_choice":"Ignored","damage_taken":0,"max_hp_gain":0,"max_hp_loss":0,"event_name":"Vampires","floor":20,"gold_loss":0},{"damage_healed":0,"gold_gain":0,"player_choice":"Shed Blood","damage_taken":19,"max_hp_gain":5,"max_hp_loss":0,"event_name":"Forgotten Altar","floor":30,"gold_loss":0},{"damage_healed":0,"gold_gain":0,"player_choice":"Fight","damage_taken":0,"max_hp_gain":0,"max_hp_loss":0,"event_name":"Mysterious Sphere","floor":37,"gold_loss":0},{"damage_healed":0,"gold_gain":0,"player_choice":"Got Potions","damage_taken":0,"max_hp_gain":0,"max_hp_loss":0,"event_name":"Lab","floor":38,"gold_loss":0},{"damage_healed":41,"gold_gain":0,"player_choice":"Full Heal","damage_taken":0,"max_hp_gain":0,"max_hp_loss":0,"event_name":"Wheel of Change","floor":42,"gold_loss":0},{"damage_healed":0,"gold_gain":0,"player_choice":"Embrace Madness","damage_taken":11,"max_hp_gain":0,"max_hp_loss":0,"event_name":"Winding Halls","floor":44,"gold_loss":0,"cards_obtained":["Madness","Madness"]},{"damage_healed":0,"gold_gain":0,"player_choice":"Paid","damage_taken":0,"relics_obtained":["Red Mask"],"max_hp_gain":0,"max_hp_loss":0,"event_name":"Tomb of Lord Red Mask","floor":47,"gold_loss":82},{"damage_healed":0,"gold_gain":0,"player_choice":"Upgrade","damage_taken":0,"relics_obtained":["Mark of the Bloom"],"max_hp_gain":0,"max_hp_loss":0,"event_name":"MindBloom","floor":48,"gold_loss":0,"cards_upgraded":["BootSequence","Glacier","Rip and Tear","Sweeping Beam","Core Surge","Heatsinks","Machine Learning","Echo Form","Chaos","Undo","Melter","Electrodynamics","Defragment","Conserve Battery","Capacitor","White Noise","Buffer","Machine Learning","Heatsinks","Echo Form","Madness","Fusion","Loop"]}],"is_beta":true,"boss_relics":[{"not_picked":["Coffee Dripper","Ectoplasm"],"picked":"Pandora\u0027s Box"},{"not_picked":["Fusion Hammer","Runic Pyramid"],"picked":"FrozenCore"}],"items_purged_floors":[],"is_endless":false,"potions_floor_spawned":[1,4,7,11,18,29,33,36],"ascension_level":0}}