{"host":"3zb3nk4wvq0dtbuh","time":1611754747,"event":{"mods":["AchievementEnabler","BaseMod","Lobotomy","Minty Spire (QoL Compilation)","Quick Restart","Relic Filter Mod","StSLib","SuperFastMode","The Blackbeard"],"gold_per_floor":[111,61,73,73,93,123,142,142,142,153,179,104,129,129,129,249,249,267,167,167,188,188,223,223,238,288,288,163,179,179,200,200,321,321,335,350,370,386,386,386,405,446,446,296,320,364,380,403,403,403,403,403,228,228,228],"floor_reached":54,"language":"ZHS","playtime":849,"items_purged":["Defend_R","Defend_R","Strike_R","Defend_R+1","Double Tap+1"],"score":991,"play_id":"6c85fda8-5f2b-482b-aa1a-e82d12ccbf58","local_time":"20210127213907","is_ascension_mode":false,"campfire_choices":[{"data":"Bash","floor":15,"key":"SMITH"},{"data":"Bludgeon","floor":24,"key":"SMITH"},{"data":"Double Tap","floor":30,"key":"SMITH"},{"data":"Defend_R","floor":32,"key":"SMITH"},{"floor":40,"key":"RECALL"},{"floor":49,"key":"REST"},{"floor":52,"key":"REST"}],"circlet_count":1,"master_deck":["Bash+1","Bludgeon+1","Heavy Blade+1","Pommel Strike+1","Combust+1"],"relics":["Burning Blood","Unceasing Top","Bag of Marbles","Pear","Pen Nib","Golden Idol","Bag of Preparation","Astrolabe","Meat on the Bone","Letter Opener","Circlet"],"acts_visited":["Exordium","TheCity","TheBeyond","TheEnding"],"potions_floor_usage":[45],"damage_taken":[{"damage":0,"enemies":"Cultist","floor":1,"turns":4},{"damage":0,"enemies":"Small Slimes","floor":3,"turns":3},{"damage":0,"enemies":"2 Louse","floor":5,"turns":3},{"damage":0,"enemies":"3 Sentries","floor":6,"turns":3},{"damage":0,"enemies":"Large Slime","floor":7,"turns":3},{"damage":0,"enemies":"Blue Slaver","floor":10,"turns":3},{"damage":0,"enemies":"Gremlin Nob","floor":11,"turns":3},{"damage":0,"enemies":"Lagavulin","floor":13,"turns":3},{"damage":0,"enemies":"The Guardian","floor":16,"turns":3},{"damage":0,"enemies":"Spheric Guardian","floor":18,"turns":3},{"damage":0,"enemies":"3 Byrds","floor":21,"turns":3},{"damage":0,"enemies":"Gremlin Leader","floor":23,"turns":3},{"damage":0,"enemies":"Snecko","floor":25,"turns":3},{"damage":0,"enemies":"Shelled Parasite and Fungi","floor":29,"turns":3},{"damage":0,"enemies":"Snake Plant","floor":31,"turns":3},{"damage":0,"enemies":"Champ","floor":33,"turns":3},{"damage":0,"enemies":"Orb Walker","floor":35,"turns":3},{"damage":23,"enemies":"3 Shapes","floor":36,"turns":6},{"damage":101,"enemies":"Sphere and 2 Shapes","floor":37,"turns":10},{"damage":67,"enemies":"Transient","floor":38,"turns":7},{"damage":32,"enemies":"Spire Growth","floor":41,"turns":5},{"damage":167,"enemies":"Reptomancer","floor":42,"turns":7},{"damage":46,"enemies":"3 Darklings","floor":45,"turns":7},{"damage":228,"enemies":"Giant Head","floor":46,"turns":12},{"damage":92,"enemies":"4 Shapes","floor":47,"turns":6},{"damage":34,"enemies":"Jaw Worm Horde","floor":48,"turns":6},{"damage":206,"enemies":"Time Eater","floor":50,"turns":12},{"damage":175,"enemies":"Shield and Spear","floor":54,"turns":5}],"seed_played":"-3929967784809912637","potions_obtained":[{"floor":1,"key":"Weak Potion"},{"floor":7,"key":"SpeedPotion"},{"floor":10,"key":"Fire Potion"},{"floor":45,"key":"Swift Potion"}],"is_trial":false,"path_per_floor":["M","?","M","$","M","E","M","?","T","M","E","$","E","?","R","B",null,"M","$","?","M","?","E","R","M","T","?","$","M","R","M","R","B",null,"M","M","M","M","T","R","M","E","T","$","M","E","M","M","R","B",null,"R","$","E"],"character_chosen":"IRONCLAD","items_purchased":[],"campfire_rested":2,"item_purchase_floors":[],"current_hp_per_floor":[80,80,80,80,80,80,80,80,80,80,90,90,90,90,90,90,90,90,90,95,95,95,95,95,95,95,95,95,95,95,95,95,95,95,95,95,95,95,95,95,95,95,95,95,95,95,95,95,95,95,95,95,95,0,0],"gold":228,"neow_bonus":"ONE_RARE_RELIC","is_daily":false,"chose_seed":false,"campfire_upgraded":4,"win_rate":0.0,"timestamp":1611754747,"path_taken":["M","?","M","$","M","E","M","?","T","M","E","$","E","?","R","BOSS","M","$","?","M","?","E","R","M","T","?","$","M","R","M","R","BOSS","M","M","M","M","?","R","?","E","T","$","M","E","M","M","R","BOSS","R","$","E"],"items_purchased_type":[],"build_version":"2020-12-22","purchased_purges":5,"victory":false,"max_hp_per_floor":[80,80,80,80,80,80,80,80,80,80,90,90,90,90,90,90,90,90,90,95,95,95,95,95,95,95,95,95,95,95,95,95,95,95,95,95,95,95,95,95,95,95,95,95,95,95,95,95,95,95,95,95,95,95,95],"card_choices":[{"not_picked":["Blood for Blood","Flex","Havoc"],"picked":"SKIP","floor":1},{"not_picked":["Sword Boomerang","True Grit","Iron Wave"],"picked":"SKIP","floor":3},{"not_picked":["Clothesline","Entrench","Iron Wave"],"picked":"SKIP","floor":5},{"not_picked":["Intimidate","Warcry"],"picked":"Double Tap","floor":6},{"not_picked":["Headbutt","Cleave","Second Wind"],"picked":"SKIP","floor":7},{"not_picked":["Spot Weakness","Infernal Blade","Warcry"],"picked":"SKIP","floor":10},{"not_picked":["Ghostly Armor","Clash","Cleave"],"picked":"SKIP","floor":11},{"not_picked":["Iron Wave","Anger","Body Slam"],"picked":"SKIP","floor":13},{"not_picked":["Corruption","Barricade"],"picked":"Bludgeon","floor":16},{"not_picked":["Cleave","Disarm","Inflame+1"],"picked":"SKIP","floor":18},{"not_picked":["Seeing Red","Iron Wave","Clash"],"picked":"SKIP","floor":21},{"not_picked":["Body Slam","Carnage","Disarm"],"picked":"SKIP","floor":23},{"not_picked":["Wild Strike","Uppercut","Clash"],"picked":"SKIP","floor":25},{"not_picked":["Warcry","Fire Breathing","Sword Boomerang"],"picked":"SKIP","floor":29},{"not_picked":["Berserk","Ghostly Armor+1","True Grit+1"],"picked":"SKIP","floor":31},{"not_picked":["Twin Strike+1","Heavy Blade+1","Thunderclap+1"],"picked":"SKIP","floor":35},{"not_picked":["Rupture+1","Clothesline","Combust+1"],"picked":"SKIP","floor":36},{"not_picked":["Pommel Strike","Headbutt+1","Metallicize+1"],"picked":"SKIP","floor":37},{"not_picked":["Corruption","Sword Boomerang","Feel No Pain+1"],"picked":"SKIP","floor":38},{"not_picked":["Sentinel","Heavy Blade","Flex"],"picked":"SKIP","floor":41},{"not_picked":["Burning Pact","Dual Wield","Pommel Strike+1"],"picked":"SKIP","floor":42},{"not_picked":["Twin Strike","Thunderclap","Cleave+1"],"picked":"SKIP","floor":45},{"not_picked":["Iron Wave+1","Dark Embrace+1","Dual Wield+1"],"picked":"SKIP","floor":46},{"not_picked":["Pummel+1","Anger","Evolve"],"picked":"SKIP","floor":47},{"not_picked":["Metallicize+1","Wild Strike+1","Armaments+1"],"picked":"SKIP","floor":48}],"player_experience":37573,"relics_obtained":[{"floor":6,"key":"Bag of Marbles"},{"floor":11,"key":"Pear"},{"floor":13,"key":"Pen Nib"},{"floor":26,"key":"Bag of Preparation"},{"floor":39,"key":"Meat on the Bone"},{"floor":42,"key":"Letter Opener"},{"floor":46,"key":"Circlet"}],"event_choices":[{"cards_removed":["Strike_R"],"damage_healed":0,"gold_gain":0,"player_choice":"Card Removal","damage_taken":0,"max_hp_gain":0,"max_hp_loss":0,"event_name":"The Cleric","floor":2,"gold_loss":50},{"cards_removed":["Defend_R"],"damage_healed":0,"gold_gain":0,"player_choice":"Card Removal","damage_taken":7,"max_hp_gain":0,"max_hp_loss":0,"event_name":"Golden Wing","floor":8,"gold_loss":0},{"damage_healed":0,"gold_gain":0,"player_choice":"Take Damage","damage_taken":22,"relics_obtained":["Golden Idol"],"max_hp_gain":0,"max_hp_loss":0,"event_name":"Golden Idol","floor":14,"gold_loss":0},{"damage_healed":0,"gold_gain":0,"player_choice":"Shed Blood","damage_taken":23,"max_hp_gain":5,"max_hp_loss":0,"event_name":"Forgotten Altar","floor":20,"gold_loss":0},{"damage_healed":0,"gold_gain":0,"player_choice":"Ignored","damage_taken":0,"max_hp_gain":0,"max_hp_loss":0,"event_name":"Vampires","floor":22,"gold_loss":0},{"damage_healed":0,"gold_gain":0,"player_choice":"Ignored","damage_taken":0,"max_hp_gain":0,"max_hp_loss":0,"event_name":"NoteForYourself","floor":27,"gold_loss":0}],"is_beta":false,"boss_relics":[{"not_picked":["Calling Bell","SacredBark","Mark of Pain"]},{"not_picked":["Runic Cube","Runic Pyramid"],"picked":"Astrolabe"}],"items_purged_floors":[12,19,28,44,53],"is_endless":false,"potions_floor_spawned":[1,7,10,16,18,25,31,36,37,45,48],"killed_by":"Shield and Spear","ascension_level":0}}