{"host":"qwp6882a7gaon7u5","time":1611756044,"event":{"mods":["ATMod(阿瑾Mod)","Act Like it!","BaseMod","BetterRewards","CapriCore","Gensokyo","Minty Spire (QoL Compilation)","Red Circlet Mod","Relic Filter Mod","Replay The Spire","RumiaBox-露米娅的神秘盒子","Spicy Shops","StSLib","The Immortal","【功能Mod】混沌之环修复补丁","【遗物卡牌】REMEMod","篝火指南"],"gold_per_floor":[169,169,513,577,630,702,652,760,760,823,823,886,926,975,975,1132,1132,1233,1306,1375,923,923,923,987,987,1012,1082,1149,1149,1149,1266,1266,1417,1426,1521,1568,1648,1648,1648,1054,1110,1160,1187,1308,1380,1380,1299,943,943,1076,1076,930,782,873,930],"floor_reached":56,"language":"ZHS","playtime":2465,"items_purged":["MokouMod:Strike","MokouMod:Defend","MokouMod:Strike","MokouMod:Strike","MokouMod:Defend","MokouMod:Defend","MokouMod:Defend","MokouMod:Strike","MokouMod:Strike+1","Voices"],"score":2246,"play_id":"91e5dac9-4d6e-4002-a9ca-59f06524b86f","local_time":"20210127220044","is_ascension_mode":true,"campfire_choices":[{"data":"Pot Of Greed","floor":11,"key":"SMITH"},{"data":"MokouMod:HeatSpark","floor":11,"key":"SMITH"},{"floor":15,"key":"RECALL"},{"data":"Pot Of Greed","floor":23,"key":"SMITH"},{"data":"MokouMod:SearingBlow","floor":23,"key":"SMITH"},{"data":"MokouMod:SearingBlow+1","floor":25,"key":"SMITH"},{"data":"MokouMod:SearingBlow+2","floor":32,"key":"SMITH"},{"data":"AT_EmpoweredMortalDraw","floor":46,"key":"SMITH"},{"data":"MokouMod:SearingBlow+4","floor":46,"key":"SMITH"},{"data":"REME_MawOfCthun","floor":49,"key":"SMITH"},{"data":"MokouMod:SearingBlow+5","floor":49,"key":"SMITH"}],"circlet_count":0,"master_deck":["AT_EssenceShift+1","Survey Options+1","Replay:Bootleg Shield Generator+1","MokouMod:Overheat+1","MokouMod:Refresh+1","Poisoned Strike+1","MokouMod:Refresh+1","MokouMod:HeartofFire+1","Specialist+1","Pot Of Greed+1","MokouMod:SearingBlow+7","Pot Of Greed+1","MokouMod:PhoenixForm+1","AT_EmpoweredMortalDraw+1","MokouMod:ScorchingColumn+1","REME_MawOfCthun+1","MokouMod:ExplosiveFlame+1","Gensokyo:CustomPotion"],"relics":["MokouMod:PhoenixFeather","REME_ComplimentaryCards","AT_ATBox","Vajra","ReplayTheSpireMod:TigerMarble","Ancient Tea Set","TheAbacus","AT_SpeedBoots","CeramicFish","AT_BladeRuinedKing","Bag of Preparation","ClockworkSouvenir","Toy Ornithopter","Membership Card","Mango","Tiny Chest","Replay:Arrowhead","Divine Protection","Sling","AT_LudenTempest","Replay:Rubber Ducky","Akabeko","Blue Doll","Strange Spoon","AT_MibuBalloonWealth","Toolbox","HandDrill","Omamori","Blood Vial","Ginger","Turnip","Whetstone","SecretRecord","Mirror","Bird Faced Urn","Letter Opener","Guide Book","Frozen Egg 2","MagicDraw2","Replay:Bandana","Nunchaku","AT_SunfireAegis","GodSword1","Pet Ghost","AT_BellDemon","Anchor","War Paint","Old Coin","Darkstone Periapt","GodSword4","Art of War","Grinning Jar","Singing Bowl","Durian","REME_HourglassOfDeath","Replay:PocketPolymizer","ReplayFunnel","AT_RedTearstoneRing","MealTicket","Lantern","Potion Belt","Calling Bell","Replay:Baseball","GodSword5","AT_Kusabimaru","Quantum Egg","ZombieArmy","Bottled Tornado","Oddly Smooth Stone","Juzu Bracelet","Pondfish Scales","Chemical X","Happy Flower","ReplayTheSpireMod:Ring of Collecting","Gremlin Food","Bottled Lightning","Ring of Fury","Pen Nib","Garlic","Counterbalance","Boot","AT_ArchangelStaff","Bronze Scales","Incense Burner","AT_MortalBlade","AT_ChloranthyRing","Centennial Puzzle","Ring of Hypnosis","GodSword7","PreservedInsect","MagicDraw4","Molten Egg 2","Iron Hammer","Kunai","StrikeDummy","REME_PuzzleBoxRelic","Dream Catcher","Pantograph","REME_HandOfSuture","Bottled Flame","AT_ForceNature","Replay:Wax Seal","Replay:Mystery Machine","AT_TimeSand","OrangePellets","ReplayTheSpireMod:CursedCoin","AT_EbonyIvory","Strawberry","SSSystem","Medical Kit","Chameleon Ring","Gremlin Horn"],"acts_visited":["Exordium","Exordium","Gensokyo:Gensokyoer","TheEnding"],"potions_floor_usage":[],"damage_taken":[{"damage":0,"enemies":"Small Slimes","floor":1,"turns":1},{"damage":0,"enemies":"Cultist","floor":3,"turns":1},{"damage":0,"enemies":"2 Louse","floor":4,"turns":1},{"damage":0,"enemies":"Large Slime","floor":5,"turns":1},{"damage":0,"enemies":"Lagavulin","floor":6,"turns":1},{"damage":0,"enemies":"3 Sentries","floor":8,"turns":1},{"damage":0,"enemies":"Lagavulin","floor":10,"turns":1},{"damage":0,"enemies":"Gremlin Nob","floor":12,"turns":1},{"damage":0,"enemies":"Looter","floor":13,"turns":1},{"damage":0,"enemies":"Blue Slaver","floor":14,"turns":1},{"damage":0,"enemies":"Hexaghost","floor":16,"turns":1},{"damage":0,"enemies":"Gensokyo:3_Dogs","floor":18,"turns":1},{"damage":0,"enemies":"Gensokyo:2_Gloops","floor":19,"turns":1},{"damage":0,"enemies":"Gensokyo:Tenshi","floor":24,"turns":1},{"damage":0,"enemies":"Gensokyo:Wraith","floor":27,"turns":2},{"damage":0,"enemies":"Gensokyo:Koishi","floor":28,"turns":1},{"damage":0,"enemies":"Gensokyo:Reisen","floor":31,"turns":1},{"damage":0,"enemies":"Gensokyo:Eiki","floor":33,"turns":1},{"damage":0,"enemies":"Gensokyo:3_Boulders","floor":35,"turns":1},{"damage":0,"enemies":"Gensokyo:AncientGuardian","floor":36,"turns":1},{"damage":0,"enemies":"Gensokyo:Marisa","floor":41,"turns":1},{"damage":0,"enemies":"Gensokyo:Sharpion","floor":42,"turns":1},{"damage":0,"enemies":"Gensokyo:Kasen","floor":44,"turns":1},{"damage":0,"enemies":"Gensokyo:Dusk_and_Dawn","floor":45,"turns":1},{"damage":0,"enemies":"Gensokyo:Yuyuko","floor":50,"turns":1},{"damage":0,"enemies":"Shield and Spear","floor":54,"turns":1},{"damage":0,"enemies":"The Heart","floor":55,"turns":1}],"seed_played":"1245217054279593107","potions_obtained":[{"floor":1,"key":"EssenceOfSteel"},{"floor":4,"key":"PowerPotion"},{"floor":16,"key":"Weak Potion"},{"floor":18,"key":"Reflective Coating"},{"floor":54,"key":"Adrenaline Potion"}],"is_trial":false,"path_per_floor":["M","?","M","M","M","E","?","E","T","E","R","E","M","M","R","B",null,"M","M","T","$","?","R","E","R","T","M","E","?","?","E","R","B",null,"M","M","T","?","?","R","E","M","T","E","M","R","?","$","R","B",null,"R","$","E","B",null],"character_chosen":"MKU","items_purchased":["Vajra","ReplayTheSpireMod:TigerMarble","Ancient Tea Set","TheAbacus","AT_SpeedBoots","Explosive Potion","CeramicFish","AT_BladeRuinedKing","Bag of Preparation","ClockworkSouvenir","Toy Ornithopter","DistilledChaos","Membership Card","Mango","Tiny Chest","Replay:Arrowhead","Divine Protection","Replay:Bootleg Shield Generator","Sling","AT_LudenTempest","Replay:Rubber Ducky","MokouMod:Overheat","Akabeko","Blue Doll","Strange Spoon","AT_MibuBalloonWealth","Toolbox","MokouMod:Refresh+1","Poisoned Strike","HandDrill","Omamori","Blood Vial","MokouMod:Refresh+1","Ginger","Turnip","Whetstone","SecretRecord","Mirror","Bird Faced Urn","Letter Opener","Guide Book","Frozen Egg 2","MokouMod:HeartofFire+1","MagicDraw2","Replay:Bandana","Nunchaku","Specialist+1","AT_SunfireAegis","GodSword1","Pet Ghost","AT_BellDemon","Anchor","Oddly Smooth Stone","Juzu Bracelet","Pondfish Scales","Chemical X","Happy Flower","PreservedInsect","MagicDraw4","Molten Egg 2","Iron Hammer","MokouMod:ScorchingColumn+1","REME_MawOfCthun","AT_ForceNature","Replay:Wax Seal","Replay:Mystery Machine","AT_TimeSand","OrangePellets","ReplayTheSpireMod:CursedCoin","AT_EbonyIvory","Strawberry","SSSystem","Medical Kit"],"campfire_rested":0,"item_purchase_floors":[0,0,0,0,0,0,0,0,0,0,0,0,0,0,0,0,0,0,0,0,0,0,0,0,0,0,0,0,0,0,0,0,0,0,0,0,0,0,0,0,0,0,0,0,0,0,0,0,0,0,0,0,21,21,21,21,21,40,40,40,40,40,40,48,48,48,48,48,52,52,52,53,53],"current_hp_per_floor":[89,89,89,89,89,89,89,96,96,98,98,100,102,104,104,104,104,106,108,108,108,108,108,110,110,110,112,114,114,114,116,116,116,116,118,120,120,120,102,102,114,124,124,124,126,126,126,126,126,126,126,139,139,141,141],"gold":930,"neow_bonus":"","is_daily":false,"chose_seed":false,"campfire_upgraded":10,"win_rate":0.0,"timestamp":1611756044,"path_taken":["M","?","?","M","M","E","?","E","T","E","R","E","M","M","R","BOSS","M","M","?","$","?","R","E","R","T","M","E","?","?","E","R","BOSS","M","M","?","?","?","R","E","M","T","E","M","R","?","$","R","BOSS","R","$","E","BOSS"],"items_purchased_type":["Relic","Relic","Relic","Relic","Relic","Potion","Relic","Relic","Relic","Relic","Relic","Potion","Relic","Relic","Relic","Relic","Relic","Card","Relic","Relic","Relic","Card","Relic","Relic","Relic","Relic","Relic","Card","Card","Relic","Relic","Relic","Card","Relic","Relic","Relic","Relic","Relic","Relic","Relic","Relic","Relic","Card","Relic","Relic","Relic","Card","Relic","Relic","Relic","Relic","Relic","Relic","Relic","Relic","Relic","Relic","Relic","Relic","Relic","Relic","Card","Card","Relic","Relic","Relic","Relic","Relic","Relic","Relic","Relic","Relic","Relic"],"build_version":"2020-12-22","purchased_purges":10,"victory":true,"max_hp_per_floor":[89,89,89,89,89,89,89,96,96,98,98,100,102,104,104,104,104,106,108,108,108,108,108,110,110,110,112,114,114,114,116,116,116,116,118,120,120,120,120,120,122,124,124,124,126,126,126,126,126,126,126,139,139,141,141],"card_choices":[{"not_picked":["MokouMod:Ember","MokouMod:IndiscriminateIgnition","MokouMod:EternalBurstReactor"],"picked":"SKIP","floor":1},{"not_picked":["MokouMod:EternalBurstReactor","MokouMod:Burn","MokouMod:TemporalFireSeal"],"picked":"SKIP","floor":3},{"not_picked":["MokouMod:IgneousBlow","MokouMod:ResoluteFlare","MokouMod:FujiyamaVolcano"],"picked":"SKIP","floor":4},{"not_picked":["MokouMod:SearingShot","MokouMod:Overheat"],"picked":"MokouMod:FujiyamaVolcano","floor":5},{"not_picked":["MokouMod:SearingShot","MokouMod:FlareStarter","MokouMod:RoaringFlare"],"picked":"SKIP","floor":6},{"not_picked":["MokouMod:DanceofFlames","MokouMod:FlickeringFlame","MokouMod:EternalBurstReactor"],"picked":"Singing Bowl","floor":8},{"not_picked":["MokouMod:FlamingFireTalons","MokouMod:Singe","MokouMod:HeatTransfer"],"picked":"Singing Bowl","floor":10},{"not_picked":["MokouMod:BurningDraft","MokouMod:AdaptivePyromancy","MokouMod:FlareStarter"],"picked":"Singing Bowl","floor":12},{"not_picked":["MokouMod:IgnitionBarrier","MokouMod:Fireball","MokouMod:FujiyamaVolcano"],"picked":"Singing Bowl","floor":13},{"not_picked":["MokouMod:FlareStarter","MokouMod:HeatTransfer","MokouMod:PhoenixFeathers"],"picked":"Singing Bowl","floor":14},{"not_picked":["MokouMod:Rekindle","MokouMod:SacredFire"],"picked":"MokouMod:SearingBlow","floor":16},{"not_picked":["MokouMod:EternalBurstReactor+1","MokouMod:RoaringFlare","MokouMod:Cataclysm"],"picked":"Singing Bowl","floor":18},{"not_picked":["MokouMod:Firecracker","MokouMod:FlareStarter+1","MokouMod:RisingSunBarrier+1"],"picked":"Singing Bowl","floor":19},{"not_picked":["MokouMod:Stoke+1","MokouMod:IgnitionBlast+1","MokouMod:Firecracker"],"picked":"Singing Bowl","floor":24},{"not_picked":["MokouMod:Ember","MokouMod:Firecracker","MokouMod:HeatFactory"],"picked":"Singing Bowl","floor":27},{"not_picked":["MokouMod:ImperishableFlame","MokouMod:Sear","MokouMod:RoaringFlare"],"picked":"Singing Bowl","floor":28},{"not_picked":["MokouMod:Stoke+1","MokouMod:RoaringFlare+1","MokouMod:Overheat"],"picked":"Singing Bowl","floor":31},{"not_picked":["MokouMod:ProfanedFlare","MokouMod:HouraiForge+1"],"picked":"MokouMod:PhoenixForm+1","floor":33},{"not_picked":["MokouMod:Cataclysm","MokouMod:Fireball","MokouMod:IgneousBlow"],"picked":"Singing Bowl","floor":35},{"not_picked":["MokouMod:Firecracker","MokouMod:FujiyamaVolcano","MokouMod:AdaptivePyromancy+1"],"picked":"Singing Bowl","floor":36},{"not_picked":["MokouMod:TemporalFireSeal+1","MokouMod:BurningDraft","MokouMod:BlazingComet+1"],"picked":"Singing Bowl","floor":41},{"not_picked":["MokouMod:HeatTransfer+1","MokouMod:ImperishableFlame","MokouMod:PhoenixFeathers"],"picked":"Singing Bowl","floor":42},{"not_picked":["MokouMod:DanceofFlames+1","MokouMod:Geothermal+1"],"picked":"MokouMod:ExplosiveFlame+1","floor":44},{"not_picked":["MokouMod:Ember+1","MokouMod:FlickeringFlame+1","MokouMod:SearingShot+1"],"picked":"Singing Bowl","floor":45},{"not_picked":["MokouMod:IcarusDive+1","MokouMod:HeatFactory+1","MokouMod:HeatTransfer+1"],"picked":"Singing Bowl","floor":54}],"player_experience":176213,"relics_obtained":[{"floor":1,"key":"War Paint"},{"floor":3,"key":"Old Coin"},{"floor":4,"key":"Darkstone Periapt"},{"floor":5,"key":"GodSword4"},{"floor":6,"key":"Art of War"},{"floor":6,"key":"Grinning Jar"},{"floor":8,"key":"Singing Bowl"},{"floor":8,"key":"Durian"},{"floor":10,"key":"REME_HourglassOfDeath"},{"floor":10,"key":"Replay:PocketPolymizer"},{"floor":12,"key":"ReplayFunnel"},{"floor":12,"key":"AT_RedTearstoneRing"},{"floor":13,"key":"MealTicket"},{"floor":14,"key":"Lantern"},{"floor":16,"key":"Potion Belt"},{"floor":17,"key":"Replay:Baseball"},{"floor":17,"key":"GodSword5"},{"floor":17,"key":"AT_Kusabimaru"},{"floor":18,"key":"Quantum Egg"},{"floor":19,"key":"ZombieArmy"},{"floor":20,"key":"Bottled Tornado"},{"floor":22,"key":"ReplayTheSpireMod:Ring of Collecting"},{"floor":24,"key":"Gremlin Food"},{"floor":24,"key":"Bottled Lightning"},{"floor":26,"key":"Ring of Fury"},{"floor":26,"key":"Pen Nib"},{"floor":27,"key":"Garlic"},{"floor":28,"key":"Counterbalance"},{"floor":28,"key":"Boot"},{"floor":31,"key":"AT_ArchangelStaff"},{"floor":31,"key":"Bronze Scales"},{"floor":33,"key":"Incense Burner"},{"floor":35,"key":"AT_ChloranthyRing"},{"floor":36,"key":"Centennial Puzzle"},{"floor":37,"key":"Ring of Hypnosis"},{"floor":37,"key":"GodSword7"},{"floor":41,"key":"Kunai"},{"floor":41,"key":"StrikeDummy"},{"floor":42,"key":"REME_PuzzleBoxRelic"},{"floor":43,"key":"Dream Catcher"},{"floor":44,"key":"Pantograph"},{"floor":44,"key":"REME_HandOfSuture"},{"floor":45,"key":"Bottled Flame"},{"floor":54,"key":"Chameleon Ring"},{"floor":54,"key":"Gremlin Horn"}],"event_choices":[{"damage_healed":0,"gold_gain":0,"player_choice":"Got Potions","damage_taken":0,"max_hp_gain":0,"max_hp_loss":0,"event_name":"Lab","floor":2,"gold_loss":0},{"cards_removed":["MokouMod:FujiyamaVolcano"],"damage_healed":0,"gold_gain":0,"player_choice":"Card Removal","damage_taken":0,"max_hp_gain":0,"max_hp_loss":0,"event_name":"The Cleric","floor":7,"gold_loss":50}],"is_beta":false,"boss_relics":[{"not_picked":["Replay:Ancient Bell","SoulBox"],"picked":"Calling Bell"},{"not_picked":["Philosopher\u0027s Stone","Replay:Bronze Core"],"picked":"AT_MortalBlade"}],"items_purged_floors":[0,0,0,0,0,0,0,0,0,52],"is_endless":false,"potions_floor_spawned":[1,4,10,14,16,18,24,27,31,35,44,45,54],"ascension_level":1}}