{"host":"3a1ypf1irl30q4k8","time":1611756253,"event":{"mods":["AchievementEnabler","BaseMod","Bestiary","Colored Map","Minty Spire (QoL Compilation)","Relic Stats"],"gold_per_floor":[114,114,128,145,159,159,188,188,213,65,85,112,125,140,140,242,242,259,138,157,167,179,208,208,34,57,57,108,134,134,152,152,255,255,284,14,14,31,31,31,59,59,85,101,101,126,0,0,0],"floor_reached":48,"language":"ENG","playtime":2733,"items_purged":["Strike_R","Strike_R"],"score":673,"play_id":"c5c7dfd7-0b3b-45b3-bd50-b69e870dd44f","local_time":"20210127140413","is_ascension_mode":true,"campfire_choices":[{"data":"Whirlwind","floor":6.0,"key":"SMITH"},{"data":"Immolate","floor":8.0,"key":"SMITH"},{"data":"Ghostly Armor","floor":15.0,"key":"SMITH"},{"data":"Shockwave","floor":24.0,"key":"SMITH"},{"data":"Shrug It Off","floor":27.0,"key":"SMITH"},{"floor":32.0,"key":"REST"},{"floor":40,"key":"RECALL"},{"floor":42,"key":"REST"},{"floor":45,"key":"REST"}],"circlet_count":0,"master_deck":["Defend_R+1","Defend_R+1","Bash","Immolate+1","Anger","Shockwave+1","Whirlwind+1","Headbutt","Thunderclap","Ghostly Armor+1","Feed","Dual Wield","Twin Strike","Rage","Fiend Fire","Havoc+1","Evolve+1","Juggernaut+1","Flex","Shrug It Off","Warcry+1","Clothesline+1","Spot Weakness","Uppercut+1","Shrug It Off+1","Disarm","Double Tap","CurseOfTheBell","Flex+1","Sentinel+1","Blood for Blood+1"],"relics":["Burning Blood","War Paint","Blood Vial","Nunchaku","Astrolabe","MealTicket","Bag of Preparation","Happy Flower","Vajra","Anchor","Calling Bell","MawBank","Self Forming Clay","Charon\u0027s Ashes","Membership Card","PreservedInsect","Strawberry","Bottled Lightning","Toxic Egg 2","Eternal Feather"],"acts_visited":["Exordium","TheCity","TheBeyond"],"potions_floor_usage":[38,46],"damage_taken":[{"damage":12.0,"enemies":"Jaw Worm","floor":1.0,"turns":2.0},{"damage":4.0,"enemies":"Cultist","floor":3.0,"turns":3.0},{"damage":0.0,"enemies":"2 Louse","floor":4.0,"turns":1.0},{"damage":12.0,"enemies":"Exordium Wildlife","floor":5.0,"turns":3.0},{"damage":35.0,"enemies":"Lagavulin","floor":7.0,"turns":5.0},{"damage":0.0,"enemies":"3 Louse","floor":11.0,"turns":1.0},{"damage":8.0,"enemies":"Gremlin Nob","floor":12.0,"turns":3.0},{"damage":2.0,"enemies":"Large Slime","floor":13.0,"turns":3.0},{"damage":16.0,"enemies":"Looter","floor":14.0,"turns":3.0},{"damage":44.0,"enemies":"The Guardian","floor":16.0,"turns":10.0},{"damage":23.0,"enemies":"3 Byrds","floor":18.0,"turns":5.0},{"damage":16.0,"enemies":"2 Thieves","floor":20.0,"turns":4.0},{"damage":4.0,"enemies":"3 Cultists","floor":21.0,"turns":3.0},{"damage":27.0,"enemies":"Snake Plant","floor":22.0,"turns":4.0},{"damage":16.0,"enemies":"Slavers","floor":23.0,"turns":2.0},{"damage":48.0,"enemies":"Gremlin Leader","floor":29.0,"turns":6.0},{"damage":4.0,"enemies":"Cultist and Chosen","floor":31.0,"turns":4.0},{"damage":78.0,"enemies":"Automaton","floor":33.0,"turns":10.0},{"damage":0.0,"enemies":"Orb Walker","floor":35.0,"turns":2.0},{"damage":15,"enemies":"3 Darklings","floor":38,"turns":3},{"damage":78,"enemies":"Giant Head","floor":41,"turns":9},{"damage":17,"enemies":"Sphere and 2 Shapes","floor":44,"turns":4},{"damage":62,"enemies":"Nemesis","floor":46,"turns":5},{"damage":30,"enemies":"Giant Head","floor":48,"turns":6}],"seed_played":"-9200352593724357186","potions_obtained":[{"floor":1.0,"key":"Fire Potion"},{"floor":3.0,"key":"ElixirPotion"},{"floor":11.0,"key":"AttackPotion"},{"floor":16.0,"key":"FairyPotion"},{"floor":20.0,"key":"DuplicationPotion"},{"floor":21.0,"key":"Energy Potion"},{"floor":35,"key":"AttackPotion"},{"floor":41,"key":"Swift Potion"}],"is_trial":false,"path_per_floor":["M","?","M","M","M","R","E","R","T","$","M","E","M","M","R","B",null,"M","$","M","M","M","E","R","$","T","R","T","E","?","M","R","B",null,"M","$","?","M","?","R","E","R","T","M","R","E","$","E"],"character_chosen":"IRONCLAD","items_purchased":["Feed","Shrug It Off","Shrug It Off","Bag of Preparation","Membership Card","PreservedInsect","Eternal Feather"],"campfire_rested":3,"item_purchase_floors":[10,19,25,25,36,36,47],"current_hp_per_floor":[74,74,76,80,74,74,45,45,45,45,53,53,59,54,54,18,83,66,66,61,65,46,38,38,53,53,53,53,13,13,17,42,24,86,89,89,96,87,87,87,17,45,45,36,64,10,25,0,0],"gold":0,"neow_bonus":"ONE_RANDOM_RARE_CARD","is_daily":false,"chose_seed":false,"campfire_upgraded":5,"win_rate":0.0,"timestamp":1611756253,"path_taken":["M","?","M","M","M","R","E","R","T","$","M","E","M","M","R","BOSS","M","$","M","M","?","E","R","?","T","R","?","E","?","M","R","BOSS","M","$","?","?","?","R","E","R","T","M","R","E","$","E"],"items_purchased_type":["Card","Card","Card","Relic","Relic","Relic","Relic"],"build_version":"2020-12-22","purchased_purges":2,"victory":false,"max_hp_per_floor":[80,80,80,80,80,80,80,80,80,80,80,80,80,83,83,83,83,83,83,86,86,86,86,86,86,86,86,86,86,86,86,86,86,86,89,89,96,96,96,96,96,96,96,96,96,96,96,96,96],"relic_stats":{"Happy Flower":[16],"counters":[24,101],"Self Forming Clay":[45],"Astrolabe":["Havoc","Evolve","Juggernaut"],"Eternal Feather":0,"Charon\u0027s Ashes":[120],"PreservedInsect":297,"Bag of Preparation":[18],"War Paint":["Defend_R","Defend_R"],"MawBank":24,"Burning Blood":130,"Blood Vial":32,"Nunchaku":[12],"MealTicket":30,"obtain_stats":[{"Happy Flower":26,"Self Forming Clay":34,"Astrolabe":17,"Vajra":28,"Eternal Feather":47,"Charon\u0027s Ashes":34,"PreservedInsect":36,"Bag of Preparation":25,"War Paint":7,"MawBank":34,"Burning Blood":0,"Blood Vial":9,"Calling Bell":34,"Nunchaku":12,"Anchor":29,"Strawberry":37,"MealTicket":23,"Membership Card":36,"Bottled Lightning":41,"Toxic Egg 2":46},{"Happy Flower":15,"Self Forming Clay":18,"Astrolabe":10,"Vajra":15,"Eternal Feather":23,"Charon\u0027s Ashes":18,"PreservedInsect":19,"Bag of Preparation":15,"War Paint":5,"MawBank":18,"Burning Blood":0,"Blood Vial":5,"Calling Bell":18,"Nunchaku":7,"Anchor":16,"Strawberry":19,"MealTicket":15,"Membership Card":19,"Bottled Lightning":21,"Toxic Egg 2":23},{"Happy Flower":52,"Self Forming Clay":72,"Astrolabe":34,"Vajra":52,"Eternal Feather":95,"Charon\u0027s Ashes":72,"PreservedInsect":74,"Bag of Preparation":52,"War Paint":14,"MawBank":72,"Burning Blood":0,"Blood Vial":14,"Calling Bell":72,"Nunchaku":18,"Anchor":58,"Strawberry":74,"MealTicket":52,"Membership Card":74,"Bottled Lightning":86,"Toxic Egg 2":95}]},"card_choices":[{"not_picked":["Dual Wield","Flex"],"picked":"Anger","floor":1.0},{"not_picked":["Anger","Inflame"],"picked":"Whirlwind","floor":3.0},{"not_picked":["Whirlwind","Perfected Strike"],"picked":"Headbutt","floor":4.0},{"not_picked":["Iron Wave","Sentinel"],"picked":"Thunderclap","floor":5.0},{"not_picked":["Twin Strike","Havoc"],"picked":"Ghostly Armor","floor":7.0},{"not_picked":["Immolate","Wild Strike","Sentinel"],"picked":"SKIP","floor":11.0},{"not_picked":["Infernal Blade","Berserk"],"picked":"Dual Wield","floor":12.0},{"not_picked":["Anger","Havoc"],"picked":"Twin Strike","floor":13.0},{"not_picked":["Thunderclap","Perfected Strike"],"picked":"Rage","floor":14.0},{"not_picked":["Berserk","Barricade"],"picked":"Fiend Fire","floor":16.0},{"not_picked":["Body Slam","Heavy Blade"],"picked":"Flex","floor":18.0},{"not_picked":["Searing Blow+1","Metallicize"],"picked":"Warcry+1","floor":20.0},{"not_picked":["Flex","Body Slam"],"picked":"Clothesline+1","floor":21.0},{"not_picked":["Dual Wield","Twin Strike"],"picked":"Spot Weakness","floor":22.0},{"not_picked":["Inflame","Body Slam"],"picked":"Uppercut+1","floor":23.0},{"not_picked":["Shockwave","Heavy Blade"],"picked":"Disarm","floor":29.0},{"not_picked":["Spot Weakness","Clothesline","Evolve"],"picked":"SKIP","floor":31.0},{"not_picked":["Fiend Fire","Bludgeon"],"picked":"Double Tap","floor":33.0},{"not_picked":["Sever Soul+1","Infernal Blade+1"],"picked":"Flex+1","floor":35},{"not_picked":["Headbutt+1","Clash+1"],"picked":"Sentinel+1","floor":38},{"not_picked":["Uppercut+1","Dual Wield+1"],"picked":"Blood for Blood+1","floor":41},{"not_picked":["Infernal Blade+1","Metallicize","Armaments+1"],"picked":"SKIP","floor":44},{"not_picked":["Headbutt","Anger+1","Twin Strike+1"],"picked":"SKIP","floor":46}],"player_experience":1224697,"relics_obtained":[{"floor":7.0,"key":"War Paint"},{"floor":9.0,"key":"Blood Vial"},{"floor":12.0,"key":"Nunchaku"},{"floor":23.0,"key":"MealTicket"},{"floor":26.0,"key":"Happy Flower"},{"floor":28.0,"key":"Vajra"},{"floor":29.0,"key":"Anchor"},{"floor":34.0,"key":"MawBank"},{"floor":34.0,"key":"Self Forming Clay"},{"floor":34.0,"key":"Charon\u0027s Ashes"},{"floor":37,"key":"Strawberry"},{"floor":41,"key":"Bottled Lightning"},{"floor":46,"key":"Toxic Egg 2"}],"event_choices":[{"damage_healed":0.0,"max_hp_gain":0.0,"max_hp_loss":0.0,"gold_gain":0.0,"cards_transformed":["Defend_R"],"event_name":"Transmorgrifier","player_choice":"Transformed","floor":2.0,"gold_loss":0.0,"damage_taken":0.0,"cards_obtained":["Shockwave"]},{"cards_removed":["Strike_R"],"damage_healed":0.0,"max_hp_gain":0.0,"max_hp_loss":0.0,"gold_gain":0.0,"event_name":"Purifier","player_choice":"Purged","floor":30.0,"gold_loss":0.0,"damage_taken":0.0},{"damage_healed":0,"gold_gain":0,"player_choice":"Relic","damage_taken":0,"max_hp_gain":0,"max_hp_loss":0,"event_name":"Wheel of Change","floor":37,"gold_loss":0},{"damage_healed":0,"gold_gain":0,"player_choice":"Ignored","damage_taken":0,"max_hp_gain":0,"max_hp_loss":0,"event_name":"Mysterious Sphere","floor":39,"gold_loss":0}],"is_beta":false,"boss_relics":[{"not_picked":["Sozu","Ectoplasm"],"picked":"Astrolabe"},{"not_picked":["Black Blood","Runic Cube"],"picked":"Calling Bell"}],"items_purged_floors":[19,36],"is_endless":false,"potions_floor_spawned":[1,3,11,16,20,21,35,41],"killed_by":"Giant Head","ascension_level":4}}