{"host":"5hj512uv6i1x1iks","time":1611781748,"event":{"mods":["BaseMod","Colored Powertips","Downfall","Minty Spire (QoL Compilation)","Rare Cards Sparkle","Relic Stats","Reliquary","StSLib"],"gold_per_floor":[99,117,129,129,129,114,114,128,141,174,192,226,226,226,240,240,240,240],"floor_reached":16,"language":"ENG","playtime":729,"items_purged":[],"score":137,"play_id":"83558fd3-d449-4567-90f8-bbc362334ca7","local_time":"20210127150908","is_ascension_mode":false,"campfire_choices":[],"circlet_count":0,"master_deck":["sneckomod:Strike","sneckomod:Strike","sneckomod:Defend","sneckomod:Defend","sneckomod:Defend","sneckomod:TailWhip","sneckomod:SnekBite","sneckomod:Unknown","champ:BringItOn","sneckomod:UnknownBlock","sneckomod:SnakeSap","sneckomod:DiceBlock","sneckomod:Nope+1","hexamod:SixthSeal","sneckomod:UnknownRareSkill","sneckomod:RainOfDice","Malaise+1","Parasite","sneckomod:Unknown0Cost"],"relics":["sneckomod:SneckoSoul","downfall:BrokenWingStatue","Pear","Nunchaku","reliquary:WeakTea"],"acts_visited":["Exordium"],"potions_floor_usage":[12,16],"damage_taken":[{"damage":1,"enemies":"Cultist","floor":2,"turns":4},{"damage":12,"enemies":"Jaw Worm","floor":3,"turns":4},{"damage":0,"enemies":"downfall:FleeingMerchant","floor":6,"turns":4},{"damage":0,"enemies":"2 Louse","floor":8,"turns":4},{"damage":2,"enemies":"Blue Slaver","floor":9,"turns":3},{"damage":10,"enemies":"3 Sentries","floor":10,"turns":9},{"damage":20,"enemies":"Exordium Thugs","floor":11,"turns":7},{"damage":36,"enemies":"Gremlin Nob","floor":12,"turns":7},{"damage":31,"enemies":"Exordium Wildlife","floor":15,"turns":6},{"damage":38,"enemies":"DF_ARCHETYPE_STREAMLINE","floor":16,"turns":6}],"seed_played":"3053544448992703747","potions_obtained":[{"floor":8,"key":"Dexterity Potion"},{"floor":10,"key":"AttackPotion"},{"floor":11,"key":"Weak Potion"},{"floor":12,"key":"sneckomod:OffclassReductionPotion"}],"is_trial":false,"path_per_floor":["R","M","M","?","?","$","T","M","M","E","M","E","R","?","M","B"],"character_chosen":"THE_SNECKO","items_purchased":[],"campfire_rested":0,"item_purchase_floors":[],"current_hp_per_floor":[99,98,86,86,86,86,96,96,94,84,64,28,28,55,24,0,0,0],"gold":240,"neow_bonus":"TEN_PERCENT_HP_BONUS","is_daily":false,"chose_seed":false,"campfire_upgraded":0,"win_rate":0.0,"timestamp":1611781748,"path_taken":["R","M","M","?","?","?","T","?","M","E","M","E","R","?","M","BOSS"],"items_purchased_type":[],"build_version":"2020-12-22","purchased_purges":0,"victory":false,"max_hp_per_floor":[99,99,99,99,99,99,109,109,109,109,109,109,109,109,109,109,109,109],"relic_stats":{"Nunchaku":[3],"counters":[10,54],"obtain_stats":[{"Nunchaku":10,"downfall:BrokenWingStatue":5,"Pear":7,"reliquary:WeakTea":12,"sneckomod:SneckoSoul":0},{"Nunchaku":6,"downfall:BrokenWingStatue":2,"Pear":3,"reliquary:WeakTea":8,"sneckomod:SneckoSoul":0},{"Nunchaku":28,"downfall:BrokenWingStatue":8,"Pear":12,"reliquary:WeakTea":42,"sneckomod:SneckoSoul":0}]},"card_choices":[{"not_picked":["sneckomod:QuickMove","sneckomod:PureSnecko"],"picked":"sneckomod:UnknownBlock","floor":2},{"not_picked":["sneckomod:Unknown1Cost","sneckomod:UnknownDraw"],"picked":"sneckomod:SnakeSap","floor":3},{"not_picked":["sneckomod:SoulRoll","sneckomod:UnknownWeak"],"picked":"sneckomod:UnknownStrength","floor":6},{"not_picked":["sneckomod:IronFang","sneckomod:TrashToTreasure"],"picked":"sneckomod:DiceBlock","floor":8},{"not_picked":["sneckomod:UnknownBlock","sneckomod:SoulRoll","sneckomod:QuickMove"],"picked":"SKIP","floor":9},{"not_picked":["sneckomod:UnknownColorless","sneckomod:UnknownDraw"],"picked":"sneckomod:Nope","floor":10},{"not_picked":["hexamod:FirstSeal","hexamod:SecondSeal"],"picked":"hexamod:SixthSeal","floor":11},{"not_picked":["sneckomod:PureSnecko","sneckomod:DefensiveFlair"],"picked":"sneckomod:UnknownRareSkill","floor":11},{"not_picked":["sneckomod:QuickBite","sneckomod:SlitherStrike"],"picked":"sneckomod:RainOfDice","floor":12},{"not_picked":["sneckomod:UnknownCommonAttack","sneckomod:IronFang"],"picked":"sneckomod:Unknown0Cost","floor":15}],"player_experience":606657,"relics_obtained":[{"floor":7,"key":"Pear"},{"floor":10,"key":"Nunchaku"},{"floor":12,"key":"reliquary:WeakTea"}],"event_choices":[{"damage_healed":27,"gold_gain":0,"player_choice":"Healed and dodged fight","damage_taken":0,"max_hp_gain":0,"max_hp_loss":0,"event_name":"Mushrooms","floor":14,"gold_loss":0,"cards_obtained":["Parasite"]}],"is_beta":false,"boss_relics":[],"items_purged_floors":[],"is_endless":false,"potions_floor_spawned":[8,10,11,12,15],"killed_by":"DF_ARCHETYPE_STREAMLINE","ascension_level":0}}