{"host":"hfcva6mq15ctj0gu","time":1611779135,"event":{"mods":["Abigail Mod","AchievementEnabler","Act Like it!","Alarm Clock","BaseMod","Better Altar","Better Match","Better Skull","Better Third Choice","BetterRewards","Booster Modes","CapriCore","Card Forge","Colored Map","Curses Come First","Disable Question Mark Monsters","Displayed Cursed Tome","Emptier Cage","FoggyMod","Friendly Minions","Gold Saver","Good Game Mod","Grow up Mod","Highlight Path","Kratos Character Expansion","Minty Spire (QoL Compilation)","Permanent Neow","Poem Panic","Remilia??????","Shade Mod","Shop Mod","StSLib","The Immortal","The Servant 0.9.4","The Vixen","Transform Curses","Virulent Crown","????"],"gold_per_floor":[7716,7791,7407,7419,7419,7459,7525,7569,7616,7668,7668,7668,7704,7733,6943,7057,7057,7085,7085,7094,7103,7112,6635,6038,6092,6092,6152,5299,5299,4923,4923,4584,4689,4689,4700,4700,4036,4052,3809,3654,3684,3684,3709,3721,3759,3771,3783,3854,3866,3903,3915,3482,2649,2682,2682],"floor_reached":56,"language":"ENG","playtime":2119,"items_purged":[],"score":1974,"play_id":"9121d9e3-e59c-4157-939b-091519350546","local_time":"20210127212535","is_ascension_mode":false,"campfire_choices":[{"floor":11,"key":"RECALL"}],"circlet_count":0,"master_deck":["TheWorld+1","Wireheading+1","Weave+1","Prostrate+1","Wireheading+1","FlyingSleeves+1","JustLucky+1","ThirdEye+1","BattleHymn+1","CutThroughFate+1","Omniscience+1","BattleHymn+1","Necronomicurse","RitualDagger+1","Nirvana+1","ThirdEye+1","Nirvana+1","Weave+1","HandOfGreed+1","DeusExMachina+1","Ragnarok+1","Weave+1","Sadistic Nature+1","Omniscience+1","Prostrate+1","Omniscience+1","Prostrate+1","ThirdEye+1","Prostrate+1","JustLucky+1","Devotion+1","Brilliance+1","Prostrate+1","Sadistic Nature+1"],"relics":["PureWater","Hammer of Thor","Seething Fire","Anvil of the Gods","REME:ComplimentaryCards","MerchantsRug","Orichalcum","Boot","Medical Kit","Calipers","Bag of Preparation","Question Card","TheAbacus","CeramicFish","KratosMod:chalice","Inserter","TungstenRod","Blue Candle","Centennial Puzzle","Bag of Marbles","Akabeko","Matryoshka","Shuriken","OrangePellets","Coffee Dripper","Necronomicon","GreatHeart","Sling","Darkstone Periapt","Tiny Chest","Toolbox","Pen Nib","InkBottle","Art of War","Letter Opener","Omamori","Frozen Eye","DollysMirror","Regal Pillow","Anchor","War Paint","Lantern","Cauldron","Fusion Hammer","Kunai","Yang","Du-Vu Doll","Orrery","Nunchaku","Melange","Toxic Egg 2","MawBank","Smiling Mask","Unceasing Top","HandDrill","Bronze Scales","Oddly Smooth Stone","Ornamental Fan","Blood Vial","Dead Branch","Happy Flower"],"acts_visited":["Exordium","TheCity","TheBeyond","TheEnding"],"potions_floor_usage":[],"damage_taken":[{"damage":35,"enemies":"Jaw Worm","floor":1,"turns":9},{"damage":0,"enemies":"Cultist","floor":4,"turns":3},{"damage":3,"enemies":"Gremlin Nob","floor":6,"turns":3},{"damage":0,"enemies":"Lagavulin","floor":8,"turns":3},{"damage":0,"enemies":"3 Sentries","floor":13,"turns":3},{"damage":0,"enemies":"2 Louse","floor":14,"turns":1},{"damage":0,"enemies":"Slime Boss","floor":16,"turns":5},{"damage":0,"enemies":"Spheric Guardian","floor":18,"turns":2},{"damage":0,"enemies":"Chosen","floor":25,"turns":2},{"damage":14,"enemies":"Slavers","floor":27,"turns":3},{"damage":6,"enemies":"Automaton","floor":33,"turns":3},{"damage":0,"enemies":"Orb Walker","floor":35,"turns":1},{"damage":0,"enemies":"3 Darklings","floor":38,"turns":2},{"damage":0,"enemies":"Reptomancer","floor":41,"turns":1},{"damage":0,"enemies":"Mind Bloom Boss Battle","floor":48,"turns":2},{"damage":0,"enemies":"Awakened One","floor":50,"turns":3},{"damage":0,"enemies":"Shield and Spear","floor":54,"turns":2},{"damage":0,"enemies":"The Heart","floor":55,"turns":3}],"seed_played":"5127765903830179504","potions_obtained":[{"floor":1,"key":"Explosive Potion"},{"floor":4,"key":"Strength Potion"},{"floor":13,"key":"SpeedPotion"},{"floor":18,"key":"Energy Potion"},{"floor":25,"key":"EssenceOfSteel"},{"floor":27,"key":"Fruit Juice"},{"floor":32,"key":"Weak Potion"},{"floor":32,"key":"SteroidPotion"},{"floor":32,"key":"Swift Potion"},{"floor":54,"key":"Strength Potion"}],"is_trial":false,"path_per_floor":["M","?","$","M","?","E","?","E","T","T","R","?","E","M","R","B",null,"M","?","?","?","?","R","$","M","T","E","$","?","R","T","R","B",null,"M","T","$","M","$","R","E","?","T","$","T","R","$","?","R","B",null,"R","$","E","B",null],"character_chosen":"WATCHER","items_purchased":["MerchantsRug","Wireheading","Orichalcum","Boot","Medical Kit","Bag of Preparation","Weave","Question Card","TheAbacus","CeramicFish","Wireheading","Wallop","Matryoshka","Shuriken","OrangePellets","ThirdEye","BattleHymn","CutThroughFate","SashWhip","Sling","Nirvana","ThirdEye","Darkstone Periapt","Tiny Chest","Toolbox","Nirvana","Weave","HandOfGreed","Letter Opener","Omamori","Frozen Eye","Ragnarok","Weave","Sadistic Nature","DollysMirror","Regal Pillow","Anchor","Lantern","Prostrate","Cauldron","Yang","Du-Vu Doll","Orrery","Nunchaku","Brilliance","Melange","HandDrill","Bronze Scales","Oddly Smooth Stone","Ornamental Fan","Blood Vial","Dead Branch","Sadistic Nature"],"campfire_rested":0,"item_purchase_floors":[0,0,0,0,0,0,0,0,3,3,3,3,15,15,15,15,15,15,15,23,23,23,23,24,24,24,24,24,28,28,28,28,28,28,30,30,30,32,32,32,37,37,37,39,39,40,52,52,52,53,53,53,53],"current_hp_per_floor":[57,58,68,78,88,95,105,115,125,135,145,155,165,175,185,195,252,262,272,270,280,285,295,305,315,325,321,331,341,351,361,371,375,422,432,442,452,462,472,482,492,502,512,522,532,542,552,562,572,582,592,602,612,622,642],"gold":2682,"neow_bonus":"","is_daily":false,"chose_seed":false,"campfire_upgraded":0,"win_rate":0.0,"timestamp":1611779135,"path_taken":["M","?","$","?","?","E","?","E","T","?","R","?","E","?","R","BOSS","M","?","?","?","?","R","$","?","T","E","$","?","R","?","R","BOSS","M","?","?","?","$","R","E","?","T","$","?","R","$","?","R","BOSS","R","$","E","BOSS"],"items_purchased_type":["Relic","Card","Relic","Relic","Relic","Relic","Card","Relic","Relic","Relic","Card","Card","Relic","Relic","Relic","Card","Card","Card","Card","Relic","Card","Card","Relic","Relic","Relic","Card","Card","Card","Relic","Relic","Relic","Card","Card","Card","Relic","Relic","Relic","Relic","Card","Relic","Relic","Relic","Relic","Relic","Card","Relic","Relic","Relic","Relic","Relic","Relic","Relic","Card"],"build_version":"2020-12-22","purchased_purges":0,"victory":true,"max_hp_per_floor":[92,102,112,122,132,142,152,162,172,182,192,202,212,222,232,242,252,262,272,282,292,302,312,322,332,342,352,362,372,382,392,402,412,422,432,442,452,462,472,482,492,502,512,522,532,542,552,562,572,582,592,602,612,622,642],"card_choices":[{"not_picked":["DeceiveReality","FollowUp","JustLucky"],"picked":"Prostrate","floor":1},{"not_picked":["EmptyFist","FlyingSleeves","CrushJoints","EmptyBody"],"picked":"SKIP","floor":4},{"not_picked":["FlurryOfBlows","Evaluate","EmptyBody"],"picked":"FlyingSleeves","floor":6},{"not_picked":["Protect","SpiritShield","Meditate"],"picked":"CarveReality","floor":8},{"not_picked":["CrushJoints","Sanctity","Vengeance"],"picked":"FollowUp","floor":13},{"not_picked":["FlurryOfBlows","EmptyMind","Halt"],"picked":"JustLucky","floor":14},{"not_picked":["Ragnarok","Brilliance","DeusExMachina"],"picked":"Omniscience","floor":16},{"not_picked":["SashWhip","EmptyFist","Halt"],"picked":"BattleHymn","floor":18},{"not_picked":["Meditate+1","FlyingSleeves","InnerPeace"],"picked":"DeusExMachina","floor":25},{"not_picked":["EmptyBody","Meditate","FollowUp","SashWhip"],"picked":"SKIP","floor":27},{"not_picked":["ConjureBlade","Scrawl","Judgement"],"picked":"Omniscience","floor":33},{"not_picked":["FollowUp+1","ForeignInfluence+1","FlyingSleeves+1","Evaluate"],"picked":"SKIP","floor":35},{"not_picked":["FlyingSleeves+1","ForeignInfluence+1","Alpha"],"picked":"Prostrate+1","floor":37},{"not_picked":["BowlingBash+1","WindmillStrike+1","Protect+1"],"picked":"ThirdEye","floor":37},{"not_picked":["CrushJoints+1","CarveReality+1","CutThroughFate+1"],"picked":"Prostrate+1","floor":37},{"not_picked":["CrushJoints+1","PathToVictory","SashWhip+1"],"picked":"JustLucky","floor":37},{"not_picked":["EmptyFist","Swivel+1","WreathOfFlame+1"],"picked":"Devotion","floor":37},{"not_picked":["CrushJoints","ClearTheMind","FollowUp","SignatureMove"],"picked":"SKIP","floor":38},{"not_picked":["ClearTheMind+1","Protect+1","Crescendo+1","Scrawl+1"],"picked":"SKIP","floor":41},{"not_picked":["Wireheading+1","FlurryOfBlows+1","FollowUp"],"picked":"Prostrate+1","floor":48},{"not_picked":["Nirvana","Evaluate+1","Study","WaveOfTheHand+1"],"picked":"SKIP","floor":54}],"player_experience":110008,"relics_obtained":[{"floor":6,"key":"TungstenRod"},{"floor":8,"key":"Blue Candle"},{"floor":9,"key":"Centennial Puzzle"},{"floor":10,"key":"Bag of Marbles"},{"floor":13,"key":"Akabeko"},{"floor":26,"key":"Pen Nib"},{"floor":26,"key":"InkBottle"},{"floor":27,"key":"Art of War"},{"floor":31,"key":"War Paint"},{"floor":36,"key":"Kunai"},{"floor":41,"key":"Toxic Egg 2"},{"floor":43,"key":"MawBank"},{"floor":45,"key":"Smiling Mask"},{"floor":48,"key":"Unceasing Top"},{"floor":54,"key":"Happy Flower"}],"event_choices":[{"damage_healed":0,"gold_gain":75,"player_choice":"Touch","damage_taken":9,"max_hp_gain":0,"max_hp_loss":0,"event_name":"FaceTrader","floor":2,"gold_loss":0},{"damage_healed":0,"gold_gain":66,"player_choice":"Gained Gold","damage_taken":0,"max_hp_gain":0,"max_hp_loss":0,"event_name":"Golden Wing","floor":7,"gold_loss":0},{"damage_healed":0,"gold_gain":0,"player_choice":"Ignored","damage_taken":0,"max_hp_gain":0,"max_hp_loss":0,"event_name":"Transmorgrifier","floor":12,"gold_loss":0},{"damage_healed":0,"gold_gain":0,"player_choice":"Ignored","damage_taken":0,"max_hp_gain":0,"max_hp_loss":0,"event_name":"Beggar","floor":19,"gold_loss":0},{"damage_healed":0,"gold_gain":0,"player_choice":"Obtained Book","damage_taken":16,"max_hp_gain":0,"max_hp_loss":0,"event_name":"Cursed Tome","floor":20,"gold_loss":0},{"damage_healed":0,"gold_gain":0,"player_choice":"Dagger","damage_taken":6,"max_hp_gain":0,"max_hp_loss":0,"event_name":"betterThird:BetterNest","floor":22,"gold_loss":0,"cards_obtained":["RitualDagger"]},{"cards_removed":["Pride"],"damage_healed":0,"gold_gain":0,"player_choice":"Elegance","damage_taken":0,"max_hp_gain":0,"max_hp_loss":0,"event_name":"betterThird:BetterWriting","floor":29,"gold_loss":0},{"damage_healed":0,"gold_gain":0,"player_choice":"Ignored","damage_taken":0,"max_hp_gain":0,"max_hp_loss":0,"event_name":"Tomb of Lord Red Mask","floor":42,"gold_loss":0},{"damage_healed":0,"gold_gain":0,"player_choice":"Fight","damage_taken":0,"max_hp_gain":0,"max_hp_loss":0,"event_name":"MindBloom","floor":48,"gold_loss":0}],"is_beta":false,"boss_relics":[{"not_picked":["SlaversCollar","Empty Cage"],"picked":"Coffee Dripper"},{"not_picked":["SacredBark","Sozu"],"picked":"Fusion Hammer"}],"items_purged_floors":[],"is_endless":false,"potions_floor_spawned":[1,4,13,18,25,27,38,54],"ascension_level":0}}