{"host":"ws1rigs6jhqnf67d","time":1611751752,"event":{"mods":["BaseMod","Downfall","Friendly Minions","KinomotoSakuraMod(ƒæ÷Æ±æ”£)","Kiyohime£®«Âºß£©","Lobotomy","LobotomyExtend","Marisa£®ÏF”Í°°ƒß¿Ì…≥£©","Minty Spire (QoL Compilation)","Remilia£®¿Ÿ√◊¿Ú—«£©","StSLib","The Bug Knight","The Senshi","Youmu£®ªÍ∆«—˝√Œ£©","[IsaacMod]“‘»ˆº‚À˛"],"gold_per_floor":[119,134,148,160,160,160,176,176,176,192,212,240,240,275,275,373,373,388,398,415,431,444,478,478,478,478,77,77,110,124,155,155,254,254,269,269,279,133,133,159,174,207,286,305,305,339,359,141,141,141,141],"floor_reached":52,"language":"ZHS","playtime":2519,"items_purged":["downfall:Haunted"],"score":1354,"play_id":"4ea767ea-285f-4ec1-9f41-03438cd7a112","local_time":"20210127204912","is_ascension_mode":true,"campfire_choices":[{"data":"HollowMod:Weaversong","floor":6,"key":"SMITH"},{"data":"HollowMod:PogoStrike","floor":8,"key":"SMITH"},{"data":"HollowMod:NailStrikeStart","floor":15,"key":"SMITH"},{"data":"HollowMod:LifebloodCore","floor":25,"key":"SMITH"},{"data":"HollowMod:LifebloodCore","floor":32,"key":"SMITH"},{"data":"HollowMod:SlysStrikes","floor":45,"key":"SMITH"},{"data":"HollowMod:DashSlash","floor":49,"key":"SMITH"}],"circlet_count":0,"master_deck":["HollowMod:NailStrikeStart","HollowMod:NailStrikeStart","HollowMod:NailStrikeStart+1","HollowMod:NailStrikeStart","HollowMod:QuickDashStart","HollowMod:QuickDashStart","HollowMod:QuickDashStart","HollowMod:QuickDashStart","HollowMod:FocusHealStart+1","HollowMod:PogoStrike+1","HollowMod:Weaversong+1","HollowMod:CloakDash","HollowMod:LifebloodCore+1","HollowMod:LifebloodCore+1","HollowMod:DashSlash+1","HollowMod:CloakDash","HollowMod:ZotesMagnificence","HollowMod:DashSlash+1","HollowMod:SlysStrikes+1","downfall:Haunted"],"relics":["HollowMod:VesselMask","HushsDoor","Leech","LetterFromLob","theSenshi:SuperSailorFukuRelic","Mummified Hand","Lantern","MagicMushroom","HornCleat","Toxic Egg 2","Anchor","Shuriken","HollowMod:LumaflyLanternRelic","AnarchistCookbook","SlaversCollar","HollowMod:IsmasTear","Du-Vu Doll","Nunchaku","White Beast Statue","Pear","Ornamental Fan","Sling"],"acts_visited":["Exordium","TheCity","TheBeyond"],"potions_floor_usage":[21,23,50],"damage_taken":[{"damage":9,"enemies":"Small Slimes","floor":1,"turns":4},{"damage":2,"enemies":"Jaw Worm","floor":2,"turns":2},{"damage":0,"enemies":"2 Louse","floor":3,"turns":2},{"damage":2,"enemies":"Looter","floor":4,"turns":3},{"damage":12,"enemies":"Lots of Slimes","floor":7,"turns":4},{"damage":0,"enemies":"2 Fungi Beasts","floor":10,"turns":3},{"damage":0,"enemies":"Blue Slaver","floor":11,"turns":2},{"damage":0,"enemies":"Lagavulin","floor":12,"turns":5},{"damage":0,"enemies":"Gremlin Nob","floor":14,"turns":2},{"damage":31,"enemies":"HollowMod:FalseKnight","floor":16,"turns":8},{"damage":0,"enemies":"Chosen","floor":18,"turns":3},{"damage":0,"enemies":"3 Byrds","floor":19,"turns":3},{"damage":0,"enemies":"Cultist and Chosen","floor":20,"turns":4},{"damage":0,"enemies":"Centurion and Healer","floor":21,"turns":4},{"damage":4,"enemies":"Snake Plant","floor":22,"turns":3},{"damage":0,"enemies":"Slavers","floor":23,"turns":5},{"damage":0,"enemies":"Gremlin Leader","floor":29,"turns":5},{"damage":0,"enemies":"Sentry and Sphere","floor":30,"turns":3},{"damage":0,"enemies":"Book of Stabbing","floor":31,"turns":3},{"damage":0,"enemies":"Automaton","floor":33,"turns":9},{"damage":0,"enemies":"3 Darklings","floor":35,"turns":5},{"damage":0,"enemies":"3 Shapes","floor":37,"turns":3},{"damage":0,"enemies":"Reptomancer","floor":40,"turns":5},{"damage":0,"enemies":"Transient","floor":41,"turns":5},{"damage":0,"enemies":"Nemesis","floor":42,"turns":7},{"damage":0,"enemies":"Jaw Worm Horde","floor":44,"turns":4},{"damage":0,"enemies":"Reptomancer","floor":46,"turns":5},{"damage":0,"enemies":"Maw","floor":47,"turns":6},{"damage":0,"enemies":"Awakened One","floor":50,"turns":9}],"seed_played":"6660539244144664861","potions_obtained":[{"floor":2,"key":"Fire Potion"},{"floor":4,"key":"Swift Potion"},{"floor":10,"key":"Fire Potion"},{"floor":29,"key":"Block Potion"},{"floor":30,"key":"Energy Potion"},{"floor":37,"key":"Fire Potion"}],"is_trial":false,"path_per_floor":["M","M","M","M","?","R","M","R","T","M","M","E","M","E","R","B",null,"M","M","M","M","M","E","?","R","T","$","?","E","M","E","R","B",null,"M","?","M","$","?","E","M","E","T","M","R","E","M","$","R","B",null,null],"character_chosen":"THE_BUGKNIGHT","items_purchased":["Anchor","Shuriken","HollowMod:IsmasTear","Sling"],"campfire_rested":0,"item_purchase_floors":[27,27,38,48],"current_hp_per_floor":[74,74,75,75,75,75,72,72,72,75,75,75,75,75,75,55,82,82,82,82,82,82,82,82,82,82,82,82,82,82,82,82,82,82,82,82,82,82,82,82,82,82,92,92,92,92,92,92,92,92,92],"gold":141,"neow_bonus":"UPGRADE_CARD","is_daily":false,"chose_seed":false,"campfire_upgraded":7,"win_rate":0.0,"timestamp":1611751752,"path_taken":["M","M","M","M","?","R","M","R","T","M","M","E","M","E","R","BOSS","M","M","M","M","M","E","?","R","T","$","?","E","M","E","R","BOSS","M","?","M","$","?","E","M","E","T","M","R","E","M","$","R","BOSS"],"items_purchased_type":["Relic","Relic","Relic","Relic"],"build_version":"2020-12-22","purchased_purges":1,"victory":true,"max_hp_per_floor":[75,75,75,75,75,75,75,75,75,75,75,75,75,75,75,75,82,82,82,82,82,82,82,82,82,82,82,82,82,82,82,82,82,82,82,82,82,82,82,82,82,82,92,92,92,92,92,92,92,92,92],"card_choices":[{"not_picked":["HollowMod:CornifersMapStart","HollowMod:LuriensSpire"],"picked":"Bomb","floor":1},{"not_picked":["Bomb","HollowMod:DashSlash"],"picked":"HollowMod:Weaversong","floor":2},{"not_picked":["HollowMod:CornifersMapStart","HollowMod:DescendingDark","HollowMod:MonomonsArchive"],"picked":"SKIP","floor":3},{"not_picked":["HollowMod:SharpenedShadows","HollowMod:SiblingsSouls","HollowMod:LifebloodCocoon"],"picked":"SKIP","floor":4},{"not_picked":["HollowMod:SoulStrike","HollowMod:TaintedHusks","HollowMod:GreatSlash"],"picked":"SKIP","floor":7},{"not_picked":["HollowMod:SoulSplash","HollowMod:SharpenedShadows","HollowMod:ChannelNail"],"picked":"SKIP","floor":10},{"not_picked":["HollowMod:DoubleDash","HollowMod:PaleKingsBlessing","HollowMod:HeavyBlow"],"picked":"SKIP","floor":11},{"not_picked":["HollowMod:CrystalDash","HollowMod:LifebloodCocoon","HollowMod:BlackTendrils"],"picked":"SKIP","floor":12},{"not_picked":["HollowMod:BlackTendrils","HollowMod:SoulSplash"],"picked":"HollowMod:CloakDash","floor":14},{"not_picked":["HollowMod:PaleKingsBlessing","HollowMod:WhiteLadysBlessing"],"picked":"HollowMod:LifebloodCore","floor":16},{"not_picked":["HollowMod:WraithStrike+1","HollowMod:InfectedCysts","HollowMod:ShadowDash"],"picked":"SKIP","floor":18},{"not_picked":["HollowMod:NewJinnsSoul","HollowMod:Grubsong","HollowMod:HuntersJournal"],"picked":"SKIP","floor":19},{"not_picked":["HollowMod:TaintedHusks","HollowMod:VengefulVoid"],"picked":"HollowMod:LifebloodCore","floor":20},{"not_picked":["HollowMod:LuriensSpire+1","HollowMod:AbyssShriek+1","HollowMod:SoulStrike"],"picked":"SKIP","floor":21},{"not_picked":["HollowMod:SoulStrike","HollowMod:MawleksShell+1"],"picked":"HollowMod:DashSlash+1","floor":22},{"not_picked":["HollowMod:ChannelNail","HollowMod:HeavyBlow+1"],"picked":"HollowMod:CloakDash","floor":23},{"not_picked":["HollowMod:SoulStrike+1","HollowMod:SiblingsSouls+1"],"picked":"HollowMod:ZotesMagnificence","floor":29},{"not_picked":["HollowMod:PerfectDash+1","HollowMod:SoulSplash+1","HollowMod:SoulStrike+1"],"picked":"SKIP","floor":30},{"not_picked":["HollowMod:WraithStrike","HollowMod:ShapeofUnn"],"picked":"HollowMod:DashSlash","floor":31},{"not_picked":["HollowMod:Weaversong","HollowMod:ElderbugsWisdom"],"picked":"HollowMod:SlysStrikes","floor":33},{"not_picked":["HollowMod:VengefulSpirit","HollowMod:ChannelNail+1","HollowMod:NewJinnsSoul+1"],"picked":"SKIP","floor":35},{"not_picked":["HollowMod:VengefulVoid+1","HollowMod:SoulStrike","HollowMod:HeavyBlow"],"picked":"SKIP","floor":37},{"not_picked":["HollowMod:DoubleDash+1","HollowMod:DungDefenderAura+1","HollowMod:HeavyBlow"],"picked":"SKIP","floor":40},{"not_picked":["HollowMod:CoiledNail","HollowMod:NewJinnsSoul+1","HollowMod:GoodIntentions+1"],"picked":"SKIP","floor":41},{"not_picked":["HollowMod:NewLittleFool","HollowMod:DesolateDive","HollowMod:GoodIntentions+1"],"picked":"SKIP","floor":42},{"not_picked":["HollowMod:HeavyBlow+1","HollowMod:ShadowDash+1","HollowMod:LifebloodCocoon+1"],"picked":"SKIP","floor":44},{"not_picked":["HollowMod:HornetsHelp","HollowMod:SoulSplash+1","HollowMod:FastStrike"],"picked":"SKIP","floor":46},{"not_picked":["HollowMod:SharpenedNail","HollowMod:ChannelNail+1","HollowMod:CornifersMapStart+1"],"picked":"SKIP","floor":47}],"player_experience":945432,"relics_obtained":[{"floor":1,"key":"LetterFromLob"},{"floor":9,"key":"theSenshi:SuperSailorFukuRelic"},{"floor":12,"key":"Mummified Hand"},{"floor":14,"key":"Lantern"},{"floor":23,"key":"HornCleat"},{"floor":26,"key":"Toxic Egg 2"},{"floor":29,"key":"HollowMod:LumaflyLanternRelic"},{"floor":31,"key":"AnarchistCookbook"},{"floor":40,"key":"Nunchaku"},{"floor":42,"key":"White Beast Statue"},{"floor":43,"key":"Pear"},{"floor":46,"key":"Ornamental Fan"}],"event_choices":[],"is_beta":false,"boss_relics":[{"not_picked":["HollowMod:KingsSoulRelic","Runic Dome"],"picked":"MagicMushroom"},{"not_picked":[]},{"not_picked":["Fusion Hammer","SacredBark"],"picked":"SlaversCollar"},{"not_picked":[]}],"items_purged_floors":[48],"is_endless":false,"potions_floor_spawned":[2,4,10,19,29,30,33,35,37,41,44,46,47],"ascension_level":4}}