{"host":"mmro3auxcbu5pwad","time":1611784592,"event":{"mods":["Aspiration","BaseMod","Conspire","Energized Spire","Halation","Hubris","Infinite Spire","Minty Spire (QoL Compilation)","Permanent Neow","Replay The Spire","StSLib"],"gold_per_floor":[110,122,20,40,54,54,88,106,106,124,124,143,68,80,80,183,183,202,202,202,202,28,57,57,57],"floor_reached":24,"language":"ENG","playtime":1085,"items_purged":["Strike_G"],"score":240,"play_id":"8332d3fc-2ad5-4f24-8ea8-e43bb0a06186","local_time":"20210127225632","is_ascension_mode":true,"campfire_choices":[{"floor":6.0,"key":"REST"},{"floor":15.0,"key":"REST"},{"floor":24,"key":"REST"}],"circlet_count":0,"master_deck":["Strike_G","Strike_G","Strike_G","Strike_G","Defend_G","Defend_G","Defend_G","Defend_G","Defend_G","Survivor","Neutralize","Footwork","Skewer","Poisoned Stab","Escape Plan","Escape Plan","Backflip","Poisoned Stab","Prepared","Replay:Bag of Tricks","Poisoned Stab","Leg Sweep+1"],"relics":["Fusion Hammer","Paper Crane","hubris:Zylophone","Bottled Tornado","Anchor","infinitespire:Beetle Shell"],"acts_visited":["Exordium","TheCity"],"potions_floor_usage":[],"damage_taken":[{"damage":0.0,"enemies":"Cultist","floor":1.0,"turns":4.0},{"damage":0.0,"enemies":"Jaw Worm","floor":2.0,"turns":6.0},{"damage":3.0,"enemies":"2 Louse","floor":4.0,"turns":3.0},{"damage":0.0,"enemies":"Blue Slaver","floor":5.0,"turns":3.0},{"damage":6.0,"enemies":"Lagavulin","floor":7.0,"turns":5.0},{"damage":17.0,"enemies":"3 Louse","floor":8.0,"turns":3.0},{"damage":0.0,"enemies":"Looter","floor":10.0,"turns":2.0},{"damage":1.0,"enemies":"Red Slaver","floor":12.0,"turns":3.0},{"damage":6.0,"enemies":"3 Louse","floor":14.0,"turns":5.0},{"damage":10.0,"enemies":"Slime Boss","floor":16.0,"turns":13.0},{"damage":7.0,"enemies":"3 Byrds","floor":18.0,"turns":7.0},{"damage":51.0,"enemies":"Gremlin Leader","floor":23.0,"turns":12.0}],"seed_played":"161921073318325390","potions_obtained":[{"floor":4.0,"key":"Strength Potion"},{"floor":5.0,"key":"Explosive Potion"},{"floor":8.0,"key":"ColorlessPotion"},{"floor":10.0,"key":"SkillPotion"},{"floor":18.0,"key":"Swift Potion"},{"floor":23.0,"key":"conspire:TimeTravelPotion"}],"is_trial":false,"path_per_floor":["M","M","$","M","M","R","E","M","T","M","T","M","$","M","R","B",null,"M","?","$","?","$","E","R"],"character_chosen":"THE_SILENT","items_purchased":["Poisoned Stab","Escape Plan","Anchor","Poisoned Stab"],"campfire_rested":3,"item_purchase_floors":[3,3,22,22],"current_hp_per_floor":[70,70,70,67,67,70,64,47,47,47,47,46,46,40,61,51,70,63,63,63,63,63,12,33,33],"gold":57,"neow_bonus":"BOSS_RELIC","is_daily":false,"chose_seed":false,"campfire_upgraded":0,"win_rate":0.0,"timestamp":1611784592,"path_taken":["M","M","$","?","?","R","E","M","T","M","?","M","$","M","R","BOSS","M","?","$","?","$","E","R"],"items_purchased_type":["Card","Card","Relic","Card"],"build_version":"2020-12-22","purchased_purges":1,"victory":false,"max_hp_per_floor":[70,70,70,70,70,70,70,70,70,70,70,70,70,70,70,70,70,70,70,70,70,70,70,70,70],"card_choices":[{"not_picked":["Fluid Movement","hubris:SlightOfHand"],"picked":"Footwork","floor":1.0},{"not_picked":["Dagger Spray","Dagger Throw"],"picked":"Skewer","floor":2.0},{"not_picked":["Tactician","Dagger Throw"],"picked":"Backflip","floor":4.0},{"not_picked":["Bane","Hidden Blade"],"picked":"Poisoned Stab","floor":5.0},{"not_picked":["Draining Mist","Finisher"],"picked":"Prepared","floor":7.0},{"not_picked":["PiercingWail","Eviscerate","After Image"],"picked":"SKIP","floor":8.0},{"not_picked":["ReplayTheSpireMod:Scrap Shanks","Blade Dance","Prepared"],"picked":"SKIP","floor":10.0},{"not_picked":["Dagger Spray","Outmaneuver","Terror"],"picked":"SKIP","floor":12.0},{"not_picked":["Hidden Blade","Deflect","hubris:SlightOfHand"],"picked":"SKIP","floor":14.0},{"not_picked":["Atom Bomb","Unload"],"picked":"Replay:Bag of Tricks","floor":16.0},{"not_picked":["Flechettes","Prepared+1","Dagger Throw"],"picked":"SKIP","floor":18.0},{"not_picked":["Prepared","hubris:SlightOfHand+1"],"picked":"Leg Sweep+1","floor":23.0}],"player_experience":60744,"relics_obtained":[{"floor":7.0,"key":"Paper Crane"},{"floor":9.0,"key":"hubris:Zylophone"},{"floor":11.0,"key":"Bottled Tornado"},{"floor":23.0,"key":"infinitespire:Beetle Shell"}],"event_choices":[{"damage_healed":0.0,"max_hp_gain":0.0,"max_hp_loss":0.0,"gold_gain":0.0,"event_name":"Vampires","player_choice":"Ignored","floor":19.0,"gold_loss":0.0,"damage_taken":0.0}],"is_beta":false,"boss_relics":[{"not_picked":["hubris:TerracottaHorce","Snecko Scales","energizedSpire:PogoStick"]}],"items_purged_floors":[13],"is_endless":false,"potions_floor_spawned":[4,5,8,10,18,23],"ascension_level":2}}