{"host":"8b9ba58w9pmbqmpe","time":1611782645,"event":{"mods":["BaseMod","Downfall","Minty Spire (QoL Compilation)","StSLib"],"gold_per_floor":[99,158,158,158,8,8,8,8,0,10,10,39,39,74,90,195,195,195,212,283,192,192,222,249,49,34,46,46,58,58,58,70,82,186,186,86,103,122,384,73,408,408,408,422,422,434,434,505,505,520,571,583,583,583,609,123,123,123,123,123,123],"floor_reached":59,"language":"ENG","playtime":8682,"items_purged":["Slimebound:Tackle"],"score":841,"play_id":"01fdf7da-2331-40d4-898b-d722736ac9c4","local_time":"20210127222405","is_ascension_mode":false,"campfire_choices":[{"data":"Slimebound:Split","floor":1.0,"key":"SMITH"},{"data":"Slimebound:LeadByExample","floor":11.0,"key":"SMITH"},{"data":"Slimebound:AcidTongue","floor":13.0,"key":"SMITH"},{"data":"Slimebound:FlameTackle","floor":18.0,"key":"SMITH"},{"floor":25.0,"key":"RECALL"},{"data":"Slimebound:MegaLick","floor":28.0,"key":"SMITH"},{"floor":36.0,"key":"REST"},{"floor":45,"key":"REST"},{"floor":47,"key":"REST"},{"floor":49,"key":"REST"},{"floor":57,"key":"REST"}],"circlet_count":0,"master_deck":["Slimebound:Split+1","Slimebound:CorrosiveSpit","Slimebound:PressTheAttack","Slimebound:GoopSpray","Slimebound:DouseInSlime+1","Slimebound:LeechEnergy","Slimebound:GoopSpray","Slimebound:Dissolve","Slimebound:LeadByExample+1","Slimebound:AcidTongue+1","Slimebound:ItLooksTasty","Slimebound:LeechLife","Slimebound:PrepareCrush","Slimebound:OneTwoCombo","Slimebound:FlameTackle+1","Slimebound:SlimeTap","Slimebound:Teamwork","Slimebound:SelfFormingGoo","Slimebound:SplitMire","Slimebound:RainOfGoop","Slimebound:MegaLick+1","Slimebound:MinionMaster","Slimebound:TongueLash","Slimebound:Equalize","Slimebound:ItLooksTasty+1","Slimebound:SlimeSpikes","Slimebound:HauntingLick","Slimebound:ViciousTackle","Slimebound:SlimeSlap","Slimebound:Grow+1","Slimebound:Grow+1","Slimebound:Grow+1","Slimebound:AcidTongue","Slimebound:Equalize","Slimebound:LeechingTouch","Slimebound:SpikyOuterGoop+1","Slimebound:Schlurp+1","Slimebound:SamplingLick","Slimebound:SamplingLick+1","Slimebound:SamplingLick+1","expansioncontent:DashGenerateEvil","Finesse"],"relics":["Slimebound:AbsorbEndCombat","downfall:HeartsMalice","Bag of Marbles","Mummified Hand","downfall:ShatteredFragment","Oddly Smooth Stone","TungstenRod","Slimebound:AggressiveSlimeRelic","Pandora\u0027s Box","HornCleat","Question Card","downfall:HeartBlessingGreen","downfall:HeartBlessingBlue","Fusion Hammer","downfall:HeartBlessingRed","Membership Card","Ice Cream","Old Coin","Mango","Frozen Egg 2","Kunai","Thread and Needle","Happy Flower","Blood Vial","ClockworkSouvenir","Centennial Puzzle"],"acts_visited":["Exordium","TheCity","TheBeyond","TheEnding"],"potions_floor_usage":[41,41,46,53,53,58,58,58,58,58,59],"damage_taken":[{"damage":0.0,"enemies":"Lagavulin Event","floor":2.0,"turns":1.0},{"damage":0.0,"enemies":"downfall:FleeingMerchant","floor":5.0,"turns":1.0},{"damage":0.0,"enemies":"Jaw Worm","floor":6.0,"turns":1.0},{"damage":0.0,"enemies":"downfall:FleeingMerchant","floor":9.0,"turns":4.0},{"damage":0.0,"enemies":"2 Louse","floor":10.0,"turns":2.0},{"damage":19.0,"enemies":"Gremlin Nob","floor":12.0,"turns":3.0},{"damage":5.0,"enemies":"Lagavulin","floor":14.0,"turns":6.0},{"damage":2.0,"enemies":"Cultist","floor":15.0,"turns":4.0},{"damage":6.0,"enemies":"SI_SHIV_ARCHETYPE","floor":16.0,"turns":5.0},{"damage":0.0,"enemies":"Spheric Guardian","floor":19.0,"turns":3.0},{"damage":0.0,"enemies":"downfall:FleeingMerchant","floor":21.0,"turns":4.0},{"damage":12.0,"enemies":"Gremlin Leader","floor":23.0,"turns":4.0},{"damage":4.0,"enemies":"downfall:FleeingMerchant","floor":26.0,"turns":4.0},{"damage":0.0,"enemies":"3 Byrds","floor":27.0,"turns":3.0},{"damage":14.0,"enemies":"Shelled Parasite and Fungi","floor":29.0,"turns":4.0},{"damage":12.0,"enemies":"Sentry and Sphere","floor":32.0,"turns":4.0},{"damage":4.0,"enemies":"Cultist and Chosen","floor":33.0,"turns":3.0},{"damage":38.0,"enemies":"IC_MUSHROOM_ARCHETYPE","floor":34.0,"turns":5.0},{"damage":0.0,"enemies":"Orb Walker","floor":37.0,"turns":2.0},{"damage":11.0,"enemies":"3 Darklings","floor":38.0,"turns":4.0},{"damage":0.0,"enemies":"downfall:FleeingMerchant","floor":39.0,"turns":1.0},{"damage":25,"enemies":"Nemesis","floor":41,"turns":7},{"damage":2,"enemies":"Sphere and 2 Shapes","floor":44,"turns":3},{"damage":28,"enemies":"Writhing Mass","floor":46,"turns":4},{"damage":11,"enemies":"Spire Growth","floor":50,"turns":4},{"damage":15,"enemies":"2 Orb Walkers","floor":51,"turns":3},{"damage":0,"enemies":"Transient","floor":52,"turns":5},{"damage":69,"enemies":"DF_ARCHETYPE_ORBS","floor":53,"turns":8},{"damage":88,"enemies":"downfall:CharBossMerchant","floor":55,"turns":8},{"damage":45,"enemies":"downfall:NeowBoss","floor":58,"turns":13},{"damage":112,"enemies":"downfall:NeowBossFinal","floor":59,"turns":5}],"seed_played":"156789012842175304","potions_obtained":[{"floor":2.0,"key":"Ancient Potion"},{"floor":12.0,"key":"Swift Potion"},{"floor":16.0,"key":"LiquidBronze"},{"floor":27.0,"key":"Energy Potion"},{"floor":29.0,"key":"LiquidMemories"},{"floor":32.0,"key":"DuplicationPotion"},{"floor":33.0,"key":"Regen Potion"},{"floor":34.0,"key":"SpeedPotion"},{"floor":41,"key":"Energy Potion"},{"floor":50,"key":"Slimebound:SlimyTonguePotion"},{"floor":52,"key":"Weak Potion"}],"is_trial":false,"path_per_floor":["R","?","T","?","$","M","T","?","$","M","R","E","R","E","M","B",null,"R","M","T","$","?","E","T","R","$","M","R","M","?","M","M","M","B",null,"R","M","M","$","$","E","T","T","M","R","M","R","T","R","M","?","M","B",null,"E","$","R","B","B"],"character_chosen":"SLIMEBOUND","items_purchased":["Slimebound:DouseInSlime","Slimebound:MegaLick","Slimebound:AcidTongue","Membership Card","Ice Cream","expansioncontent:DashGenerateEvil","EntropicBrew","AttackPotion","Blood Vial","ClockworkSouvenir","Centennial Puzzle","Finesse"],"campfire_rested":5,"item_purchase_floors":[5,21,39,40,40,56,56,56,56,56,56,56],"current_hp_per_floor":[65,65,65,47,47,47,47,47,55,59,59,44,44,47,47,47,65,65,65,65,65,65,57,57,67,75,75,75,65,65,65,63,75,51,75,75,75,74,75,75,62,76,76,82,89,89,89,89,89,82,89,89,89,89,39,39,65,89,0,0,0],"gold":123,"neow_bonus":"THREE_ENEMY_KILL","is_daily":false,"chose_seed":false,"campfire_upgraded":5,"win_rate":0.0,"timestamp":1611782645,"path_taken":["R","?","?","?","?","?","T","?","$","M","R","E","R","E","M","BOSS","R","M","?","$","?","E","T","R","$","?","R","M","?","M","M","M","BOSS","R","M","M","?","$","E","T","T","M","R","M","R","?","R","M","?","M","BOSS","E","$","R","BOSS","BOSS"],"items_purchased_type":["Card","Card","Card","Relic","Relic","Card","Potion","Potion","Relic","Relic","Relic","Card"],"build_version":"2020-12-22","purchased_purges":1,"victory":false,"max_hp_per_floor":[65,65,65,65,65,65,65,65,65,65,65,65,65,65,65,65,65,65,65,65,65,65,65,65,75,75,75,75,75,75,75,75,75,75,75,75,75,75,75,75,75,89,89,89,89,89,89,89,89,89,89,89,89,89,89,89,89,89,89,89,89],"card_choices":[{"not_picked":["Slimebound:ForwardTackle","Slimebound:AcidTongue"],"picked":"Slimebound:PressTheAttack","floor":2.0},{"not_picked":["Slimebound:SamplingLick","Slimebound:HauntingLick"],"picked":"Slimebound:GoopSpray","floor":5.0},{"not_picked":["Slimebound:SplitAcid","Slimebound:Chomp"],"picked":"Slimebound:LeechEnergy","floor":6.0},{"not_picked":["Slimebound:RollThrough","Slimebound:Nibble"],"picked":"Slimebound:Dissolve","floor":9.0},{"not_picked":["Slimebound:GrowthPunch","Slimebound:GoopTackle"],"picked":"Slimebound:LeadByExample","floor":10.0},{"not_picked":["Slimebound:GoopSpray","Slimebound:LeechingTouch"],"picked":"Slimebound:AcidTongue","floor":12.0},{"not_picked":["Slimebound:HauntingLick","Slimebound:LeadByExample"],"picked":"Slimebound:ItLooksTasty","floor":14.0},{"not_picked":["Slimebound:RollThrough","Slimebound:SplitBruiser"],"picked":"Slimebound:LeechLife","floor":15.0},{"not_picked":["Slimebound:WasteNot","Slimebound:Overexert"],"picked":"Slimebound:PrepareCrush","floor":16.0},{"not_picked":["Slimebound:SamplingLick","Slimebound:GoopSpray"],"picked":"Slimebound:SplitMire","floor":19.0},{"not_picked":["Slimebound:LeechLife","Slimebound:SlimeBrawl"],"picked":"Slimebound:RainOfGoop","floor":21.0},{"not_picked":["Slimebound:LeechEnergy+1","Slimebound:ItLooksTasty"],"picked":"Slimebound:MinionMaster","floor":23.0},{"not_picked":["Slimebound:Dissolve","Slimebound:Replication+1","Slimebound:GoopTackle"],"picked":"Slimebound:TongueLash","floor":26.0},{"not_picked":["Slimebound:PressTheAttack","Slimebound:ForwardTackle","Slimebound:SlimeBarrage+1"],"picked":"Slimebound:Equalize","floor":27.0},{"not_picked":["Slimebound:SlimeBarrage","Slimebound:SplitLeeching","Slimebound:SplitAcid"],"picked":"Slimebound:ItLooksTasty+1","floor":29.0},{"not_picked":["Slimebound:SlimeTap+1","Slimebound:GrowthPunch","Slimebound:SplitAcid+1"],"picked":"Slimebound:HauntingLick","floor":32.0},{"not_picked":["Slimebound:LeechingTouch","Slimebound:SplitMire","Slimebound:SplitAcid"],"picked":"Slimebound:ViciousTackle","floor":33.0},{"not_picked":["Slimebound:Teamwork","Slimebound:OneTwoCombo","Slimebound:DuplicatedForm"],"picked":"Slimebound:SlimeSlap","floor":34.0},{"not_picked":["Slimebound:HauntingLick","Slimebound:GoopTackle+1","Slimebound:SplitLeeching+1"],"picked":"Slimebound:Grow+1","floor":37.0},{"not_picked":["Slimebound:LeechEnergy","Slimebound:Nibble","Slimebound:SlimeBrawl+1"],"picked":"Slimebound:Grow+1","floor":38.0},{"not_picked":["Slimebound:LivingWall","Slimebound:SplitLeeching+1","Slimebound:LeechingTouch"],"picked":"Slimebound:Grow+1","floor":39.0},{"not_picked":["Slimebound:SplitBruiser+1","Slimebound:ForwardTackle+1","Slimebound:ItLooksTasty"],"picked":"Slimebound:Equalize","floor":41},{"not_picked":["Slimebound:LeechEnergy","Slimebound:LivingWall+1","Slimebound:PressTheAttack"],"picked":"Slimebound:LeechingTouch","floor":44},{"not_picked":["Slimebound:BestDefense+1","Slimebound:GoopTackle","Slimebound:SlimeSpikes+1"],"picked":"Slimebound:SpikyOuterGoop+1","floor":46},{"not_picked":["Slimebound:Teamwork","Slimebound:Replication+1","Slimebound:FinishingTackle+1"],"picked":"Slimebound:Schlurp+1","floor":50},{"not_picked":["Slimebound:LeechingTouch+1","Slimebound:RollThrough+1","Slimebound:SplitBruiser+1"],"picked":"Slimebound:SamplingLick","floor":51},{"not_picked":["Slimebound:Prepare","Slimebound:FormOfPuddle","Slimebound:LivingWall"],"picked":"Slimebound:SamplingLick+1","floor":52},{"not_picked":["Slimebound:RallyTheTroops","Slimebound:ComboTackle+1","Slimebound:ItLooksTasty"],"picked":"Slimebound:SamplingLick+1","floor":55}],"player_experience":257614,"relics_obtained":[{"floor":2.0,"key":"Bag of Marbles"},{"floor":3.0,"key":"Mummified Hand"},{"floor":7.0,"key":"Oddly Smooth Stone"},{"floor":12.0,"key":"TungstenRod"},{"floor":14.0,"key":"Slimebound:AggressiveSlimeRelic"},{"floor":20.0,"key":"HornCleat"},{"floor":23.0,"key":"Question Card"},{"floor":41,"key":"Old Coin"},{"floor":42,"key":"Mango"},{"floor":43,"key":"Frozen Egg 2"},{"floor":48,"key":"Kunai"},{"floor":51,"key":"Thread and Needle"},{"floor":55,"key":"Happy Flower"}],"event_choices":[{"damage_healed":0.0,"max_hp_gain":0.0,"max_hp_loss":0.0,"gold_gain":0.0,"event_name":"Accursed Blacksmith","player_choice":"Forge","floor":22.0,"gold_loss":0.0,"damage_taken":0.0,"cards_upgraded":["Slimebound:DouseInSlime"]},{"damage_healed":0,"gold_gain":0,"player_choice":"Fight","damage_taken":0,"max_hp_gain":0,"max_hp_loss":0,"event_name":"Mysterious Sphere","floor":51,"gold_loss":0}],"is_beta":false,"boss_relics":[{"not_picked":["Runic Dome","SlaversCollar"],"picked":"Pandora\u0027s Box"},{"not_picked":["Velvet Choker","Slimebound:AbsorbEndCombatUpgraded"],"picked":"Fusion Hammer"}],"items_purged_floors":[56],"is_endless":false,"potions_floor_spawned":[2,12,16,27,29,32,33,34,41,50,52],"killed_by":"downfall:NeowBossFinal","ascension_level":0}}