{"host":"6xsbn6ynqlzwllfm","time":1611763998,"event":{"mods":["2.2 Compatiblity","BaseMod","Bestiary","Colored Map","Colored Powertips","Curses Come First","Highlight Path","Keyboard Shortcuts","Minty Spire (QoL Compilation)","Relic Stats","Slay the Relics Exporter","StSLib","SuperFastMode"],"gold_per_floor":[363,374,38,38,58,84,84,103,103,129,145,145,173,186,186,286,286,301,320,59,25,38,65,85,85,85,96,124,124,124,154,154,252,252,267,35,52,64,64,64,97,112,136,136,154,173,19,53,53,53,53,53,53,86,86],"floor_reached":56,"language":"ENG","playtime":3896,"items_purged":["Strike_P","Strike_P"],"score":1741,"play_id":"e004d53b-ae54-433f-bc75-7e44b0f181a4","local_time":"20210127111318","is_ascension_mode":true,"campfire_choices":[{"data":"Fasting2","floor":7,"key":"SMITH"},{"floor":12,"key":"REST"},{"data":"Ragnarok","floor":15,"key":"SMITH"},{"data":"Omniscience","floor":25,"key":"SMITH"},{"floor":32,"key":"REST"},{"data":"Vault","floor":40,"key":"SMITH"},{"floor":49,"key":"RECALL"},{"data":"ThirdEye","floor":52,"key":"SMITH"}],"circlet_count":0,"master_deck":["Strike_P","Defend_P","Defend_P","Defend_P","Defend_P","Eruption","Vigilance","CrushJoints","EmptyFist","Fasting2+1","WheelKick","Ragnarok+1","MentalFortress","SandsOfTime","Consecrate","Swivel","Vengeance","ThirdEye+1","Omniscience+1","Adaptation+1","DeceiveReality","JustLucky","Blasphemy","LikeWater","Wallop+1","FlurryOfBlows","Protect+1","Vault+1","CarveReality+1","Omniscience","CutThroughFate+1","Worship+1","Wallop+1","BowlingBash"],"relics":["PureWater","OrangePellets","Mercury Hourglass","StrikeDummy","White Beast Statue","Darkstone Periapt","Bottled Flame","Black Star","Nunchaku","Matryoshka","Tiny Chest","Blood Vial","Pantograph","Gremlin Horn","Bag of Marbles","HornCleat","Bronze Scales","SacredBark","Lantern","Happy Flower","TeardropLocket","Oddly Smooth Stone","Anchor","Potion Belt","Art of War","Torii","Sundial","Ice Cream"],"acts_visited":["Exordium","TheCity","TheBeyond","TheEnding"],"potions_floor_usage":[16,19,19,23,27,28,28,33,33,37,41,46,50,50,55,55,55],"damage_taken":[{"damage":5.0,"enemies":"2 Louse","floor":1.0,"turns":4.0},{"damage":1.0,"enemies":"Cultist","floor":2.0,"turns":3.0},{"damage":2.0,"enemies":"Jaw Worm","floor":5.0,"turns":2.0},{"damage":5,"enemies":"Lagavulin","floor":6,"turns":6},{"damage":1,"enemies":"Looter","floor":8,"turns":3},{"damage":16,"enemies":"Gremlin Nob","floor":10,"turns":3},{"damage":0,"enemies":"Lots of Slimes","floor":11,"turns":2},{"damage":0,"enemies":"Lagavulin","floor":13,"turns":3},{"damage":0,"enemies":"3 Louse","floor":14,"turns":2},{"damage":21,"enemies":"Hexaghost","floor":16,"turns":5},{"damage":10,"enemies":"2 Thieves","floor":18,"turns":2},{"damage":0,"enemies":"Spheric Guardian","floor":19,"turns":3},{"damage":6,"enemies":"Shelled Parasite and Fungi","floor":22,"turns":4},{"damage":3,"enemies":"Gremlin Leader","floor":23,"turns":3},{"damage":0,"enemies":"Snecko","floor":24,"turns":3},{"damage":26,"enemies":"Centurion and Healer","floor":27,"turns":3},{"damage":7,"enemies":"Slavers","floor":28,"turns":2},{"damage":13,"enemies":"Book of Stabbing","floor":31,"turns":7},{"damage":10,"enemies":"Automaton","floor":33,"turns":6},{"damage":0,"enemies":"Orb Walker","floor":35,"turns":2},{"damage":0,"enemies":"3 Darklings","floor":37,"turns":1},{"damage":0,"enemies":"Maw","floor":38,"turns":5},{"damage":0,"enemies":"Reptomancer","floor":41,"turns":1},{"damage":1,"enemies":"Jaw Worm Horde","floor":42,"turns":3},{"damage":8,"enemies":"4 Shapes","floor":45,"turns":3},{"damage":0,"enemies":"Maw","floor":46,"turns":4},{"damage":0,"enemies":"Giant Head","floor":48,"turns":5},{"damage":19,"enemies":"Time Eater","floor":50,"turns":8},{"damage":0,"enemies":"Shield and Spear","floor":54,"turns":1},{"damage":70,"enemies":"The Heart","floor":55,"turns":6}],"seed_played":"-248295360340945269","potions_obtained":[{"floor":1.0,"key":"Regen Potion"},{"floor":6,"key":"Energy Potion"},{"floor":10,"key":"FairyPotion"},{"floor":11,"key":"PowerPotion"},{"floor":13,"key":"Strength Potion"},{"floor":14,"key":"Fire Potion"},{"floor":16,"key":"GamblersBrew"},{"floor":18,"key":"Strength Potion"},{"floor":19,"key":"BottledMiracle"},{"floor":22,"key":"PowerPotion"},{"floor":23,"key":"SteroidPotion"},{"floor":24,"key":"LiquidMemories"},{"floor":27,"key":"Weak Potion"},{"floor":28,"key":"EssenceOfSteel"},{"floor":31,"key":"EssenceOfSteel"},{"floor":33,"key":"Ancient Potion"},{"floor":35,"key":"SkillPotion"},{"floor":37,"key":"Weak Potion"},{"floor":38,"key":"ColorlessPotion"},{"floor":41,"key":"SpeedPotion"},{"floor":45,"key":"BottledMiracle"},{"floor":46,"key":"Regen Potion"},{"floor":48,"key":"ColorlessPotion"},{"floor":54,"key":"AttackPotion"}],"is_trial":false,"path_per_floor":["M","M","$","?","M","E","R","M","T","E","M","R","E","M","R","B",null,"M","M","$","$","M","E","M","R","T","M","E","?","?","E","R","B",null,"M","$","M","M","T","R","E","M","T","?","M","M","$","E","R","B",null,"R","$","E","B",null],"character_chosen":"WATCHER","items_purchased":["OrangePellets","Fasting2","WheelKick","JustLucky","Blasphemy","LikeWater","Lantern","Regen Potion","Potion Belt"],"campfire_rested":2,"item_purchase_floors":[3,3,3,20,20,21,36,36,47],"current_hp_per_floor":[42,41,41,41,39,34,34,33,33,17,17,38,38,38,38,17,58,48,48,48,48,42,39,39,39,39,15,10,23,23,12,35,52,71,73,73,75,77,77,77,77,76,76,76,69,71,71,73,73,58,72,72,72,74,61],"gold":86,"neow_bonus":"TWO_FIFTY_GOLD","is_daily":false,"chose_seed":false,"campfire_upgraded":5,"win_rate":0.0,"timestamp":1611763998,"path_taken":["M","M","$","?","M","E","R","M","T","E","M","R","E","M","R","BOSS","M","?","?","$","M","E","M","R","T","M","E","?","?","E","R","BOSS","M","$","M","?","?","R","E","M","T","?","?","M","?","E","R","BOSS","R","$","E","BOSS"],"items_purchased_type":["Relic","Card","Card","Card","Card","Card","Relic","Potion","Relic"],"build_version":"2020-12-22","purchased_purges":2,"victory":true,"max_hp_per_floor":[72,72,72,72,72,72,72,72,72,72,72,72,72,72,72,72,72,72,72,72,72,72,72,72,72,72,72,72,77,77,77,77,77,77,77,77,77,77,77,77,77,77,77,77,77,77,77,77,77,77,77,77,77,77,77],"relic_stats":{"Darkstone Periapt":0,"Gremlin Horn":[9,11],"Happy Flower":[10],"Torii":52,"counters":[30,105],"Mercury Hourglass":[368],"Blood Vial":21,"OrangePellets":[33],"Nunchaku":[13],"Sundial":[0],"Pantograph":32,"Bronze Scales":[165],"Tiny Chest":1,"Black Star":6,"Art of War":[0],"obtain_stats":[{"Darkstone Periapt":10,"Ice Cream":54,"Lantern":36,"Gremlin Horn":28,"Torii":48,"SacredBark":34,"TeardropLocket":39,"Blood Vial":26,"Nunchaku":23,"Matryoshka":23,"HornCleat":31,"Sundial":54,"Pantograph":28,"Tiny Chest":26,"Potion Belt":47,"Happy Flower":39,"Oddly Smooth Stone":41,"White Beast Statue":9,"Mercury Hourglass":4,"OrangePellets":3,"Bottled Flame":13,"Anchor":41,"Bronze Scales":31,"Black Star":17,"Bag of Marbles":30,"Art of War":48,"PureWater":0,"StrikeDummy":6},{"Darkstone Periapt":6,"Ice Cream":29,"Lantern":20,"Gremlin Horn":17,"Torii":27,"SacredBark":19,"TeardropLocket":22,"Blood Vial":15,"Nunchaku":14,"Matryoshka":14,"HornCleat":18,"Sundial":29,"Pantograph":17,"Tiny Chest":15,"Potion Belt":26,"Happy Flower":22,"Oddly Smooth Stone":23,"White Beast Statue":5,"Mercury Hourglass":2,"OrangePellets":2,"Bottled Flame":8,"Anchor":23,"Bronze Scales":18,"Black Star":10,"Bag of Marbles":17,"Art of War":27,"PureWater":0,"StrikeDummy":4},{"Darkstone Periapt":21,"Ice Cream":99,"Lantern":68,"Gremlin Horn":53,"Torii":90,"SacredBark":66,"TeardropLocket":74,"Blood Vial":48,"Nunchaku":45,"Matryoshka":45,"HornCleat":60,"Sundial":99,"Pantograph":53,"Tiny Chest":48,"Potion Belt":85,"Happy Flower":74,"Oddly Smooth Stone":75,"White Beast Statue":18,"Mercury Hourglass":7,"OrangePellets":7,"Bottled Flame":26,"Anchor":75,"Bronze Scales":60,"Black Star":33,"Bag of Marbles":53,"Art of War":90,"PureWater":0,"StrikeDummy":15}]},"card_choices":[{"not_picked":["CarveReality","Wireheading"],"picked":"CrushJoints","floor":1.0},{"not_picked":["Crescendo","Prostrate"],"picked":"EmptyFist","floor":2.0},{"not_picked":["Meditate","InnerPeace"],"picked":"Ragnarok","floor":5.0},{"not_picked":["PathToVictory","Halt"],"picked":"MentalFortress","floor":6},{"not_picked":["SignatureMove","Pray"],"picked":"SandsOfTime","floor":8},{"not_picked":["Worship","Vengeance"],"picked":"Consecrate","floor":10},{"not_picked":["LikeWater","FlyingSleeves"],"picked":"Swivel","floor":11},{"not_picked":["Sanctity","Halt"],"picked":"Vengeance","floor":13},{"not_picked":["EmptyBody","Prostrate"],"picked":"ThirdEye","floor":14},{"not_picked":["LessonLearned","Devotion"],"picked":"Omniscience","floor":16},{"not_picked":["Prostrate","SandsOfTime"],"picked":"Adaptation+1","floor":18},{"not_picked":["FlyingSleeves","EmptyBody+1"],"picked":"DeceiveReality","floor":19},{"not_picked":["ThirdEye","Wireheading"],"picked":"Wallop+1","floor":22},{"not_picked":["JustLucky","ThirdEye"],"picked":"FlurryOfBlows","floor":23},{"not_picked":["EmptyFist","FollowUp"],"picked":"Protect+1","floor":24},{"not_picked":["SandsOfTime","FlurryOfBlows"],"picked":"Vault","floor":27},{"not_picked":["EmptyBody","Halt+1"],"picked":"CarveReality+1","floor":31},{"not_picked":["Establishment","Alpha"],"picked":"Omniscience","floor":33},{"not_picked":["ThirdEye","Nirvana"],"picked":"CutThroughFate+1","floor":35},{"not_picked":["Consecrate+1","Halt+1"],"picked":"Worship+1","floor":37},{"not_picked":["Evaluate","Prostrate+1"],"picked":"Wallop+1","floor":38},{"not_picked":["FearNoEvil","Indignation+1","Protect+1"],"picked":"SKIP","floor":41},{"not_picked":["Wireheading","TalkToTheHand","Protect+1"],"picked":"SKIP","floor":42},{"not_picked":["SignatureMove","Prostrate+1","WheelKick"],"picked":"SKIP","floor":46}],"player_experience":1155511,"relics_obtained":[{"floor":6,"key":"StrikeDummy"},{"floor":9,"key":"White Beast Statue"},{"floor":10,"key":"Darkstone Periapt"},{"floor":13,"key":"Bottled Flame"},{"floor":23,"key":"Nunchaku"},{"floor":23,"key":"Matryoshka"},{"floor":26,"key":"Tiny Chest"},{"floor":26,"key":"Blood Vial"},{"floor":28,"key":"Pantograph"},{"floor":28,"key":"Gremlin Horn"},{"floor":30,"key":"Bag of Marbles"},{"floor":31,"key":"HornCleat"},{"floor":31,"key":"Bronze Scales"},{"floor":39,"key":"Happy Flower"},{"floor":39,"key":"TeardropLocket"},{"floor":41,"key":"Oddly Smooth Stone"},{"floor":41,"key":"Anchor"},{"floor":48,"key":"Art of War"},{"floor":48,"key":"Torii"},{"floor":54,"key":"Sundial"},{"floor":54,"key":"Ice Cream"}],"event_choices":[{"damage_healed":0.0,"max_hp_gain":0.0,"max_hp_loss":0.0,"gold_gain":0.0,"event_name":"WeMeetAgain","player_choice":"Gave Potion","floor":4.0,"gold_loss":0.0,"damage_taken":0.0,"relics_obtained":["Mercury Hourglass"]},{"damage_healed":0,"gold_gain":0,"player_choice":"Shed Blood","damage_taken":18,"max_hp_gain":5,"max_hp_loss":0,"event_name":"Forgotten Altar","floor":29,"gold_loss":0},{"damage_healed":0,"gold_gain":0,"player_choice":"Relic","damage_taken":0,"max_hp_gain":0,"max_hp_loss":0,"event_name":"Wheel of Change","floor":30,"gold_loss":0},{"damage_healed":0,"gold_gain":0,"cards_transformed":["Strike_P"],"player_choice":"Transformed","damage_taken":0,"max_hp_gain":0,"max_hp_loss":0,"event_name":"Transmorgrifier","floor":44,"gold_loss":0,"cards_obtained":["BowlingBash"]}],"is_beta":false,"boss_relics":[{"not_picked":["Astrolabe","Busted Crown"],"picked":"Black Star"},{"not_picked":["Snecko Eye","Fusion Hammer"],"picked":"SacredBark"}],"items_purged_floors":[3,20],"is_endless":false,"potions_floor_spawned":[1,6,10,11,13,14,16,18,19,22,23,24,27,28,31,33,35,37,38,41,42,45,46,48,54],"ascension_level":6}}