{"host":"1z4hbl9vfqrhg136","time":1611710740,"event":{"mods":["BaseMod","Minty Spire (QoL Compilation)"],"gold_per_floor":[119,132,132,144,155,155,185,185,210,210,80,110,145,165,165,236,236,248,112,37,56,56,56,68,26,26,60,60,87,37,70,70,70,70],"floor_reached":33,"language":"ENG","playtime":3540,"items_purged":["Defend_G","Strike_G","Strike_G"],"score":672,"play_id":"bccea704-724d-49cb-b9c3-764f4463aa98","local_time":"20210127012540","is_ascension_mode":true,"campfire_choices":[{"data":"Neutralize","floor":6.0,"key":"SMITH"},{"floor":8.0,"key":"REST"},{"data":"Cloak And Dagger","floor":10.0,"key":"SMITH"},{"data":"Backstab","floor":15.0,"key":"SMITH"},{"floor":23.0,"key":"REST"},{"floor":28.0,"key":"REST"},{"data":"Survivor","floor":32.0,"key":"SMITH"}],"circlet_count":0,"master_deck":["AscendersBane","Strike_G","Strike_G","Strike_G","Defend_G","Defend_G","Defend_G","Survivor+1","Neutralize+1","Backstab+1","Dagger Throw","Dodge and Roll","Cloak And Dagger+1","After Image","Noxious Fumes","Footwork","Calculated Gamble","Cloak And Dagger","Malaise","Slice","Flechettes","Slice+1","Catalyst","Storm of Steel","Concentrate","Predator+1","PiercingWail","All Out Attack+1"],"relics":["Ring of the Snake","Nunchaku","Regal Pillow","Smiling Mask","Odd Mushroom","Toy Ornithopter","Runic Pyramid","Molten Egg 2","Boot","Lizard Tail","Pear"],"acts_visited":["Exordium","TheCity"],"potions_floor_usage":[33],"damage_taken":[{"damage":3.0,"enemies":"2 Louse","floor":1.0,"turns":4.0},{"damage":1.0,"enemies":"Small Slimes","floor":2.0,"turns":3.0},{"damage":0.0,"enemies":"Jaw Worm","floor":4.0,"turns":3.0},{"damage":3.0,"enemies":"Blue Slaver","floor":5.0,"turns":6.0},{"damage":28.0,"enemies":"Gremlin Nob","floor":7.0,"turns":4.0},{"damage":7.0,"enemies":"The Mushroom Lair","floor":12.0,"turns":4.0},{"damage":0.0,"enemies":"Lagavulin","floor":13.0,"turns":8.0},{"damage":9.0,"enemies":"3 Louse","floor":14.0,"turns":6.0},{"damage":52.0,"enemies":"Slime Boss","floor":16.0,"turns":14.0},{"damage":11.0,"enemies":"3 Byrds","floor":18.0,"turns":6.0},{"damage":19.0,"enemies":"Shell Parasite","floor":21.0,"turns":5.0},{"damage":0.0,"enemies":"Chosen and Byrds","floor":24.0,"turns":8.0},{"damage":39.0,"enemies":"Gremlin Leader","floor":27.0,"turns":11.0},{"damage":29.0,"enemies":"Slavers","floor":29.0,"turns":6.0},{"damage":8.0,"enemies":"Book of Stabbing","floor":31.0,"turns":7.0},{"damage":98,"enemies":"Automaton","floor":33,"turns":14}],"seed_played":"-569835287355202558","potions_obtained":[{"floor":1.0,"key":"EntropicBrew"},{"floor":5.0,"key":"Strength Potion"},{"floor":12.0,"key":"SkillPotion"},{"floor":14.0,"key":"Block Potion"},{"floor":24.0,"key":"DuplicationPotion"},{"floor":29.0,"key":"Strength Potion"}],"is_trial":false,"path_per_floor":["M","M","?","M","M","R","E","R","T","R","$","?","E","M","R","B",null,"M","$","?","M","?","R","M","$","T","E","R","E","$","E","R","B"],"character_chosen":"THE_SILENT","items_purchased":["Noxious Fumes","Flechettes","Concentrate"],"campfire_rested":3,"item_purchase_floors":[11,19,25],"current_hp_per_floor":[56,55,60,60,57,57,29,65,65,65,65,58,58,49,49,2,54,43,43,43,24,24,60,60,60,60,26,62,33,33,40,40,0,0],"gold":70,"neow_bonus":"RANDOM_COMMON_RELIC","is_daily":false,"chose_seed":false,"campfire_upgraded":4,"win_rate":0.0,"timestamp":1611710740,"path_taken":["M","M","?","M","M","R","E","R","T","R","$","?","E","M","R","BOSS","M","$","?","M","?","R","M","?","T","E","R","E","?","E","R","BOSS"],"items_purchased_type":["Card","Card","Card"],"build_version":"2020-12-22","purchased_purges":3,"victory":false,"max_hp_per_floor":[66,66,71,71,71,71,71,71,71,71,71,71,71,71,71,71,71,71,71,71,71,71,71,71,71,71,71,71,71,71,81,81,81,81],"card_choices":[{"not_picked":["Cloak And Dagger","Flying Knee"],"picked":"Backstab","floor":1.0},{"not_picked":["Acrobatics","Sucker Punch"],"picked":"Dagger Throw","floor":2.0},{"not_picked":["Setup","Riddle With Holes"],"picked":"Dodge and Roll","floor":4.0},{"not_picked":["Deadly Poison","Bane"],"picked":"Cloak And Dagger","floor":5.0},{"not_picked":["Prepared","Concentrate"],"picked":"After Image","floor":7.0},{"not_picked":["Dagger Throw","Deadly Poison"],"picked":"Footwork","floor":12.0},{"not_picked":["Sucker Punch","Dodge and Roll"],"picked":"Calculated Gamble","floor":13.0},{"not_picked":["Sucker Punch","Prepared"],"picked":"Cloak And Dagger","floor":14.0},{"not_picked":["Storm of Steel","Tools of the Trade"],"picked":"Malaise","floor":16.0},{"not_picked":["Dagger Throw","Bane"],"picked":"Slice","floor":18.0},{"not_picked":["Backstab","Dodge and Roll"],"picked":"Slice+1","floor":21.0},{"not_picked":["Endless Agony","Dagger Spray"],"picked":"Storm of Steel","floor":24.0},{"not_picked":["Accuracy","Cloak And Dagger"],"picked":"Predator+1","floor":27.0},{"not_picked":["Dagger Throw+1","Flechettes+1"],"picked":"PiercingWail","floor":29.0},{"not_picked":["Endless Agony+1","Finisher+1"],"picked":"All Out Attack+1","floor":31.0}],"player_experience":1914698,"relics_obtained":[{"floor":7.0,"key":"Regal Pillow"},{"floor":9.0,"key":"Smiling Mask"},{"floor":12.0,"key":"Odd Mushroom"},{"floor":13.0,"key":"Toy Ornithopter"},{"floor":26.0,"key":"Molten Egg 2"},{"floor":27.0,"key":"Boot"},{"floor":29.0,"key":"Lizard Tail"},{"floor":31.0,"key":"Pear"}],"event_choices":[{"damage_healed":0.0,"max_hp_gain":5.0,"max_hp_loss":0.0,"gold_gain":0.0,"event_name":"Big Fish","player_choice":"Donut","floor":3.0,"gold_loss":0.0,"damage_taken":0.0},{"damage_healed":0.0,"max_hp_gain":0.0,"max_hp_loss":0.0,"gold_gain":0.0,"event_name":"Mushrooms","player_choice":"Fought Mushrooms","floor":12.0,"gold_loss":0.0,"damage_taken":0.0},{"cards_removed":["Defend_G"],"damage_healed":0.0,"max_hp_gain":0.0,"max_hp_loss":0.0,"gold_gain":0.0,"event_name":"Beggar","player_choice":"Gave Gold","floor":20.0,"gold_loss":75.0,"damage_taken":0.0},{"damage_healed":0.0,"max_hp_gain":0.0,"max_hp_loss":0.0,"gold_gain":0.0,"event_name":"The Library","player_choice":"Read","floor":22.0,"gold_loss":0.0,"damage_taken":0.0,"cards_obtained":["Catalyst"]}],"is_beta":false,"boss_relics":[{"not_picked":["Ectoplasm","Pandora\u0027s Box"],"picked":"Runic Pyramid"}],"items_purged_floors":[11,19,30],"is_endless":false,"potions_floor_spawned":[1,5,12,14,24,29],"killed_by":"Automaton","ascension_level":20}}