{"host":"350rh84kbmtekt58","time":1611707778,"event":{"mods":["AchievementEnabler","Act Like it!","BaseMod","Better Synergies","Block Reminder","CapriCore","Challenge The Spire","Colored Map","Colored Powertips","Communication Mod","Downfall","Energized Spire","Friendly Minions","GifTheSpireLib","Highlight Path","Minty Spire (QoL Compilation)","Quick Restart","Replay The Spire","Shop Mod","StSLib","The Animator","The Disciple","The Immortal","The Marked","The Runesmith","The Servant 0.9.4","The Wild Card","Transform Curses","yUi"],"gold_per_floor":[13,13,29,29,29,29,56,56,56,76,91,16,26,26,26],"floor_reached":14,"language":"ENG","playtime":982,"items_purged":["Regret"],"score":90,"play_id":"8ad3ed09-d3b0-4060-bdaf-a0c4fc5358a5","local_time":"20210126183618","is_ascension_mode":false,"campfire_choices":[{"floor":6,"key":"REST"},{"floor":8,"key":"REST"}],"circlet_count":0,"master_deck":["Strike_P","Strike_P","Strike_P","Defend_P","Defend_P","Defend_P","Eruption","Vigilance","Sanctity","Replay:LoomingThreat","ClearTheMind","Replay:Vibes","WheelKick","Worship","TalkToTheHand","Collect+1","Wish+1","SandsOfTime"],"relics":["PureWater","Regal Pillow","Dream Catcher","GoldenEye","Toxic Egg 2"],"acts_visited":["Exordium"],"potions_floor_usage":[11,14],"damage_taken":[{"damage":0,"enemies":"Jaw Worm","floor":1,"turns":3},{"damage":18,"enemies":"Small Slimes","floor":3,"turns":6},{"damage":66,"enemies":"3 Sentries","floor":7,"turns":10},{"damage":3,"enemies":"Cultist","floor":10,"turns":4},{"damage":9,"enemies":"Looter","floor":11,"turns":4},{"damage":13,"enemies":"Gremlin Gang","floor":13,"turns":5},{"damage":23,"enemies":"Gremlin Nob","floor":14,"turns":3}],"seed_played":"-374341695592287825","potions_obtained":[{"floor":1,"key":"Guardian:BlockOnCardUsePotion"},{"floor":11,"key":"Fruit Juice"},{"floor":13,"key":"Ambrosia"}],"is_trial":false,"path_per_floor":["M","?","M","?","$","R","E","R","T","M","M","$","M","E"],"character_chosen":"WATCHER","items_purchased":[],"campfire_rested":2,"item_purchase_floors":[],"current_hp_per_floor":[72,72,54,54,54,72,6,42,42,39,35,35,22,0,0],"gold":26,"neow_bonus":"TRANSFORM_TWO_CARDS","is_daily":false,"chose_seed":false,"campfire_upgraded":0,"win_rate":0.0,"timestamp":1611707778,"path_taken":["M","?","M","?","$","R","E","R","T","?","M","$","M","E"],"items_purchased_type":[],"build_version":"2020-12-22","purchased_purges":1,"victory":false,"max_hp_per_floor":[72,72,72,72,72,72,72,72,72,72,77,77,77,77,77],"card_choices":[{"not_picked":["SignatureMove","PathToVictory"],"picked":"ClearTheMind","floor":1},{"not_picked":["Indignation","WheelKick"],"picked":"Replay:Vibes","floor":3},{"not_picked":["Meditate","Evaluate"],"picked":"WheelKick","floor":6},{"not_picked":["ClearTheMind","SashWhip"],"picked":"Worship","floor":7},{"not_picked":["Consecrate","FlurryOfBlows"],"picked":"TalkToTheHand","floor":8},{"not_picked":["Wallop","Prostrate+1"],"picked":"Collect+1","floor":10},{"not_picked":["SignatureMove","Replay:BluntJabs"],"picked":"Wish+1","floor":11},{"not_picked":["Prostrate+1","WindmillStrike"],"picked":"SandsOfTime","floor":13}],"player_experience":186992,"relics_obtained":[{"floor":7,"key":"GoldenEye"},{"floor":9,"key":"Toxic Egg 2"}],"event_choices":[{"damage_healed":0,"gold_gain":0,"player_choice":"Box","damage_taken":0,"relics_obtained":["Regal Pillow"],"max_hp_gain":0,"max_hp_loss":0,"event_name":"Big Fish","floor":2,"gold_loss":0,"cards_obtained":["Regret"]},{"damage_healed":0,"gold_gain":0,"player_choice":"Gave Potion","damage_taken":0,"relics_obtained":["Dream Catcher"],"max_hp_gain":0,"max_hp_loss":0,"event_name":"WeMeetAgain","floor":4,"gold_loss":0}],"is_beta":false,"boss_relics":[],"items_purged_floors":[12],"is_endless":false,"potions_floor_spawned":[1,11,13],"killed_by":"Gremlin Nob","ascension_level":0}}