{"host":"9slw7l0ws16384qq","time":1611775878,"event":{"mods":["A Penny For Your Troubles","BaseMod","Clockwork Mod","Colored Map","Evolution","Fiend Mod","Hermit","Hubris","Minty Spire (QoL Compilation)","Railgun Mod","Replay The Spire","Shedinja","StS++","StSLib"],"gold_per_floor":[109,34,49,49,124,124,138,138,138,138,151,51,61,73,73,168,168,185,203,78,78,96,96,116,116,116,134,134,152,166,182,182,278,328,342,357,357,357,357,357,373,390,390,390,405,405,149,169,169,170],"floor_reached":51,"language":"FRA","playtime":1454,"items_purged":["Fiend:FiendConsume","Fiend:FiendRage+1","Fiend:FiendFortify"],"score":720,"play_id":"49b687ca-bdd6-4cb6-9228-502562856389","local_time":"20210127203118","is_ascension_mode":false,"campfire_choices":[{"data":"Fiend:FiendDemonSlash","floor":6,"key":"SMITH"},{"data":"Fiend:FiendFortify","floor":8,"key":"SMITH"},{"data":"Fiend:FiendDemonSlash","floor":10,"key":"SMITH"},{"data":"Fiend:FiendFortify","floor":15,"key":"PURGE"},{"data":"Fiend:FiendDemonWhip","floor":23,"key":"SMITH"},{"data":"Fiend:FiendFortify","floor":28,"key":"SMITH"},{"data":"Fiend:FiendDemonSlash","floor":32,"key":"PURGE"},{"data":"Fiend:FiendFlay","floor":40,"key":"SMITH"},{"data":"Fiend:FiendMeditate","floor":46,"key":"SMITH"},{"floor":49,"key":"RECALL"}],"circlet_count":0,"master_deck":["Fiend:FiendDemonSlash+1","Fiend:FiendDemonSlash+1","Fiend:FiendDemonSlash+1","Fiend:FiendFortify+1","Fiend:FiendFortify+1","Fiend:FiendDemonWhip+1","Fiend:FiendViolentOutburst+1","Fiend:FiendMeditate+1","Fiend:FiendFlay+1","Fiend:FiendGreaterDemonSlash+1"],"relics":["Fiend:FiendTotem","EVO:Axolotl","NeowsBlessing","Pear","hubris:Backtick","Medical Kit","hubris:Towel","Pet Ghost","Tiny House","Snack Pack","Replay:Bottled Steam","Kunai"],"acts_visited":["Exordium","TheCity","TheBeyond"],"potions_floor_usage":[33,50],"damage_taken":[{"damage":0.0,"enemies":"2 Louse","floor":1.0,"turns":1.0},{"damage":0.0,"enemies":"Cultist","floor":3.0,"turns":1.0},{"damage":0,"enemies":"Jaw Worm","floor":7,"turns":1},{"damage":8,"enemies":"Large Slime","floor":11,"turns":7},{"damage":0,"enemies":"2 Fungi Beasts","floor":13,"turns":3},{"damage":4,"enemies":"Looter","floor":14,"turns":2},{"damage":34,"enemies":"Hexaghost","floor":16,"turns":15},{"damage":4,"enemies":"Spheric Guardian","floor":18,"turns":3},{"damage":11,"enemies":"Shell Parasite","floor":19,"turns":4},{"damage":7,"enemies":"Centurion and Healer","floor":22,"turns":5},{"damage":22,"enemies":"Snecko","floor":24,"turns":6},{"damage":7,"enemies":"Shelled Parasite and Fungi","floor":27,"turns":4},{"damage":0,"enemies":"Snake Plant","floor":29,"turns":4},{"damage":19,"enemies":"Snecko","floor":30,"turns":6},{"damage":0,"enemies":"Centurion and Healer","floor":31,"turns":5},{"damage":0,"enemies":"Automaton","floor":33,"turns":11},{"damage":0,"enemies":"3 Shapes","floor":35,"turns":4},{"damage":0,"enemies":"3 Darklings","floor":36,"turns":4},{"damage":2,"enemies":"Maw","floor":41,"turns":6},{"damage":0,"enemies":"Spire Growth","floor":42,"turns":4},{"damage":0,"enemies":"Jaw Worm Horde","floor":45,"turns":3},{"damage":0,"enemies":"Writhing Mass","floor":48,"turns":4},{"damage":20,"enemies":"Replay:Hell Engine","floor":50,"turns":8}],"seed_played":"-5668622879308307516","potions_obtained":[{"floor":14,"key":"BlessingOfTheForge"},{"floor":16,"key":"Ancient Potion"},{"floor":18,"key":"SpeedPotion"},{"floor":19,"key":"Strength Potion"},{"floor":34,"key":"StSpp:ScatteredPotion"},{"floor":35,"key":"Ancient Potion"}],"is_trial":false,"path_per_floor":["M","$","M","?","?","R","M","R","T","R","M","$","M","M","R_BF","B",null,"M","M","$","?","M","R","M","?","T","M","R","M","M","M","R_BF","B",null,"M","M","$","?","?","R","M","M","T","?","M","R","$","M","R","B",null],"character_chosen":"THE_FIEND","items_purchased":["Kunai"],"campfire_rested":0,"item_purchase_floors":[47],"current_hp_per_floor":[70,70,70,70,63,63,63,63,73,73,65,65,65,61,61,27,80,76,65,65,65,58,58,36,36,36,29,29,29,10,10,10,10,85,85,85,85,85,85,85,83,83,83,83,85,85,85,85,85,74],"gold":170,"neow_bonus":"THREE_ENEMY_KILL","is_daily":false,"chose_seed":false,"campfire_upgraded":7,"win_rate":0.0,"timestamp":1611775878,"path_taken":["M","$","M","?","?","R","M","R","T","R","?","?","M","M","R_BF","BOSS","M","M","$","?","M","R","M","?","T","M","R","M","M","M","R_BF","BOSS","M","M","$","?","?","R","M","M","T","?","?","R","$","M","R","BOSS"],"items_purchased_type":["Relic"],"build_version":"2020-12-22","purchased_purges":3,"victory":true,"max_hp_per_floor":[70,70,70,70,70,70,70,70,80,80,80,80,80,80,80,80,80,80,80,80,80,80,80,80,80,80,80,80,80,80,80,80,80,85,85,85,85,85,85,85,85,85,85,85,85,85,85,85,85,85],"card_choices":[{"not_picked":["Fiend:FiendSplat","Fiend:FiendFleshPlating","Fiend:FiendMeatShield"],"picked":"SKIP","floor":1.0},{"not_picked":["Fiend:FiendLeech","Fiend:FiendSalvage","Fiend:FiendRadiation"],"picked":"SKIP","floor":3.0},{"not_picked":["Fiend:FiendRage","Fiend:FiendMeditate","Fiend:FiendBloodPrice"],"picked":"SKIP","floor":7},{"not_picked":["Fiend:FiendLeech","Fiend:FiendConserve","Fiend:FiendMeatShield"],"picked":"SKIP","floor":11},{"not_picked":["Fiend:FiendDemonicContract","Fiend:FiendAbomination"],"picked":"Fiend:FiendDemonWhip","floor":13},{"not_picked":["Fiend:FiendSalvage","Fiend:FiendRage","Fiend:FiendMeatShield"],"picked":"SKIP","floor":14},{"not_picked":["Fiend:FiendSalvage","Fiend:FiendRadiation","Fiend:FiendRam"],"picked":"SKIP","floor":18},{"not_picked":["Fiend:FiendTransmeatation+1","Fiend:FiendUpstartDemon+1","Fiend:FiendBloodlust"],"picked":"SKIP","floor":19},{"not_picked":["Fiend:FiendBackFromHell","Fiend:FiendMeatPaste","Fiend:FiendRage"],"picked":"SKIP","floor":22},{"not_picked":["Fiend:FiendMeditate","Fiend:FiendRam","Fiend:FiendVaccine"],"picked":"SKIP","floor":24},{"not_picked":["Fiend:FiendSplat","Fiend:FiendAlchemeat","Fiend:FiendBloodlust"],"picked":"SKIP","floor":27},{"not_picked":["Fiend:FiendConserve+1","Fiend:FiendAlchemeat+1","Fiend:FiendDemonicContract"],"picked":"SKIP","floor":29},{"not_picked":["Fiend:FiendRiskyDice","Fiend:FiendHellBeam","Fiend:FiendMeatPaste"],"picked":"SKIP","floor":30},{"not_picked":["Fiend:FiendMeatPaste+1","Fiend:FiendMeatShield","Fiend:FiendRam+1"],"picked":"SKIP","floor":31},{"not_picked":["Fiend:FiendBloodlust+1","Fiend:FiendSalvage"],"picked":"Fiend:FiendViolentOutburst+1","floor":35},{"not_picked":["Fiend:FiendBloodlust+1","Fiend:FiendDeepenWound"],"picked":"Fiend:FiendMeditate","floor":36},{"not_picked":["Fiend:FiendBloodPrice+1","Fiend:FiendDemonWhip+1","Fiend:FiendCancer"],"picked":"SKIP","floor":41},{"not_picked":["Fiend:FiendBloodlust+1","Fiend:FiendRiskyDice","Fiend:FiendDeepenWound+1"],"picked":"SKIP","floor":42},{"not_picked":["Fiend:FiendConserve","Fiend:FiendMeditate+1","Fiend:FiendHellBeam"],"picked":"SKIP","floor":45},{"not_picked":["Fiend:FiendBloodlust+1","Fiend:FiendMeatShield"],"picked":"Fiend:FiendGreaterDemonSlash+1","floor":48}],"player_experience":1941602,"relics_obtained":[{"floor":9,"key":"Pear"},{"floor":26,"key":"Pet Ghost"},{"floor":43,"key":"Snack Pack"}],"event_choices":[{"damage_healed":0,"gold_gain":75,"player_choice":"Touch","damage_taken":7,"max_hp_gain":0,"max_hp_loss":0,"event_name":"FaceTrader","floor":5,"gold_loss":0},{"damage_healed":0,"gold_gain":0,"player_choice":"Ignored","damage_taken":0,"max_hp_gain":0,"max_hp_loss":0,"event_name":"Vampires","floor":25,"gold_loss":0},{"damage_healed":0,"gold_gain":0,"player_choice":"Ignored","damage_taken":0,"max_hp_gain":0,"max_hp_loss":0,"event_name":"Tomb of Lord Red Mask","floor":38,"gold_loss":0},{"damage_healed":0,"gold_gain":0,"player_choice":"Gave Potion","damage_taken":0,"relics_obtained":["Replay:Bottled Steam"],"max_hp_gain":0,"max_hp_loss":0,"event_name":"WeMeetAgain","floor":44,"gold_loss":0}],"is_beta":false,"boss_relics":[{"not_picked":["hubris:Stopwatch","Snecko Eye"],"picked":"hubris:Backtick"},{"not_picked":["Ring of Chaos","Replay:Grab Bag"],"picked":"Tiny House"}],"items_purged_floors":[2,12,20],"is_endless":false,"potions_floor_spawned":[14,16,18,19,29,30,35,42],"ascension_level":0}}