{"host":"yqa5il53nhlo2jdd","time":1611730227,"event":{"mods":["AchievementEnabler","Arknights The Spire","BaseMod","BetterRewards","Minty Spire (QoL Compilation)","StSLib","[IsaacMod]ÒÔÈö¼âËþ"],"gold_per_floor":[109,136,136,154,154,154,172,202,202,202,237,313,101,118,118,195,195,225,225,249,264,277,306,176,176,176,176,176,193,207,224,224,298,298,308,308,308,87,103,103,128,153,153,180,200,200,32,48,48,55],"floor_reached":51,"language":"ZHS","playtime":2146,"items_purged":["ats:Strike V","ats:Strike G","ats:Strike S","ats:Strike C","ats:Defend"],"score":2505,"play_id":"a217b688-a9e7-4746-a027-246278886521","local_time":"20210127145027","is_ascension_mode":true,"campfire_choices":[{"data":"ats:Emotion Absorption","floor":6.0,"key":"SMITH"},{"data":"ats:Burning Ground","floor":10.0,"key":"SMITH"},{"data":"ats:Very Hot Blade","floor":15.0,"key":"SMITH"},{"floor":32.0,"key":"REST"},{"floor":40.0,"key":"RECALL"},{"floor":46.0,"key":"REST"},{"floor":49.0,"key":"REST"}],"circlet_count":0,"master_deck":["AscendersBane","ats:Emotion Absorption+1","ats:Very Hot Blade+1","ats:Burning Ground+1","ats:Demon Strength+1"],"relics":["ats:Sanity","HushsDoor","SalivaCoin","TheBean","NineVolt","PreservedInsect","Membership Card","Tiny Chest","TheAbacus","ats:Originium","TungstenRod","GuppysTail","ats:Spiritual Recovery","Meat on the Bone","Molten Egg 2","Empty Cage","Smiling Mask","Omamori","Membership Card","Blue Candle","Busted Crown","BelialBook","BookofShadows","Singing Bowl","ats:Arts","Bird Faced Urn","HowToJump","Shuriken","InkBottle","BlankCard"],"acts_visited":["Exordium","TheCity","TheBeyond"],"potions_floor_usage":[50,50],"damage_taken":[{"damage":0.0,"enemies":"2 Louse","floor":1.0,"turns":3.0},{"damage":7.0,"enemies":"Jaw Worm","floor":2.0,"turns":2.0},{"damage":0.0,"enemies":"Cultist","floor":4.0,"turns":3.0},{"damage":5.0,"enemies":"Gremlin Gang","floor":7.0,"turns":2.0},{"damage":0.0,"enemies":"3 Sentries","floor":8.0,"turns":2.0},{"damage":3.0,"enemies":"Lagavulin","floor":11.0,"turns":4.0},{"damage":0.0,"enemies":"Looter","floor":14.0,"turns":3.0},{"damage":0.0,"enemies":"The Guardian","floor":16.0,"turns":13.0},{"damage":12.0,"enemies":"2 Thieves","floor":18.0,"turns":2.0},{"damage":9.0,"enemies":"Shell Parasite","floor":20.0,"turns":2.0},{"damage":0.0,"enemies":"Snake Plant","floor":21.0,"turns":2.0},{"damage":0.0,"enemies":"Centurion and Healer","floor":22.0,"turns":2.0},{"damage":0.0,"enemies":"Book of Stabbing","floor":23.0,"turns":2.0},{"damage":0.0,"enemies":"Sentry and Sphere","floor":29.0,"turns":2.0},{"damage":0.0,"enemies":"Snake Plant","floor":30.0,"turns":2.0},{"damage":0.0,"enemies":"Centurion and Healer","floor":31.0,"turns":2.0},{"damage":0.0,"enemies":"Collector","floor":33.0,"turns":4.0},{"damage":0.0,"enemies":"3 Darklings","floor":35.0,"turns":2.0},{"damage":0.0,"enemies":"3 Shapes","floor":39.0,"turns":1.0},{"damage":0.0,"enemies":"Mind Bloom Boss Battle","floor":41.0,"turns":3.0},{"damage":0.0,"enemies":"Reptomancer","floor":42.0,"turns":2.0},{"damage":0.0,"enemies":"Nemesis","floor":44.0,"turns":2.0},{"damage":0.0,"enemies":"Spire Growth","floor":45.0,"turns":2.0},{"damage":0.0,"enemies":"3 Darklings","floor":48.0,"turns":2.0},{"damage":0,"enemies":"Awakened One","floor":50,"turns":4}],"seed_played":"-7290357532948794317","potions_obtained":[{"floor":4.0,"key":"Weak Potion"},{"floor":7.0,"key":"Strength Potion"},{"floor":22.0,"key":"Dexterity Potion"},{"floor":29.0,"key":"DuplicationPotion"},{"floor":41.0,"key":"LiquidMemories"},{"floor":42.0,"key":"DuplicationPotion"}],"is_trial":false,"path_per_floor":["M","M","?","M","?","R","M","E","T","R","E","T","$","M","R","B",null,"M","?","M","M","M","E","$","T","T","?","?","M","M","M","R","B",null,"M","?","T","$","M","R","?","E","T","E","M","R","$","M","R","B",null],"character_chosen":"DOCTOR_CLASS","items_purchased":["TheBean","NineVolt","PreservedInsect","ats:Very Hot Blade","Membership Card","ats:Burning Ground","Tiny Chest","TheAbacus","Molten Egg 2","Omamori","BelialBook","Singing Bowl","ats:Arts","BlankCard"],"campfire_rested":3,"item_purchase_floors":[0,0,0,0,0,0,0,0,13,24,34,38,38,47],"current_hp_per_floor":[64,57,71,71,71,71,66,66,66,66,63,63,63,63,63,63,69,57,57,48,48,48,48,48,48,48,48,48,48,48,48,69,69,61,61,61,61,61,63,63,65,67,67,69,71,71,71,73,73,73],"gold":55,"neow_bonus":"","is_daily":false,"chose_seed":false,"campfire_upgraded":3,"win_rate":0.0,"timestamp":1611730227,"path_taken":["M","M","?","M","?","R","?","E","T","R","E","?","$","M","R","BOSS","M","?","M","M","?","E","?","?","T","?","?","M","M","M","R","BOSS","M","?","?","$","M","R","?","E","T","E","?","R","$","M","R","BOSS"],"items_purchased_type":["Relic","Relic","Relic","Card","Relic","Card","Relic","Relic","Relic","Relic","Relic","Relic","Relic","Relic"],"build_version":"2020-12-22","purchased_purges":5,"victory":true,"max_hp_per_floor":[71,71,71,71,71,71,71,71,71,71,71,71,71,71,71,71,71,71,71,71,71,71,71,71,71,71,71,71,71,71,71,71,71,61,61,61,61,61,63,63,65,67,67,69,71,71,71,73,73,73],"card_choices":[{"not_picked":["ats:Shell Defense","ats:Thermite Blade","ats:Powerful Strike"],"picked":"SKIP","floor":1.0},{"not_picked":["ats:Poison Spread","ats:Sunburst","ats:Absolute Focus"],"picked":"SKIP","floor":2.0},{"not_picked":["ats:Ignite","ats:Hammer On"],"picked":"Bomb","floor":4.0},{"not_picked":["ats:Durian","ats:Cat Scratch","ats:Revitalization"],"picked":"SKIP","floor":7.0},{"not_picked":["ats:Durian","ats:Cat Scratch","ats:Revitalization"],"picked":"SKIP","floor":7.0},{"not_picked":["ats:Sunburst","ats:Serious Mode","ats:Very Hot Blade"],"picked":"SKIP","floor":8.0},{"not_picked":["ats:Ambush","ats:Flexible Camouflage","ats:Sword Rain"],"picked":"SKIP","floor":11.0},{"not_picked":["ats:Sunburst+1","ats:Flexible Camouflage","ats:Red Shift+1"],"picked":"SKIP","floor":14.0},{"not_picked":["ats:Absolute Focus","ats:Poison Spread+1","ats:Guard Mode"],"picked":"SKIP","floor":18.0},{"not_picked":["ats:Shell Defense","ats:Automatic Cover","ats:Assault Order"],"picked":"SKIP","floor":20.0},{"not_picked":["ats:Shell Defense","ats:Automatic Cover","ats:Assault Order"],"picked":"SKIP","floor":20.0},{"not_picked":["ats:Curse Doll","ats:Powerful Strike+1","ats:Steam Pump+1"],"picked":"SKIP","floor":21.0},{"not_picked":["ats:Thermite Blade+1","ats:Explosion Area Strengthen+1","ats:Revitalization"],"picked":"SKIP","floor":22.0},{"not_picked":["ats:Very Hot Blade+1","ats:Explosion Area Strengthen+1"],"picked":"ats:Demon Strength+1","floor":23.0},{"not_picked":["ats:Chain Hook+1","ats:Disruption Kick+1","ats:Defend Order+1"],"picked":"SKIP","floor":29.0},{"not_picked":["ats:Curse Doll","ats:Counter Healing Mode","ats:Blood Oath+1"],"picked":"SKIP","floor":30.0},{"not_picked":["ats:Sunburst+1","ats:Collapsing Strike+1","ats:Serious Mode+1"],"picked":"SKIP","floor":31.0},{"not_picked":["ats:Magnetic Hammer+1"],"picked":"SKIP","floor":35.0},{"not_picked":["ats:Healing Drone"],"picked":"Singing Bowl","floor":39.0},{"not_picked":["ats:Assault Order"],"picked":"Singing Bowl","floor":41.0},{"not_picked":["ats:Curse Doll"],"picked":"Singing Bowl","floor":42.0},{"not_picked":["ats:Rapid Magazine"],"picked":"Singing Bowl","floor":44.0},{"not_picked":["ats:Closed Bolt Burst Fire+1"],"picked":"Singing Bowl","floor":45.0},{"not_picked":["ats:Assault Order"],"picked":"Singing Bowl","floor":48.0}],"player_experience":724330,"relics_obtained":[{"floor":8.0,"key":"ats:Originium"},{"floor":8.0,"key":"TungstenRod"},{"floor":9.0,"key":"GuppysTail"},{"floor":11.0,"key":"ats:Originium"},{"floor":11.0,"key":"ats:Spiritual Recovery"},{"floor":12.0,"key":"Meat on the Bone"},{"floor":23.0,"key":"ats:Originium"},{"floor":23.0,"key":"Smiling Mask"},{"floor":25.0,"key":"Diplopia"},{"floor":26.0,"key":"Blue Candle"},{"floor":37.0,"key":"BookofShadows"},{"floor":41.0,"key":"Bird Faced Urn"},{"floor":42.0,"key":"ats:Originium"},{"floor":42.0,"key":"HowToJump"},{"floor":43.0,"key":"Shuriken"},{"floor":44.0,"key":"InkBottle"}],"event_choices":[{"damage_healed":23.0,"max_hp_gain":0.0,"max_hp_loss":0.0,"gold_gain":0.0,"event_name":"Big Fish","player_choice":"Banana","floor":3.0,"gold_loss":0.0,"damage_taken":0.0},{"damage_healed":0.0,"max_hp_gain":0.0,"max_hp_loss":0.0,"gold_gain":0.0,"event_name":"Match and Keep!","player_choice":"0 cards matched","floor":5.0,"gold_loss":0.0,"damage_taken":0.0,"cards_obtained":[]},{"cards_removed":["ats:Defend"],"damage_healed":0.0,"max_hp_gain":0.0,"max_hp_loss":0.0,"gold_gain":0.0,"event_name":"Back to Basics","player_choice":"Elegance","floor":19.0,"gold_loss":0.0,"damage_taken":0.0},{"damage_healed":0.0,"max_hp_gain":0.0,"max_hp_loss":0.0,"gold_gain":0.0,"event_name":"Ghosts","player_choice":"Ignored","floor":27.0,"gold_loss":0.0,"damage_taken":0.0},{"damage_healed":0.0,"max_hp_gain":0.0,"max_hp_loss":0.0,"gold_gain":0.0,"event_name":"Forgotten Altar","player_choice":"Smashed Altar","floor":28.0,"gold_loss":0.0,"damage_taken":0.0,"cards_obtained":["Decay"]},{"cards_removed":["ats:Defend"],"damage_healed":0.0,"max_hp_gain":0.0,"max_hp_loss":0.0,"gold_gain":0.0,"event_name":"Falling","player_choice":"Removed Skill","floor":36.0,"gold_loss":0.0,"damage_taken":0.0},{"damage_healed":0.0,"max_hp_gain":0.0,"max_hp_loss":0.0,"gold_gain":0.0,"event_name":"MindBloom","player_choice":"Fight","floor":41.0,"gold_loss":0.0,"damage_taken":0.0}],"is_beta":false,"boss_relics":[{"not_picked":["ats:Sanity Plus","Sozu"],"picked":"Empty Cage"},{"not_picked":[]},{"not_picked":["Calling Bell","Tiny House"],"picked":"Busted Crown"},{"not_picked":[]}],"items_purged_floors":[0,0,0,13,24],"is_endless":false,"potions_floor_spawned":[4,7,14,22,29,31,41,42,44,48],"ascension_level":18}}