{"host":"nmjik3bzoelmmajy","time":1611751709,"event":{"mods":["BaseMod","Better Third Choice","Colored Map","DeckTracker","Minty Spire (QoL Compilation)","Quick Restart","Say the Spire","StSLib","SuperFastMode"],"gold_per_floor":[115,131,131,22,22,22,60,78,146,146,46,64,64,78,78,202,202,223,223,239,314,335,369,369,384,384,405,419,419,419,433,433,556,556,579,200,213,232,257,257,14,50,50,86,86,86,86,86,86,86],"floor_reached":51,"language":"KOR","playtime":1875,"items_purged":["Strike_G","Strike_G","Strike_G"],"score":829,"play_id":"0798da3b-efcd-46f0-8161-ec05e537943c","local_time":"20210127214829","is_ascension_mode":false,"campfire_choices":[{"data":"Noxious Fumes","floor":6.0,"key":"SMITH"},{"data":"Deadly Poison","floor":10.0,"key":"SMITH"},{"data":"Blade Dance","floor":15.0,"key":"SMITH"},{"data":"Burst","floor":29.0,"key":"SMITH"},{"data":"Catalyst","floor":32.0,"key":"SMITH"},{"data":"Bouncing Flask","floor":40,"key":"SMITH"},{"data":"Apotheosis","floor":45,"key":"SMITH"},{"data":"Adrenaline","floor":49,"key":"SMITH"}],"circlet_count":0,"master_deck":["Defend_G","Defend_G","Defend_G","Defend_G+1","Survivor","Neutralize+1","Flying Knee","Escape Plan","Noxious Fumes+1","Deadly Poison+1","Masterful Stab+1","Blade Dance+1","Adrenaline+1","CurseOfTheBell","PiercingWail","Ghostly","Ghostly","Ghostly","Ghostly","Ghostly","Backflip+1","Blur+1","Burst+1","Bouncing Flask+1","Catalyst+1","Catalyst+1","Acrobatics","Backstab+1","Footwork","Apotheosis+1","Terror+1"],"relics":["Ring of the Snake","NeowsBlessing","Golden Idol","MealTicket","Eternal Feather","Calling Bell","Anchor","Mummified Hand","Du-Vu Doll","Gremlin Horn","Ninja Scroll","HoveringKite","War Paint","Whetstone","Blood Vial","Mango"],"acts_visited":["Exordium","TheCity","TheBeyond"],"potions_floor_usage":[50,50,50],"damage_taken":[{"damage":0.0,"enemies":"Small Slimes","floor":1.0,"turns":1.0},{"damage":0.0,"enemies":"2 Louse","floor":2.0,"turns":1.0},{"damage":0.0,"enemies":"Lagavulin","floor":7.0,"turns":1.0},{"damage":1.0,"enemies":"Jaw Worm","floor":8.0,"turns":4.0},{"damage":2.0,"enemies":"Looter","floor":12.0,"turns":3.0},{"damage":3.0,"enemies":"Lots of Slimes","floor":14.0,"turns":4.0},{"damage":22.0,"enemies":"Hexaghost","floor":16.0,"turns":7.0},{"damage":7.0,"enemies":"Shell Parasite","floor":18.0,"turns":4.0},{"damage":2.0,"enemies":"Chosen","floor":20.0,"turns":5.0},{"damage":0.0,"enemies":"Centurion and Healer","floor":22.0,"turns":7.0},{"damage":0.0,"enemies":"Gremlin Leader","floor":23.0,"turns":7.0},{"damage":15.0,"enemies":"Cultist and Chosen","floor":25.0,"turns":9.0},{"damage":0.0,"enemies":"Snake Plant","floor":27.0,"turns":6.0},{"damage":2.0,"enemies":"Chosen and Byrds","floor":28.0,"turns":6.0},{"damage":0.0,"enemies":"Shelled Parasite and Fungi","floor":30.0,"turns":1.0},{"damage":0.0,"enemies":"Centurion and Healer","floor":31.0,"turns":6.0},{"damage":18.0,"enemies":"Collector","floor":33.0,"turns":11.0},{"damage":0,"enemies":"3 Shapes","floor":35,"turns":7},{"damage":0,"enemies":"Orb Walker","floor":37,"turns":3},{"damage":13,"enemies":"4 Shapes","floor":38,"turns":5},{"damage":1,"enemies":"Writhing Mass","floor":39,"turns":5},{"damage":2,"enemies":"Giant Head","floor":42,"turns":7},{"damage":23,"enemies":"Nemesis","floor":44,"turns":5},{"damage":27,"enemies":"Time Eater","floor":50,"turns":8}],"seed_played":"-6879835343809268857","potions_obtained":[{"floor":7.0,"key":"SmokeBomb"},{"floor":8.0,"key":"AttackPotion"},{"floor":14.0,"key":"Fire Potion"},{"floor":20.0,"key":"FearPotion"},{"floor":27.0,"key":"Dexterity Potion"},{"floor":28.0,"key":"SteroidPotion"},{"floor":31.0,"key":"GamblersBrew"},{"floor":33.0,"key":"FearPotion"},{"floor":35,"key":"ColorlessPotion"}],"is_trial":false,"path_per_floor":["M","M","?","$","?","R","E","M","T","R","$","M","$","M","R","B",null,"M","?","M","?","M","E","?","M","T","M","M","R","M","M","R","B",null,"M","$","M","M","M","R","$","E","T","E","R","?","?","?","R","B",null],"character_chosen":"THE_SILENT","items_purchased":["Noxious Fumes","Acrobatics","War Paint","Dexterity Potion","Footwork","Apotheosis"],"campfire_rested":0,"item_purchase_floors":[4,36,36,36,41,41],"current_hp_per_floor":[70,70,70,70,65,65,65,64,64,65,65,63,65,62,65,43,65,58,32,30,27,27,27,27,12,12,12,10,25,25,25,32,14,32,32,32,32,19,18,32,32,30,30,23,41,41,41,41,44,17],"gold":86,"neow_bonus":"THREE_ENEMY_KILL","is_daily":false,"chose_seed":false,"campfire_upgraded":8,"win_rate":0.0,"timestamp":1611751709,"path_taken":["M","M","?","$","?","R","E","M","T","R","$","M","$","M","R","BOSS","M","?","M","?","?","E","?","M","T","M","M","R","M","M","R","BOSS","M","$","M","?","M","R","$","E","T","E","R","?","?","?","R","BOSS"],"items_purchased_type":["Card","Card","Relic","Potion","Card","Card"],"build_version":"2020-12-22","purchased_purges":3,"victory":true,"max_hp_per_floor":[70,70,70,70,65,65,65,65,65,65,65,65,65,65,65,65,65,65,32,32,32,32,32,32,32,32,32,32,32,32,32,32,32,32,32,32,32,32,32,32,32,32,32,46,46,44,44,44,44,44],"card_choices":[{"not_picked":["Quick Slash","Flechettes"],"picked":"Flying Knee","floor":1.0},{"not_picked":["Tactician","Choke"],"picked":"Escape Plan","floor":2.0},{"not_picked":["Wraith Form v2","Bane"],"picked":"Deadly Poison","floor":7.0},{"not_picked":["Tactician","Endless Agony"],"picked":"Masterful Stab","floor":8.0},{"not_picked":["Dagger Throw","Setup"],"picked":"Blade Dance","floor":12.0},{"not_picked":["Deadly Poison","Poisoned Stab","Bane"],"picked":"SKIP","floor":14.0},{"not_picked":["Night Terror","Doppelganger"],"picked":"Adrenaline","floor":16.0},{"not_picked":["Predator","Underhanded Strike"],"picked":"PiercingWail","floor":18.0},{"not_picked":["Choke","Dagger Throw+1"],"picked":"Backflip","floor":20.0},{"not_picked":["Quick Slash","PiercingWail"],"picked":"Blur+1","floor":22.0},{"not_picked":["Blade Dance","Prepared","Deflect"],"picked":"SKIP","floor":23.0},{"not_picked":["Backstab","Blade Dance","Underhanded Strike"],"picked":"SKIP","floor":25.0},{"not_picked":["Skewer+1","Quick Slash"],"picked":"Burst","floor":27.0},{"not_picked":["Predator","Tactician"],"picked":"Bouncing Flask","floor":28.0},{"not_picked":["Slice","Deadly Poison+1"],"picked":"Catalyst","floor":31.0},{"not_picked":["Deflect","Endless Agony+1"],"picked":"Catalyst+1","floor":35},{"not_picked":["Cloak And Dagger+1","PiercingWail+1"],"picked":"Backstab+1","floor":37},{"not_picked":["Dodge and Roll","Blade Dance","Bane+1"],"picked":"SKIP","floor":38},{"not_picked":["Eviscerate+1","Poisoned Stab+1","PiercingWail"],"picked":"SKIP","floor":39},{"not_picked":["Bullet Time","Skewer","Riddle With Holes"],"picked":"SKIP","floor":42},{"not_picked":["Bane","Dagger Throw+1"],"picked":"Terror+1","floor":44}],"player_experience":496284,"relics_obtained":[{"floor":7.0,"key":"MealTicket"},{"floor":9.0,"key":"Eternal Feather"},{"floor":17.0,"key":"Anchor"},{"floor":17.0,"key":"Mummified Hand"},{"floor":17.0,"key":"Du-Vu Doll"},{"floor":23.0,"key":"Gremlin Horn"},{"floor":26.0,"key":"Ninja Scroll"},{"floor":42,"key":"Whetstone"},{"floor":43,"key":"Blood Vial"},{"floor":44,"key":"Mango"}],"event_choices":[{"cards_removed":["Strike_G"],"damage_healed":0.0,"max_hp_gain":0.0,"max_hp_loss":0.0,"gold_gain":0.0,"event_name":"Living Wall","player_choice":"Forget","floor":3.0,"gold_loss":0.0,"damage_taken":0.0},{"damage_healed":0.0,"max_hp_gain":0.0,"max_hp_loss":5.0,"gold_gain":0.0,"event_name":"Golden Idol","player_choice":"Lose Max HP","floor":5.0,"gold_loss":0.0,"damage_taken":0.0,"relics_obtained":["Golden Idol"]},{"damage_healed":0.0,"max_hp_gain":0.0,"max_hp_loss":33.0,"gold_gain":0.0,"event_name":"Ghosts","player_choice":"Became a Ghost","floor":19.0,"gold_loss":0.0,"damage_taken":0.0,"cards_obtained":["Ghostly","Ghostly","Ghostly","Ghostly","Ghostly"]},{"damage_healed":0.0,"max_hp_gain":0.0,"max_hp_loss":0.0,"gold_gain":75.0,"event_name":"FaceTrader","player_choice":"Touch","floor":21.0,"gold_loss":0.0,"damage_taken":3.0},{"damage_healed":0.0,"max_hp_gain":0.0,"max_hp_loss":0.0,"gold_gain":0.0,"event_name":"Upgrade Shrine","player_choice":"Upgraded","floor":24.0,"gold_loss":0.0,"damage_taken":0.0,"cards_upgraded":["Backflip"]},{"damage_healed":0,"gold_gain":0,"player_choice":"Max HP","damage_taken":0,"max_hp_gain":0,"max_hp_loss":2,"event_name":"Winding Halls","floor":46,"gold_loss":0},{"cards_removed":["Defend_G"],"damage_healed":0,"gold_gain":0,"player_choice":"Removed Skill","damage_taken":0,"max_hp_gain":0,"max_hp_loss":0,"event_name":"Falling","floor":47,"gold_loss":0},{"cards_removed":["Strike_G"],"damage_healed":0,"gold_gain":0,"player_choice":"Offered Basic","damage_taken":0,"max_hp_gain":0,"max_hp_loss":0,"event_name":"Bonfire Elementals","floor":48,"gold_loss":0}],"is_beta":false,"boss_relics":[{"not_picked":["SacredBark","Tiny House"],"picked":"Calling Bell"},{"not_picked":["Velvet Choker","Snecko Eye"],"picked":"HoveringKite"}],"items_purged_floors":[4,11,36],"is_endless":false,"potions_floor_spawned":[7,8,14,20,27,28,31,33,35,39,42],"ascension_level":0}}