{"host":"qxeepl7ydvsgmfdb","time":1611744470,"event":{"mods":["AchievementEnabler","BaseMod","Colored Powertips","Minty Spire (QoL Compilation)","Quick Restart","slay the spire mod where everything is the same but ironclad has a cowboy hat"],"gold_per_floor":[118,68,28,48,48,79,91,91,138,168,61,92,92,367,367,463,463,480,499,499,499,499],"floor_reached":21,"language":"ENG","playtime":556,"items_purged":[],"score":264,"play_id":"651d241b-f606-42e2-9c34-0c6496c2c387","local_time":"20210127054750","is_ascension_mode":true,"campfire_choices":[{"data":"Zap","floor":8,"key":"SMITH"},{"floor":15,"key":"REST"}],"circlet_count":0,"master_deck":["Strike_B","Strike_B","Strike_B","Defend_B","Defend_B","Defend_B","Defend_B","Zap+1","Dualcast","Darkness","Conserve Battery","Chaos","Darkness","Redo","Regret","Coolheaded"],"relics":["Cracked Core","NeowsBlessing","Strawberry","PreservedInsect","InkBottle","Juzu Bracelet","GremlinMask","SacredBark"],"acts_visited":["Exordium","TheCity"],"potions_floor_usage":[3,16,19,21,21],"damage_taken":[{"damage":0,"enemies":"Cultist","floor":1,"turns":1},{"damage":0,"enemies":"Small Slimes","floor":4,"turns":1},{"damage":0,"enemies":"3 Sentries","floor":6,"turns":1},{"damage":13,"enemies":"Jaw Worm","floor":7,"turns":4},{"damage":10,"enemies":"Lagavulin","floor":10,"turns":4},{"damage":23,"enemies":"3 Sentries","floor":12,"turns":5},{"damage":57,"enemies":"The Guardian","floor":16,"turns":10},{"damage":35,"enemies":"Shell Parasite","floor":18,"turns":7},{"damage":45,"enemies":"2 Thieves","floor":19,"turns":5},{"damage":7,"enemies":"Snecko","floor":21,"turns":3}],"seed_played":"-6968477938024922799","potions_obtained":[{"floor":3,"key":"EntropicBrew"},{"floor":3,"key":"Fruit Juice"},{"floor":3,"key":"EssenceOfDarkness"},{"floor":6,"key":"LiquidMemories"},{"floor":16,"key":"Strength Potion"}],"is_trial":false,"path_per_floor":["M","?","?","M","?","E","M","R","T","E","$","E","?","?","R","B",null,"M","M","?","M"],"character_chosen":"DEFECT","items_purchased":["Chaos","Darkness"],"campfire_rested":1,"item_purchase_floors":[11,11],"current_hp_per_floor":[75,75,80,80,80,87,74,74,74,64,64,41,41,41,67,10,87,52,7,7,0,0],"gold":499,"neow_bonus":"THREE_ENEMY_KILL","is_daily":false,"chose_seed":false,"campfire_upgraded":1,"win_rate":0.0,"timestamp":1611744470,"path_taken":["M","?","?","?","?","E","?","R","T","E","$","E","?","?","R","BOSS","M","M","?","M"],"items_purchased_type":["Card","Card"],"build_version":"2020-12-22","purchased_purges":0,"victory":false,"max_hp_per_floor":[75,75,80,80,80,87,87,87,87,87,87,87,87,87,87,87,87,87,87,87,87,87],"card_choices":[{"not_picked":["Steam","Barrage","Turbo"],"picked":"SKIP","floor":1},{"not_picked":["Stack","Steam","Undo"],"picked":"SKIP","floor":4},{"not_picked":["Steam","Double Energy"],"picked":"Darkness","floor":6},{"not_picked":["Stack","Lockon","Hyperbeam"],"picked":"SKIP","floor":7},{"not_picked":["Consume","Rebound"],"picked":"Conserve Battery","floor":10},{"not_picked":["Storm","Auto Shields"],"picked":"Redo","floor":12},{"not_picked":["Double Energy","Conserve Battery+1"],"picked":"Coolheaded","floor":18},{"not_picked":["Gash","Force Field","Darkness"],"picked":"SKIP","floor":19}],"player_experience":234806,"relics_obtained":[{"floor":6,"key":"Strawberry"},{"floor":9,"key":"PreservedInsect"},{"floor":10,"key":"InkBottle"},{"floor":12,"key":"Juzu Bracelet"}],"event_choices":[{"cards_removed":["Strike_B"],"damage_healed":0,"gold_gain":0,"player_choice":"Card Removal","damage_taken":0,"max_hp_gain":0,"max_hp_loss":0,"event_name":"The Cleric","floor":2,"gold_loss":50},{"damage_healed":0,"gold_gain":0,"player_choice":"Bought 3 Potions","damage_taken":0,"max_hp_gain":0,"max_hp_loss":0,"event_name":"The Woman in Blue","floor":3,"gold_loss":0},{"damage_healed":0,"gold_gain":0,"player_choice":"Full Heal","damage_taken":0,"max_hp_gain":0,"max_hp_loss":0,"event_name":"Wheel of Change","floor":5,"gold_loss":0},{"damage_healed":0,"gold_gain":0,"player_choice":"Trade","damage_taken":0,"relics_obtained":["GremlinMask"],"max_hp_gain":0,"max_hp_loss":0,"event_name":"FaceTrader","floor":13,"gold_loss":0},{"damage_healed":0,"gold_gain":275,"player_choice":"Desecrate","damage_taken":0,"max_hp_gain":0,"max_hp_loss":0,"event_name":"Golden Shrine","floor":14,"gold_loss":0,"cards_obtained":["Regret"]},{"damage_healed":0,"gold_gain":0,"player_choice":"Ignored","damage_taken":0,"max_hp_gain":0,"max_hp_loss":0,"event_name":"Ghosts","floor":20,"gold_loss":0}],"is_beta":false,"boss_relics":[{"not_picked":["Tiny House","Calling Bell"],"picked":"SacredBark"}],"items_purged_floors":[],"is_endless":false,"potions_floor_spawned":[6,12,16,18],"killed_by":"Snecko","ascension_level":4}}