{"host":"qsusua7l529r8z9k","time":1611740571,"event":{"mods":["BaseMod","Minty Spire (QoL Compilation)","StSLib"],"gold_per_floor":[114,133,133,144,164,164,439,450,523,533,137,149,176,187,187,265,265,279,293,28,28,28,28,41,41,41,53,86,86,112,129,129,203,203,217,217,217,231,249,249,275,275,275,275,285,61,80,98,98,98],"floor_reached":51,"language":"ZHS","playtime":2375,"items_purged":["Regret","Strike_G","Defend_G"],"score":1492,"play_id":"656f503f-b70d-4f04-9519-261015499c40","local_time":"20210127174251","is_ascension_mode":true,"campfire_choices":[{"data":"Footwork","floor":6.0,"key":"SMITH"},{"data":"Blade Dance","floor":15.0,"key":"SMITH"},{"data":"Shame","floor":23.0,"key":"PURGE"},{"data":"Strike_G","floor":25.0,"key":"PURGE"},{"data":"Acrobatics","floor":29.0,"key":"SMITH"},{"data":"Strike_G","floor":32.0,"key":"PURGE"},{"data":"Strike_G","floor":40,"key":"PURGE"},{"data":"Strike_G","floor":42,"key":"PURGE"},{"data":"Defend_G","floor":44,"key":"PURGE"},{"data":"Phantasmal Killer","floor":49,"key":"SMITH"}],"circlet_count":0,"master_deck":["AscendersBane","Defend_G","Defend_G","Defend_G","Survivor","Well Laid Plans+1","Footwork+1","Acrobatics+1","Dagger Throw","Blade Dance+1","Terror","Grand Finale","Prepared+1","PiercingWail+1","Phantasmal Killer+1"],"relics":["Ring of the Snake","NeowsBlessing","Bottled Tornado","Tough Bandages","Odd Mushroom","Runic Pyramid","TheAbacus","Peace Pipe","Eternal Feather","Dream Catcher","Pocketwatch","Coffee Dripper","Shovel","Blue Candle","Ice Cream","Membership Card"],"acts_visited":["Exordium","TheCity","TheBeyond"],"potions_floor_usage":[41],"damage_taken":[{"damage":0.0,"enemies":"2 Louse","floor":1.0,"turns":1.0},{"damage":0.0,"enemies":"Cultist","floor":2.0,"turns":1.0},{"damage":0.0,"enemies":"Small Slimes","floor":4.0,"turns":1.0},{"damage":3.0,"enemies":"Blue Slaver","floor":5.0,"turns":8.0},{"damage":9.0,"enemies":"2 Fungi Beasts","floor":8.0,"turns":6.0},{"damage":24.0,"enemies":"Exordium Wildlife","floor":10.0,"turns":10.0},{"damage":0.0,"enemies":"Lots of Slimes","floor":12.0,"turns":9.0},{"damage":9.0,"enemies":"The Mushroom Lair","floor":13.0,"turns":6.0},{"damage":22.0,"enemies":"Exordium Thugs","floor":14.0,"turns":7.0},{"damage":13.0,"enemies":"Hexaghost","floor":16.0,"turns":13.0},{"damage":12.0,"enemies":"3 Byrds","floor":18.0,"turns":4.0},{"damage":4.0,"enemies":"Spheric Guardian","floor":19.0,"turns":6.0},{"damage":0.0,"enemies":"3 Cultists","floor":24.0,"turns":3.0},{"damage":7.0,"enemies":"Cultist and Chosen","floor":27.0,"turns":4.0},{"damage":13.0,"enemies":"Slavers","floor":28.0,"turns":3.0},{"damage":1.0,"enemies":"Gremlin Leader","floor":30.0,"turns":5.0},{"damage":15.0,"enemies":"Snecko","floor":31.0,"turns":6.0},{"damage":6.0,"enemies":"Collector","floor":33.0,"turns":8.0},{"damage":0.0,"enemies":"3 Darklings","floor":35.0,"turns":3.0},{"damage":11.0,"enemies":"Orb Walker","floor":38.0,"turns":3.0},{"damage":10,"enemies":"4 Shapes","floor":39,"turns":3},{"damage":18,"enemies":"Giant Head","floor":41,"turns":7},{"damage":0,"enemies":"Sphere and 2 Shapes","floor":45,"turns":4},{"damage":0,"enemies":"Jaw Worm Horde","floor":47,"turns":2},{"damage":1,"enemies":"4 Shapes","floor":48,"turns":3},{"damage":19,"enemies":"Donu and Deca","floor":50,"turns":6}],"seed_played":"5087200918850630280","potions_obtained":[{"floor":4.0,"key":"Weak Potion"},{"floor":5.0,"key":"FairyPotion"},{"floor":10.0,"key":"FearPotion"},{"floor":18.0,"key":"LiquidMemories"},{"floor":27.0,"key":"SteroidPotion"},{"floor":30.0,"key":"Regen Potion"},{"floor":31.0,"key":"Block Potion"},{"floor":39,"key":"DistilledChaos"},{"floor":47,"key":"Swift Potion"},{"floor":48,"key":"LiquidMemories"}],"is_trial":false,"path_per_floor":["M","M","?","M","M","R","?","M","T","M","$","M","?","M","R","B",null,"M","M","$","?","?","R","M","R","T","M","E","R","E","M","R","B",null,"M","?","?","M","M","R","E","R","T","R","M","$","M","M","R","B",null],"character_chosen":"THE_SILENT","items_purchased":["Tough Bandages","TheAbacus","Membership Card"],"campfire_rested":0,"item_purchase_floors":[11,20,46],"current_hp_per_floor":[59,59,59,59,56,56,56,47,47,23,23,23,14,19,19,6,51,39,35,35,35,35,35,35,35,35,28,15,27,26,11,23,32,58,58,58,58,47,37,46,28,37,37,46,46,46,46,45,54,35],"gold":98,"neow_bonus":"THREE_ENEMY_KILL","is_daily":false,"chose_seed":false,"campfire_upgraded":4,"win_rate":0.0,"timestamp":1611740571,"path_taken":["M","M","?","?","?","R","?","M","T","?","$","M","?","M","R","BOSS","M","M","$","?","?","R","M","R","T","M","E","R","E","?","R","BOSS","M","?","?","?","M","R","E","R","T","R","M","$","M","M","R","BOSS"],"items_purchased_type":["Relic","Relic","Relic"],"build_version":"2020-12-22","purchased_purges":3,"victory":true,"max_hp_per_floor":[66,66,66,66,66,66,66,66,66,66,66,66,66,66,66,66,66,66,66,66,66,66,66,66,66,66,66,66,66,66,66,66,66,66,66,66,66,66,66,66,66,66,66,66,66,66,66,66,66,66],"card_choices":[{"not_picked":["Dodge and Roll","Sucker Punch","Outmaneuver"],"picked":"SKIP","floor":1.0},{"not_picked":["Backflip","Slice"],"picked":"Well Laid Plans","floor":2.0},{"not_picked":["Well Laid Plans","Leg Sweep"],"picked":"Footwork","floor":4.0},{"not_picked":["Dagger Throw","Cloak And Dagger"],"picked":"Acrobatics","floor":5.0},{"not_picked":["Poisoned Stab","Cloak And Dagger"],"picked":"Dagger Throw","floor":8.0},{"not_picked":["Sucker Punch","Deadly Poison","Flying Knee"],"picked":"SKIP","floor":10.0},{"not_picked":["Slice","Riddle With Holes"],"picked":"Blade Dance","floor":12.0},{"not_picked":["Prepared","Noxious Fumes"],"picked":"Burst","floor":13.0},{"not_picked":["Underhanded Strike","Masterful Stab"],"picked":"Terror","floor":14.0},{"not_picked":["Storm of Steel","Night Terror"],"picked":"Grand Finale","floor":16.0},{"not_picked":["Well Laid Plans","Catalyst","Quick Slash"],"picked":"SKIP","floor":18.0},{"not_picked":["Blur","Deadly Poison"],"picked":"Prepared","floor":19.0},{"not_picked":["Dagger Spray+1","Dodge and Roll","Prepared"],"picked":"SKIP","floor":24.0},{"not_picked":["Dagger Throw","Flechettes"],"picked":"PiercingWail+1","floor":27.0},{"not_picked":["Choke","Catalyst","Escape Plan"],"picked":"SKIP","floor":28.0},{"not_picked":["Underhanded Strike+1","Dagger Throw","Corpse Explosion"],"picked":"SKIP","floor":30.0},{"not_picked":["Flying Knee","Predator","Dash"],"picked":"SKIP","floor":31.0},{"not_picked":["Storm of Steel","Die Die Die"],"picked":"Phantasmal Killer","floor":33.0},{"not_picked":["Flying Knee","Deflect+1","Prepared"],"picked":"SKIP","floor":35.0},{"not_picked":["Dagger Throw","Flying Knee+1","All Out Attack"],"picked":"SKIP","floor":38.0},{"not_picked":["Flechettes","Blade Dance","Poisoned Stab"],"picked":"SKIP","floor":39},{"not_picked":["Setup+1","Die Die Die","Skewer+1"],"picked":"SKIP","floor":41},{"not_picked":["Well Laid Plans","Acrobatics","Blur"],"picked":"SKIP","floor":45},{"not_picked":["Dodge and Roll","Slice+1","Deadly Poison"],"picked":"SKIP","floor":47},{"not_picked":["Dodge and Roll","Bane","PiercingWail"],"picked":"SKIP","floor":48}],"player_experience":501523,"relics_obtained":[{"floor":9.0,"key":"Bottled Tornado"},{"floor":13.0,"key":"Odd Mushroom"},{"floor":26.0,"key":"Eternal Feather"},{"floor":28.0,"key":"Dream Catcher"},{"floor":30.0,"key":"Pocketwatch"},{"floor":41,"key":"Blue Candle"},{"floor":43,"key":"Ice Cream"}],"event_choices":[{"damage_healed":0.0,"max_hp_gain":0.0,"max_hp_loss":0.0,"gold_gain":0.0,"event_name":"Upgrade Shrine","player_choice":"Upgraded","floor":3.0,"gold_loss":0.0,"damage_taken":0.0,"cards_upgraded":["Well Laid Plans"]},{"damage_healed":0.0,"max_hp_gain":0.0,"max_hp_loss":0.0,"gold_gain":275.0,"event_name":"Golden Shrine","player_choice":"Desecrate","floor":7.0,"gold_loss":0.0,"damage_taken":0.0,"cards_obtained":["Regret"]},{"damage_healed":0.0,"max_hp_gain":0.0,"max_hp_loss":0.0,"gold_gain":0.0,"event_name":"Mushrooms","player_choice":"Fought Mushrooms","floor":13.0,"gold_loss":0.0,"damage_taken":0.0},{"damage_healed":0.0,"max_hp_gain":0.0,"max_hp_loss":0.0,"gold_gain":0.0,"event_name":"Addict","player_choice":"Stole Relic","floor":21.0,"gold_loss":0.0,"damage_taken":0.0,"relics_obtained":["Peace Pipe"],"cards_obtained":["Shame"]},{"damage_healed":0.0,"max_hp_gain":0.0,"max_hp_loss":0.0,"gold_gain":0.0,"event_name":"Accursed Blacksmith","player_choice":"Forge","floor":22.0,"gold_loss":0.0,"damage_taken":0.0,"cards_upgraded":["Prepared"]},{"cards_removed":["Neutralize"],"damage_healed":0.0,"max_hp_gain":0.0,"max_hp_loss":0.0,"gold_gain":0.0,"event_name":"Falling","player_choice":"Removed Attack","floor":36.0,"gold_loss":0.0,"damage_taken":0.0},{"cards_removed":["Burst"],"damage_healed":0.0,"max_hp_gain":0.0,"max_hp_loss":0.0,"gold_gain":0.0,"event_name":"WeMeetAgain","player_choice":"Gave Card","floor":37.0,"gold_loss":0.0,"damage_taken":0.0,"relics_obtained":["Shovel"]}],"is_beta":false,"boss_relics":[{"not_picked":["Snecko Eye","Cursed Key"],"picked":"Runic Pyramid"},{"not_picked":["Calling Bell","Busted Crown"],"picked":"Coffee Dripper"}],"items_purged_floors":[11,20,46],"is_endless":false,"potions_floor_spawned":[4,5,8,10,18,27,30,31,39,47,48],"ascension_level":19}}