{"host":"osk2oboccoevp2u5","time":1611720229,"event":{"mods":["AchievementEnabler","Alarm Clock","BaseMod","Colored Powertips","Disable Question Mark Monsters","Displayed Cursed Tome","Exacting","Key Reminder","Minty Spire (QoL Compilation)","Potion Indicator Mod","Quick Restart","Rare Cards Sparkle","Reorder Act Four","Retaliation","StSLib","Useless Jewels Mod"],"gold_per_floor":[128,278,297,311,40,40,51,51,51,51,51,51,85,96,96,170,170,180,105,138,138,138],"floor_reached":21,"language":"ENG","playtime":1293,"items_purged":["Doubt"],"score":358,"play_id":"e45fa039-f70f-4e98-9e26-b70b8665170d","local_time":"20210127000349","is_ascension_mode":true,"campfire_choices":[{"data":"Infernal Blade","floor":6,"key":"SMITH"},{"floor":8,"key":"REST"},{"data":"Sword Boomerang","floor":10,"key":"SMITH"},{"data":"Seeing Red","floor":12,"key":"SMITH"},{"data":"Bash","floor":15,"key":"SMITH"}],"circlet_count":0,"master_deck":["AscendersBane","Strike_R","Strike_R","Strike_R","Strike_R","Strike_R","Defend_R","Defend_R","Bash+1","Infernal Blade+1","Seeing Red+1","Jack Of All Trades","Sword Boomerang+1","Dropkick","DDmod:SpikeShotSkill","Shrug It Off+1"],"relics":["Black Blood","InkBottle","StrikeDummy","keyreminder:keyreminder"],"acts_visited":["Exordium","TheCity"],"potions_floor_usage":[1,5,13],"damage_taken":[{"damage":7,"enemies":"2 Louse","floor":1,"turns":3},{"damage":7,"enemies":"Cultist","floor":3,"turns":3},{"damage":9,"enemies":"Small Slimes","floor":4,"turns":3},{"damage":20,"enemies":"Red Slaver","floor":7,"turns":4},{"damage":100,"enemies":"Lagavulin","floor":13,"turns":11},{"damage":32,"enemies":"Gremlin Gang","floor":14,"turns":5},{"damage":101,"enemies":"Hexaghost","floor":16,"turns":14},{"damage":59,"enemies":"Chosen","floor":18,"turns":6},{"damage":27,"enemies":"Shell Parasite","floor":20,"turns":3},{"damage":25,"enemies":"Chosen and Byrds","floor":21,"turns":3}],"seed_played":"2687261111805065204","potions_obtained":[{"floor":1,"key":"Fruit Juice"},{"floor":3,"key":"LiquidMemories"},{"floor":7,"key":"FairyPotion"},{"floor":20,"key":"Dexterity Potion"}],"is_trial":false,"path_per_floor":["M","?","M","M","$","R","M","R","T","R","?","R","E","M","R","B",null,"M","?","M","M"],"character_chosen":"IRONCLAD","items_purchased":["Fruit Juice","Jack Of All Trades"],"campfire_rested":1,"item_purchase_floors":[5,5],"current_hp_per_floor":[72,72,71,68,73,73,59,84,84,84,79,79,23,76,76,64,80,33,33,18,0,0],"gold":138,"neow_bonus":"THREE_CARDS","is_daily":false,"chose_seed":false,"campfire_upgraded":4,"win_rate":0.0,"timestamp":1611720229,"path_taken":["M","?","M","M","$","R","M","R","T","R","?","R","E","?","R","BOSS","M","?","?","M"],"items_purchased_type":["Potion","Card"],"build_version":"2020-12-22","purchased_purges":1,"victory":false,"max_hp_per_floor":[80,80,80,80,85,85,85,85,85,85,85,85,85,85,85,85,85,85,85,85,85,85],"card_choices":[{"not_picked":["Body Slam","Bloodletting"],"picked":"Infernal Blade","floor":0},{"not_picked":["DDmod:CallousedSkill","Sword Boomerang"],"picked":"Seeing Red","floor":1},{"not_picked":["Shrug It Off","Perfected Strike","Iron Wave"],"picked":"SKIP","floor":3},{"not_picked":["Twin Strike","Sword Boomerang","Havoc"],"picked":"SKIP","floor":4},{"not_picked":["DDmod:ScaleUpSkill","Body Slam"],"picked":"Sword Boomerang","floor":7},{"not_picked":["Shockwave","Shrug It Off","Reaper"],"picked":"SKIP","floor":13},{"not_picked":["DDmod:EasePowerCard","True Grit","DDmod:PokeAttack"],"picked":"SKIP","floor":14},{"not_picked":["Iron Wave","Flex+1","Headbutt"],"picked":"SKIP","floor":18},{"not_picked":["Clothesline","Combust"],"picked":"Shrug It Off+1","floor":20}],"player_experience":920504,"relics_obtained":[{"floor":9,"key":"InkBottle"},{"floor":13,"key":"StrikeDummy"}],"event_choices":[{"damage_healed":0,"gold_gain":150,"player_choice":"AGREE","damage_taken":0,"max_hp_gain":0,"max_hp_loss":0,"event_name":"Liars Game","floor":2,"gold_loss":0,"cards_obtained":["Doubt"]},{"damage_healed":0,"gold_gain":0,"player_choice":"Bought 0 Potions","damage_taken":0,"max_hp_gain":0,"max_hp_loss":0,"event_name":"The Woman in Blue","floor":11,"gold_loss":0},{"damage_healed":0,"gold_gain":0,"cards_transformed":["Defend_R","Defend_R"],"player_choice":"Transformed Cards","damage_taken":0,"max_hp_gain":0,"max_hp_loss":0,"event_name":"Designer","floor":19,"gold_loss":75,"cards_obtained":["Dropkick","DDmod:SpikeShotSkill"]}],"is_beta":false,"boss_relics":[{"not_picked":["Runic Dome","Sozu"],"picked":"Black Blood"}],"items_purged_floors":[5],"is_endless":false,"potions_floor_spawned":[1,3,7,20],"killed_by":"Chosen and Byrds","ascension_level":20}}