{"host":"Troy","time":1611791728,"event":{"mods":["BaseMod","Colored Map","Highlight Path","Minty Spire (QoL Compilation)","Permanent Neow"],"gold_per_floor":[110,110,30,46,196,196,224,224,299,330,340,367,367,367,367,440,440,455,470,66,95,95,95,121,121,198,232,232,65,65,80,80,152,152,170,170,4,4,14,46,46,46,46,57,57,87,87,118,118,118,118,118,118,38,64,64],"floor_reached":57,"language":"ENG","playtime":4198,"items_purged":["Strike_G","Strike_G"],"score":2976,"play_id":"2e2a341b-b53f-4122-a586-4f4e797dc8a7","local_time":"20210127185528","is_ascension_mode":true,"campfire_choices":[{"data":"Crippling Poison","floor":6.0,"key":"SMITH"},{"data":"Wraith Form v2","floor":8.0,"key":"SMITH"},{"data":"Malaise","floor":15.0,"key":"SMITH"},{"floor":23.0,"key":"REST"},{"data":"Catalyst","floor":25.0,"key":"SMITH"},{"data":"Night Terror","floor":28.0,"key":"SMITH"},{"data":"Night Terror","floor":30.0,"key":"SMITH"},{"data":"Catalyst","floor":32.0,"key":"SMITH"},{"data":"Corpse Explosion","floor":41,"key":"SMITH"},{"floor":45,"key":"RECALL"},{"data":"Footwork","floor":49,"key":"SMITH"},{"data":"Crippling Poison","floor":53,"key":"SMITH"}],"circlet_count":0,"master_deck":["AscendersBane","Defend_G","Defend_G","Defend_G+1","Defend_G","Defend_G","Survivor","Neutralize","Crippling Poison+1","Bouncing Flask+1","Wraith Form v2+1","Malaise+1","Backflip","Noxious Fumes","Night Terror+1","Leg Sweep","Catalyst+1","Footwork+1","Tactician+1","Night Terror+1","Catalyst+1","Unload","Bullet Time","The Bomb","Corpse Explosion+1","Crippling Poison+1","Night Terror"],"relics":["Ring of the Snake","NeowsBlessing","Tough Bandages","Eternal Feather","Ancient Tea Set","Empty Cage","Strange Spoon","MealTicket","Red Mask","Nloth\u0027s Gift","War Paint","Potion Belt","Toolbox","Snecko Eye","Vajra","Lizard Tail","PreservedInsect","The Courier","Thread and Needle","Happy Flower"],"acts_visited":["Exordium","TheCity","TheBeyond","TheEnding"],"potions_floor_usage":[50,56,56,56],"damage_taken":[{"damage":0.0,"enemies":"Jaw Worm","floor":1.0,"turns":1.0},{"damage":0.0,"enemies":"2 Louse","floor":4.0,"turns":1.0},{"damage":0.0,"enemies":"3 Sentries","floor":7.0,"turns":1.0},{"damage":8.0,"enemies":"Lagavulin","floor":10.0,"turns":8.0},{"damage":13.0,"enemies":"Small Slimes","floor":11.0,"turns":3.0},{"damage":2.0,"enemies":"Gremlin Nob","floor":12.0,"turns":5.0},{"damage":24.0,"enemies":"Hexaghost","floor":16.0,"turns":12.0},{"damage":9.0,"enemies":"Chosen","floor":18.0,"turns":6.0},{"damage":24.0,"enemies":"3 Byrds","floor":19.0,"turns":6.0},{"damage":33.0,"enemies":"Masked Bandits","floor":21.0,"turns":6.0},{"damage":6.0,"enemies":"Gremlin Leader","floor":24.0,"turns":6.0},{"damage":22.0,"enemies":"Slavers","floor":27.0,"turns":6.0},{"damage":3.0,"enemies":"Snake Plant","floor":31.0,"turns":6.0},{"damage":51.0,"enemies":"Collector","floor":33.0,"turns":9.0},{"damage":1.0,"enemies":"3 Shapes","floor":35.0,"turns":7.0},{"damage":2,"enemies":"Orb Walker","floor":39,"turns":5},{"damage":4,"enemies":"Reptomancer","floor":40,"turns":2},{"damage":16,"enemies":"Spire Growth","floor":44,"turns":3},{"damage":0,"enemies":"Nemesis","floor":46,"turns":3},{"damage":0,"enemies":"Giant Head","floor":48,"turns":2},{"damage":0,"enemies":"Time Eater","floor":50,"turns":5},{"damage":18,"enemies":"Donu and Deca","floor":51,"turns":4},{"damage":12,"enemies":"Shield and Spear","floor":55,"turns":3},{"damage":27,"enemies":"The Heart","floor":56,"turns":7}],"seed_played":"7813297846325542103","potions_obtained":[{"floor":1.0,"key":"EssenceOfSteel"},{"floor":4.0,"key":"Fire Potion"},{"floor":11.0,"key":"AttackPotion"},{"floor":16.0,"key":"Regen Potion"},{"floor":21.0,"key":"LiquidBronze"},{"floor":24.0,"key":"CunningPotion"},{"floor":27.0,"key":"PowerPotion"},{"floor":33.0,"key":"DistilledChaos"},{"floor":39,"key":"Weak Potion"},{"floor":46,"key":"DistilledChaos"},{"floor":48,"key":"LiquidMemories"},{"floor":55,"key":"Fire Potion"}],"is_trial":false,"path_per_floor":["M","?","$","M","?","R","E","R","T","E","M","E","?","?","R","B",null,"M","M","$","?","?","R","E","R","T","E","R","$","R","M","R","B",null,"M","?","$","?","M","E","R","T","T","M","R","E","?","E","R","B","B",null,"R","$","E","B",null],"character_chosen":"THE_SILENT","items_purchased":["Bouncing Flask","Strange Spoon","MealTicket","Toolbox","Bullet Time"],"campfire_rested":1,"item_purchase_floors":[3,20,20,29,37],"current_hp_per_floor":[59,52,52,52,52,52,52,52,52,44,31,29,29,29,38,14,53,44,35,35,2,2,33,27,39,39,17,29,44,56,53,65,14,53,52,52,63,63,61,57,63,63,63,47,62,62,62,62,63,63,45,59,63,63,51,24],"gold":64,"neow_bonus":"THREE_ENEMY_KILL","is_daily":false,"chose_seed":false,"campfire_upgraded":10,"win_rate":0.0,"timestamp":1611791728,"path_taken":["M","?","$","M","?","R","E","R","T","E","M","E","?","?","R","BOSS","M","M","$","?","?","R","E","R","T","E","R","$","R","?","R","BOSS","M","?","$","?","M","E","R","?","T","?","R","E","?","E","R","BOSS","BOSS","R","$","E","BOSS"],"items_purchased_type":["Card","Relic","Relic","Relic","Card"],"build_version":"2020-12-18","purchased_purges":2,"victory":true,"max_hp_per_floor":[66,66,66,66,66,66,66,66,66,66,66,66,66,66,66,66,66,66,66,66,66,66,66,66,66,66,66,66,66,66,66,66,66,66,66,63,63,63,63,63,63,63,63,63,63,63,63,63,63,63,63,63,63,63,63,63],"card_choices":[{"not_picked":["Accuracy","Prepared"],"picked":"Crippling Poison","floor":1.0},{"not_picked":["Deflect","Acrobatics"],"picked":"Quick Slash","floor":4.0},{"not_picked":["Poisoned Stab","Bouncing Flask"],"picked":"Wraith Form v2","floor":7.0},{"not_picked":["Caltrops","Dagger Spray"],"picked":"Malaise","floor":10.0},{"not_picked":["Quick Slash","Flying Knee"],"picked":"Backflip","floor":11.0},{"not_picked":["Flechettes","Finisher"],"picked":"Noxious Fumes","floor":12.0},{"not_picked":["Die Die Die","Bullet Time"],"picked":"Night Terror","floor":16.0},{"not_picked":["Backflip+1","Deflect"],"picked":"Leg Sweep","floor":18.0},{"not_picked":["Flying Knee","Flechettes"],"picked":"Catalyst","floor":19.0},{"not_picked":["Prepared","Blade Dance+1"],"picked":"Footwork","floor":21.0},{"not_picked":["Flying Knee","Blur"],"picked":"Tactician+1","floor":24.0},{"not_picked":["Dagger Spray+1","Catalyst"],"picked":"Night Terror","floor":27.0},{"not_picked":["Backflip","Poisoned Stab"],"picked":"Catalyst","floor":31.0},{"not_picked":["Doppelganger","Envenom"],"picked":"Unload","floor":33.0},{"not_picked":["Slice","Deflect+1","Distraction"],"picked":"SKIP","floor":35.0},{"not_picked":["Dramatic Entrance","Deep Breath"],"picked":"The Bomb","floor":38},{"not_picked":["Distraction","Endless Agony","Slice"],"picked":"SKIP","floor":39},{"not_picked":["Sucker Punch+1","Underhanded Strike"],"picked":"Corpse Explosion","floor":40},{"not_picked":["Accuracy+1","Bane","Dodge and Roll"],"picked":"SKIP","floor":44},{"not_picked":["A Thousand Cuts","Deflect"],"picked":"Crippling Poison","floor":46},{"not_picked":["Corpse Explosion","Flechettes","Dagger Spray"],"picked":"SKIP","floor":48},{"not_picked":["Reflex","Infinite Blades"],"picked":"Night Terror","floor":55}],"player_experience":4083561,"relics_obtained":[{"floor":7.0,"key":"Tough Bandages"},{"floor":9.0,"key":"Eternal Feather"},{"floor":10.0,"key":"Ancient Tea Set"},{"floor":12.0,"key":"Juzu Bracelet"},{"floor":21.0,"key":"Red Mask"},{"floor":24.0,"key":"War Paint"},{"floor":27.0,"key":"Potion Belt"},{"floor":40,"key":"Vajra"},{"floor":42,"key":"Lizard Tail"},{"floor":43,"key":"PreservedInsect"},{"floor":46,"key":"The Courier"},{"floor":48,"key":"Thread and Needle"},{"floor":55,"key":"Happy Flower"}],"event_choices":[{"cards_removed":["Strike_G"],"damage_healed":0.0,"max_hp_gain":0.0,"max_hp_loss":0.0,"gold_gain":0.0,"event_name":"Golden Wing","player_choice":"Card Removal","floor":2.0,"gold_loss":0.0,"damage_taken":7.0},{"damage_healed":0.0,"max_hp_gain":0.0,"max_hp_loss":0.0,"gold_gain":150.0,"event_name":"Liars Game","player_choice":"AGREE","floor":5.0,"gold_loss":0.0,"damage_taken":0.0,"cards_obtained":["Doubt"]},{"damage_healed":0.0,"max_hp_gain":0.0,"max_hp_loss":0.0,"gold_gain":0.0,"event_name":"Shining Light","player_choice":"Ignored","floor":13.0,"gold_loss":0.0,"damage_taken":0.0},{"cards_removed":["Doubt"],"damage_healed":0.0,"max_hp_gain":0.0,"max_hp_loss":0.0,"gold_gain":0.0,"event_name":"Living Wall","player_choice":"Forget","floor":14.0,"gold_loss":0.0,"damage_taken":0.0},{"damage_healed":0.0,"max_hp_gain":0.0,"max_hp_loss":0.0,"gold_gain":0.0,"event_name":"Masked Bandits","player_choice":"Fought Bandits","floor":21.0,"gold_loss":0.0,"damage_taken":0.0},{"damage_healed":0.0,"max_hp_gain":0.0,"max_hp_loss":0.0,"gold_gain":0.0,"event_name":"N\u0027loth","player_choice":"Traded Relic","floor":22.0,"relics_lost":["Juzu Bracelet"],"gold_loss":0.0,"damage_taken":0.0,"relics_obtained":["Nloth\u0027s Gift"]},{"damage_healed":0.0,"max_hp_gain":0.0,"max_hp_loss":3.0,"gold_gain":0.0,"event_name":"Winding Halls","player_choice":"Max HP","floor":36.0,"gold_loss":0.0,"damage_taken":0.0},{"damage_healed":0,"gold_gain":0,"player_choice":"Memory 1","damage_taken":0,"max_hp_gain":0,"max_hp_loss":0,"event_name":"SensoryStone","floor":38,"gold_loss":0},{"cards_removed":["Quick Slash"],"damage_healed":0,"gold_gain":0,"player_choice":"Removed Attack","damage_taken":0,"max_hp_gain":0,"max_hp_loss":0,"event_name":"Falling","floor":47,"gold_loss":0}],"is_beta":true,"boss_relics":[{"not_picked":["Pandora\u0027s Box","Velvet Choker"],"picked":"Empty Cage"},{"not_picked":["Busted Crown","SacredBark"],"picked":"Snecko Eye"}],"items_purged_floors":[20,54],"is_endless":false,"potions_floor_spawned":[1,4,11,16,21,24,27,33,39,46,48,55],"ascension_level":20}}