{"host":"6p0attdrtjqaih7v","time":1611722877,"event":{"mods":["2.2 Compatiblity","AchievementEnabler","Bard","BaseMod","Better Skull","Better Third Choice","Colored Powertips","Hermit","Highlight Path","Jorbs\u0027s Wanderer Trilogy","Key Reminder","Minty Spire (QoL Compilation)","Permanent Neow","Quick Restart","Random Character Button","Relic Stats","Replay The Spire","Robot Space Explorer","StSLib"],"gold_per_floor":[110,110,75,89,103,103,113,141,166,166,193,44,44,69,69,143,143,162,162,32,50,68,102,102,119,146,174,174,210,210,210,210,286,286,306,306,319,32,46,46,98,141,159,82,91,131,151,176,176,176,176],"floor_reached":52,"language":"ENG","playtime":2993,"items_purged":["Strike_G","stsjorbsmod:Procrastination"],"score":2111,"play_id":"2590a92c-d467-472f-8324-fb5bb10df842","local_time":"20210126234757","is_ascension_mode":true,"campfire_choices":[{"data":"Neutralize","floor":6,"key":"SMITH"},{"data":"Dagger Spray","floor":10,"key":"SMITH"},{"floor":15,"key":"REST"},{"floor":24,"key":"REST"},{"data":"Accuracy","floor":28,"key":"SMITH"},{"floor":32,"key":"REST"},{"data":"After Image","floor":40,"key":"SMITH"},{"floor":45,"key":"REST"},{"floor":49,"key":"REST"}],"circlet_count":0,"master_deck":["AscendersBane","Strike_G","Strike_G","Strike_G","Defend_G","Defend_G","Defend_G","Defend_G","Defend_G","Survivor","Neutralize+1","Pot Of Greed","Pot Of Greed","Quick Slash","Blade Dance","Flying Knee+1","Dagger Spray+1","Backstab+1","Blade Dance","After Image+1","ReplayTheSpireMod:From All Sides","Blade Dance+1","Backstab","Accuracy+1","Blade Dance","Ghostly","Ghostly","Ghostly","Tools of the Trade","Quick Slash","Backflip","Escape Plan","PiercingWail+1","Malaise","Pot Of Greed","Infinite Blades","Blind","Terror","Acrobatics","Blade Dance+1"],"relics":["Ring of the Snake","Grinning Jar","Nunchaku","Anchor","Centennial Puzzle","FossilizedHelix","Black Star","Potion Belt","Ancient Tea Set","Blue Doll","Tiny Chest","Counterbalance","Toy Ornithopter","Cursed Key","Mirror","CaptainsWheel","CeramicFish","Garlic","Replay:PocketPolymizer","Torii","Replay:Wax Seal"],"acts_visited":["Exordium","TheCity","TheBeyond"],"potions_floor_usage":[8,16,16,22,23,33,33,41,42,46,47,50],"damage_taken":[{"damage":2,"enemies":"Jaw Worm","floor":1,"turns":6},{"damage":0,"enemies":"2 Louse","floor":4,"turns":3},{"damage":0,"enemies":"Cultist","floor":5,"turns":3},{"damage":12,"enemies":"Large Slime","floor":7,"turns":6},{"damage":12,"enemies":"Lagavulin","floor":8,"turns":5},{"damage":0,"enemies":"3 Sentries","floor":11,"turns":5},{"damage":3,"enemies":"Gremlin Nob","floor":14,"turns":3},{"damage":27,"enemies":"Slime Boss","floor":16,"turns":11},{"damage":0,"enemies":"Spheric Guardian","floor":18,"turns":4},{"damage":0,"enemies":"2 Thieves","floor":21,"turns":4},{"damage":0,"enemies":"Chosen and Byrds","floor":22,"turns":5},{"damage":17,"enemies":"Book of Stabbing","floor":23,"turns":7},{"damage":0,"enemies":"Centurion and Healer","floor":25,"turns":5},{"damage":7,"enemies":"Replay:Snechameleon","floor":27,"turns":8},{"damage":17,"enemies":"Champ","floor":33,"turns":10},{"damage":0,"enemies":"3 Darklings","floor":35,"turns":5},{"damage":0,"enemies":"Orb Walker","floor":37,"turns":2},{"damage":0,"enemies":"Spire Growth","floor":39,"turns":5},{"damage":0,"enemies":"2 Orb Walkers","floor":41,"turns":3},{"damage":16,"enemies":"Nemesis","floor":42,"turns":9},{"damage":15,"enemies":"Jaw Worm Horde","floor":44,"turns":5},{"damage":0,"enemies":"Giant Head","floor":46,"turns":7},{"damage":2,"enemies":"Sphere and 2 Shapes","floor":47,"turns":6},{"damage":0,"enemies":"Writhing Mass","floor":48,"turns":8},{"damage":0,"enemies":"Donu and Deca","floor":50,"turns":11},{"damage":10,"enemies":"Awakened One","floor":51,"turns":17}],"seed_played":"3808520232135135476","potions_obtained":[{"floor":1,"key":"LifebloodPotion"},{"floor":4,"key":"Strength Potion"},{"floor":11,"key":"GamblersBrew"},{"floor":22,"key":"SteroidPotion"},{"floor":25,"key":"SpeedPotion"},{"floor":29,"key":"Death Potion"},{"floor":29,"key":"Reflective Coating"},{"floor":37,"key":"SpeedPotion"},{"floor":39,"key":"PowerPotion"},{"floor":47,"key":"FearPotion"}],"is_trial":false,"path_per_floor":["M","?","?","M","M","R","M","E","T","R","E","$","?","E","R","B",null,"M","?","$","M","M","E","R","M","T","E","R","?","?","?","R","B",null,"M","T","M","$","M","R","?","E","T","M","R","E","M","M","R","B","B",null],"character_chosen":"THE_SILENT","items_purchased":["After Image","AttackPotion","Escape Plan","FearPotion","Adrenaline Potion"],"campfire_rested":5,"item_purchase_floors":[12,20,38,38,38],"current_hp_per_floor":[57,50,66,66,66,66,54,42,42,42,42,42,22,19,38,11,52,52,48,48,48,48,31,50,50,50,43,43,17,17,17,26,16,29,29,29,29,29,29,29,33,17,17,2,11,16,19,19,28,33,23],"gold":176,"neow_bonus":"RANDOM_COMMON_RELIC","is_daily":false,"chose_seed":false,"campfire_upgraded":4,"win_rate":0.0,"timestamp":1611722877,"path_taken":["M","?","?","M","M","R","M","E","T","R","E","$","?","E","R","BOSS","M","?","$","?","M","E","R","M","T","E","R","?","?","?","R","BOSS","M","?","M","$","M","R","?","E","T","M","R","E","M","M","R","BOSS","BOSS"],"items_purchased_type":["Card","Potion","Card","Potion","Potion"],"build_version":"2020-12-22","purchased_purges":2,"victory":true,"max_hp_per_floor":[66,66,66,66,66,66,66,66,66,66,66,66,66,66,66,66,66,66,66,66,66,66,66,66,66,66,66,66,66,66,33,33,33,33,33,33,33,33,33,33,33,33,33,33,33,33,33,33,33,33,33],"relic_stats":{"Nunchaku":[62],"Centennial Puzzle":[27],"Torii":11,"counters":[26,163],"CeramicFish":72,"Tiny Chest":1,"Black Star":4,"Cursed Key":2,"obtain_stats":[{"Potion Belt":23,"Replay:PocketPolymizer":43,"Torii":46,"Counterbalance":27,"CeramicFish":42,"Blue Doll":26,"Ancient Tea Set":23,"Cursed Key":34,"Nunchaku":8,"Anchor":9,"Centennial Puzzle":11,"CaptainsWheel":41,"Tiny Chest":27,"Black Star":17,"Garlic":42,"Grinning Jar":0,"Replay:Wax Seal":46,"Mirror":36,"FossilizedHelix":14,"Toy Ornithopter":29,"Ring of the Snake":0},{"Potion Belt":12,"Replay:PocketPolymizer":20,"Torii":22,"Counterbalance":14,"CeramicFish":20,"Blue Doll":13,"Ancient Tea Set":12,"Cursed Key":15,"Nunchaku":5,"Anchor":5,"Centennial Puzzle":6,"CaptainsWheel":19,"Tiny Chest":14,"Black Star":8,"Garlic":20,"Grinning Jar":0,"Replay:Wax Seal":22,"Mirror":16,"FossilizedHelix":7,"Toy Ornithopter":14,"Ring of the Snake":0},{"Potion Belt":62,"Replay:PocketPolymizer":109,"Torii":121,"Counterbalance":75,"CeramicFish":109,"Blue Doll":67,"Ancient Tea Set":62,"Cursed Key":85,"Nunchaku":23,"Anchor":23,"Centennial Puzzle":28,"CaptainsWheel":100,"Tiny Chest":75,"Black Star":42,"Garlic":109,"Grinning Jar":0,"Replay:Wax Seal":121,"Mirror":90,"FossilizedHelix":31,"Toy Ornithopter":75,"Ring of the Snake":0}],"Toy Ornithopter":26,"Ring of the Snake":[52]},"card_choices":[{"not_picked":["Distraction","Setup"],"picked":"Quick Slash","floor":1},{"not_picked":["Terror","Deadly Poison"],"picked":"Blade Dance","floor":4},{"not_picked":["Cloak And Dagger","Backflip"],"picked":"Flying Knee","floor":5},{"not_picked":["Prepared","Deflect"],"picked":"Dagger Spray","floor":7},{"not_picked":["Concentrate","ReplayTheSpireMod:Scrap Shanks"],"picked":"Backstab","floor":8},{"not_picked":["Riddle With Holes","Concentrate"],"picked":"Blade Dance","floor":11},{"not_picked":["Backflip","Grand Finale","Slice"],"picked":"SKIP","floor":14},{"not_picked":["Unload","Phantasmal Killer"],"picked":"ReplayTheSpireMod:From All Sides","floor":16},{"not_picked":["Flying Knee","Eviscerate","Replay:Poison Smokescreen+1"],"picked":"SKIP","floor":18},{"not_picked":["Dodge and Roll","Dagger Spray","Bouncing Flask"],"picked":"SKIP","floor":21},{"not_picked":["Skewer","Dodge and Roll","Poisoned Stab"],"picked":"SKIP","floor":22},{"not_picked":["Blur","Deflect"],"picked":"Blade Dance+1","floor":23},{"not_picked":["Dash","ReplayTheSpireMod:Necrosis"],"picked":"Backstab","floor":25},{"not_picked":["Infinite Blades","Calculated Gamble"],"picked":"Accuracy","floor":27},{"not_picked":["Toxin Wave+1","Infinite Blades"],"picked":"Blade Dance","floor":29},{"not_picked":["Die Die Die","Storm of Steel"],"picked":"Tools of the Trade","floor":33},{"not_picked":["Prepared","Flying Knee"],"picked":"Quick Slash","floor":35},{"not_picked":["Dagger Throw","Deflect"],"picked":"Backflip","floor":37},{"not_picked":["Catalyst+1","Crippling Poison"],"picked":"PiercingWail+1","floor":39},{"not_picked":["Dagger Throw","Dash"],"picked":"Malaise","floor":42},{"not_picked":["Dagger Spray+1","Outmaneuver+1"],"picked":"Infinite Blades","floor":44},{"not_picked":["Acrobatics","Deadly Poison"],"picked":"Terror","floor":46},{"not_picked":["Infinite Blades+1","Bane+1"],"picked":"Acrobatics","floor":47},{"not_picked":["Infinite Blades","Sucker Punch+1"],"picked":"Blade Dance+1","floor":48}],"player_experience":961750,"relics_obtained":[{"floor":8,"key":"Nunchaku"},{"floor":9,"key":"Anchor"},{"floor":11,"key":"Centennial Puzzle"},{"floor":14,"key":"FossilizedHelix"},{"floor":23,"key":"Potion Belt"},{"floor":23,"key":"Ancient Tea Set"},{"floor":26,"key":"Blue Doll"},{"floor":27,"key":"Tiny Chest"},{"floor":27,"key":"Counterbalance"},{"floor":29,"key":"Toy Ornithopter"},{"floor":36,"key":"Mirror"},{"floor":41,"key":"CaptainsWheel"},{"floor":42,"key":"CeramicFish"},{"floor":42,"key":"Garlic"},{"floor":43,"key":"Replay:PocketPolymizer"},{"floor":46,"key":"Torii"},{"floor":46,"key":"Replay:Wax Seal"}],"event_choices":[{"cards_removed":["Strike_G"],"damage_healed":0,"gold_gain":0,"player_choice":"Card Removal","damage_taken":7,"max_hp_gain":0,"max_hp_loss":0,"event_name":"Golden Wing","floor":2,"gold_loss":0},{"damage_healed":16,"gold_gain":0,"player_choice":"Healed","damage_taken":0,"max_hp_gain":0,"max_hp_loss":0,"event_name":"The Cleric","floor":3,"gold_loss":35},{"damage_healed":0,"gold_gain":0,"player_choice":"Entered Light","damage_taken":20,"max_hp_gain":0,"max_hp_loss":0,"event_name":"Shining Light","floor":13,"gold_loss":0,"cards_upgraded":["Backstab","Flying Knee"]},{"damage_healed":0,"gold_gain":0,"player_choice":"Bought 0 Potions","damage_taken":0,"max_hp_gain":0,"max_hp_loss":0,"event_name":"The Woman in Blue","floor":19,"gold_loss":0},{"damage_healed":0,"gold_gain":0,"player_choice":"Became a Ghost","damage_taken":0,"max_hp_gain":0,"max_hp_loss":33,"event_name":"Ghosts","floor":31,"gold_loss":0,"cards_obtained":["Ghostly","Ghostly","Ghostly"]},{"damage_healed":0,"gold_gain":0,"player_choice":"Fight","damage_taken":0,"max_hp_gain":0,"max_hp_loss":0,"event_name":"Mysterious Sphere","floor":41,"gold_loss":0}],"is_beta":false,"boss_relics":[{"not_picked":["Ring of Chaos","Snecko Eye"],"picked":"Black Star"},{"not_picked":["Empty Cage","SlaversCollar"],"picked":"Cursed Key"}],"items_purged_floors":[20,38],"is_endless":false,"potions_floor_spawned":[1,4,11,22,25,37,39,47],"ascension_level":20}}