{"host":"3qkmyeoym75lj4wn","time":1611711651,"event":{"mods":["2.2 Compatiblity","Act Like it!","BaseMod","Bestiary","Block Reminder","Colored Powertips","Highlight Path","Minty Spire (QoL Compilation)","Permanent Neow","Rare Cards Sparkle","Relic Stats","StSLib"],"gold_per_floor":[109,109,184,184,197,232,232,262,312,332,362,373,373,404,404,479,479,452,468,468,481,167,167,181,215,215,215,215],"floor_reached":27,"language":"ENG","playtime":756,"items_purged":["Strike_P"],"score":602,"play_id":"9e1eb15d-62d7-4116-9908-229cddb29f01","local_time":"20210127014051","is_ascension_mode":true,"campfire_choices":[{"floor":7.0,"key":"REST"},{"data":"Eruption","floor":13.0,"key":"SMITH"},{"data":"ForeignInfluence","floor":15.0,"key":"SMITH"},{"data":"Adaptation","floor":23,"key":"SMITH"}],"circlet_count":0,"master_deck":["AscendersBane","Strike_P","Defend_P","Defend_P","Defend_P","Defend_P","Eruption+1","Vigilance+1","FollowUp+1","Halt","BowlingBash","Conclude","ForeignInfluence+1","LikeWater","Wish","Crescendo","Judgement","Adaptation+1","CutThroughFate"],"relics":["PureWater","Pen Nib","FossilizedHelix","Bronze Scales","Oddly Smooth Stone","Singing Bowl","Vajra","SacredBark","Sling","Pantograph"],"acts_visited":["Exordium","TheCity"],"potions_floor_usage":[25,27],"damage_taken":[{"damage":0.0,"enemies":"2 Louse","floor":1.0,"turns":2.0},{"damage":0.0,"enemies":"Small Slimes","floor":5.0,"turns":3.0},{"damage":13.0,"enemies":"Lagavulin","floor":6.0,"turns":7.0},{"damage":0.0,"enemies":"Gremlin Nob","floor":8.0,"turns":2.0},{"damage":0.0,"enemies":"Jaw Worm","floor":10.0,"turns":2.0},{"damage":0.0,"enemies":"Blue Slaver","floor":12.0,"turns":2.0},{"damage":0.0,"enemies":"3 Sentries","floor":14.0,"turns":4.0},{"damage":3.0,"enemies":"The Guardian","floor":16.0,"turns":12.0},{"damage":5,"enemies":"2 Thieves","floor":18,"turns":4},{"damage":0,"enemies":"Shell Parasite","floor":19,"turns":2},{"damage":0,"enemies":"Shelled Parasite and Fungi","floor":21,"turns":3},{"damage":0,"enemies":"Cultist and Chosen","floor":24,"turns":3},{"damage":18,"enemies":"Book of Stabbing","floor":25,"turns":6},{"damage":66,"enemies":"Gremlin Leader","floor":27,"turns":2}],"seed_played":"1720265630731666835","potions_obtained":[{"floor":12.0,"key":"EssenceOfSteel"},{"floor":14.0,"key":"Dexterity Potion"},{"floor":19,"key":"Strength Potion"}],"is_trial":false,"path_per_floor":["M","?","?","?","M","E","R","E","T","M","?","M","R","E","R","B",null,"M","M","?","M","$","R","M","E","T","E"],"character_chosen":"WATCHER","items_purchased":["Adaptation","Sling"],"campfire_rested":1,"item_purchase_floors":[22,22],"current_hp_per_floor":[61,50,39,19,19,6,26,26,26,26,26,28,28,30,30,27,61,58,60,60,62,62,62,62,46,46,0,0],"gold":215,"neow_bonus":"THREE_CARDS","is_daily":false,"chose_seed":false,"campfire_upgraded":3,"win_rate":0.0,"timestamp":1611711651,"path_taken":["M","?","?","?","M","E","R","E","T","M","?","?","R","E","R","BOSS","M","M","?","M","$","R","M","E","T","E"],"items_purchased_type":["Card","Relic"],"build_version":"2020-12-22","purchased_purges":1,"victory":false,"max_hp_per_floor":[68,68,68,68,68,68,68,68,68,68,68,70,70,72,72,72,72,74,76,76,78,78,78,78,80,80,80,80],"relic_stats":{"Singing Bowl":12,"counters":[14,54],"Bronze Scales":[146],"Pantograph":0,"Pen Nib":[8],"obtain_stats":[{"Singing Bowl":11,"Bronze Scales":8,"SacredBark":17,"Pantograph":25,"Oddly Smooth Stone":9,"Vajra":14,"Pen Nib":2,"PureWater":0,"Sling":22,"FossilizedHelix":6},{"Singing Bowl":5,"Bronze Scales":4,"SacredBark":8,"Pantograph":13,"Oddly Smooth Stone":4,"Vajra":7,"Pen Nib":1,"PureWater":0,"Sling":11,"FossilizedHelix":3},{"Singing Bowl":16,"Bronze Scales":14,"SacredBark":34,"Pantograph":52,"Oddly Smooth Stone":14,"Vajra":22,"Pen Nib":2,"PureWater":0,"Sling":43,"FossilizedHelix":12}]},"card_choices":[{"not_picked":["ThirdEye","WreathOfFlame"],"picked":"FollowUp","floor":0.0},{"not_picked":["JustLucky","Protect"],"picked":"Halt","floor":1.0},{"not_picked":["ForeignInfluence","WheelKick"],"picked":"BowlingBash","floor":5.0},{"not_picked":["Wish","FollowUp"],"picked":"Conclude","floor":6.0},{"not_picked":["CarveReality","WheelKick"],"picked":"ForeignInfluence","floor":8.0},{"not_picked":["FlyingSleeves","CrushJoints"],"picked":"LikeWater","floor":10.0},{"not_picked":["WheelKick","PathToVictory","ThirdEye"],"picked":"Singing Bowl","floor":12.0},{"not_picked":["WreathOfFlame","BowlingBash","Halt"],"picked":"Singing Bowl","floor":14.0},{"not_picked":["ConjureBlade","Blasphemy"],"picked":"Wish","floor":16.0},{"not_picked":["CrushJoints","FlyingSleeves","Halt"],"picked":"Singing Bowl","floor":18},{"not_picked":["Prostrate","ThirdEye","LikeWater"],"picked":"Singing Bowl","floor":19},{"not_picked":["Fasting2","EmptyBody+1","FollowUp"],"picked":"Singing Bowl","floor":21},{"not_picked":["Pray","Protect"],"picked":"CutThroughFate","floor":24},{"not_picked":["Protect","Prostrate","ClearTheMind"],"picked":"Singing Bowl","floor":25}],"player_experience":1707522,"relics_obtained":[{"floor":6.0,"key":"FossilizedHelix"},{"floor":8.0,"key":"Bronze Scales"},{"floor":9.0,"key":"Oddly Smooth Stone"},{"floor":14.0,"key":"Vajra"},{"floor":25,"key":"Pantograph"}],"event_choices":[{"damage_healed":0.0,"max_hp_gain":0.0,"max_hp_loss":0.0,"gold_gain":0.0,"event_name":"Scrap Ooze","player_choice":"Success","floor":2.0,"gold_loss":0.0,"damage_taken":11.0,"relics_obtained":["Pen Nib"]},{"damage_healed":0.0,"max_hp_gain":0.0,"max_hp_loss":0.0,"gold_gain":75.0,"event_name":"World of Goop","player_choice":"Gather Gold","floor":3.0,"gold_loss":0.0,"damage_taken":11.0},{"damage_healed":0.0,"max_hp_gain":0.0,"max_hp_loss":0.0,"gold_gain":0.0,"event_name":"Shining Light","player_choice":"Entered Light","floor":4.0,"gold_loss":0.0,"damage_taken":20.0,"cards_upgraded":["Vigilance","FollowUp"]},{"damage_healed":0.0,"max_hp_gain":0.0,"max_hp_loss":0.0,"gold_gain":30.0,"event_name":"Dead Adventurer","player_choice":"Searched \u00272\u0027 times","floor":11.0,"gold_loss":0.0,"damage_taken":0.0,"relics_obtained":["Singing Bowl"]},{"damage_healed":0,"gold_gain":0,"cards_transformed":["Strike_P","Strike_P"],"player_choice":"Became Test Subject","damage_taken":0,"max_hp_gain":0,"max_hp_loss":0,"event_name":"Drug Dealer","floor":20,"gold_loss":0,"cards_obtained":["Crescendo","Judgement"]}],"is_beta":false,"boss_relics":[{"not_picked":["Ectoplasm","Pandora\u0027s Box"],"picked":"SacredBark"}],"items_purged_floors":[22],"is_endless":false,"potions_floor_spawned":[12,14,16,19],"killed_by":"Gremlin Leader","ascension_level":20}}