{"host":"51mqhfpmwwd4kxyt","time":1611752176,"event":{"mods":["BaseMod","Downfall","Hermit","Highlight Path","Minty Spire (QoL Compilation)","READ ME - Guardian Mod","Remilia??????","StSLib","The Animator","The Bug Knight","The Cursed","The Jungle","The Servant 0.9.4"],"gold_per_floor":[118,118,43,118,129,159,159,183,183,200,210,220,220,239,239,336,336,354,370,235,185,198,231,231,231,231],"floor_reached":25,"language":"ENG","playtime":1385,"items_purged":["hermit:Strike_Hermit","hermit:Strike_Hermit"],"score":248,"play_id":"6afa80a3-16e4-47f9-b2ca-c32163d9686d","local_time":"20210127075616","is_ascension_mode":false,"campfire_choices":[{"data":"hermit:Brawl","floor":7.0,"key":"SMITH"},{"floor":15.0,"key":"REST"},{"floor":24.0,"key":"REST"}],"circlet_count":0,"master_deck":["hermit:Strike_Hermit","hermit:Strike_Hermit","hermit:Defend_Hermit","hermit:Defend_Hermit","hermit:Defend_Hermit","hermit:Defend_Hermit+1","hermit:Snapshot","hermit:Covet+1","hermit:WideOpen","hermit:PistolWhip","hermit:Brawl+1","hermit:Combo+1","hermit:Enervate","hermit:TrackingShot","hermit:GhostlyPresence","hermit:FatalDesire","hermit:CursedWeapon+1","hermit:ShadowCloak","hermit:RoundhouseKick","hermit:Coalescence"],"relics":["hermit:Momento","NeowsBlessing","War Paint","Odd Mushroom","Torii","bronze:MakeshiftBattery","Boot"],"acts_visited":["Exordium","TheCity"],"potions_floor_usage":[],"damage_taken":[{"damage":0.0,"enemies":"2 Louse","floor":1.0,"turns":1.0},{"damage":0.0,"enemies":"Cultist","floor":5.0,"turns":1.0},{"damage":0.0,"enemies":"Gremlin Nob","floor":6.0,"turns":1.0},{"damage":19.0,"enemies":"The Mushroom Lair","floor":8.0,"turns":4.0},{"damage":1.0,"enemies":"Small Slimes","floor":10.0,"turns":4.0},{"damage":9.0,"enemies":"3 Louse","floor":11.0,"turns":3.0},{"damage":1.0,"enemies":"Exordium Wildlife","floor":12.0,"turns":4.0},{"damage":0.0,"enemies":"2 Fungi Beasts","floor":14.0,"turns":2.0},{"damage":26.0,"enemies":"The Guardian","floor":16.0,"turns":8.0},{"damage":9.0,"enemies":"3 Byrds","floor":18.0,"turns":3.0},{"damage":2.0,"enemies":"Spheric Guardian","floor":19.0,"turns":3.0},{"damage":23.0,"enemies":"Centurion and Healer","floor":22.0,"turns":7.0},{"damage":38.0,"enemies":"Slavers","floor":23.0,"turns":5.0},{"damage":0,"enemies":"Snecko","floor":25,"turns":1}],"seed_played":"8839541508815410202","potions_obtained":[{"floor":2.0,"key":"Slimebound:ThreeZeroPotion"},{"floor":2.0,"key":"SneckoOil"},{"floor":2.0,"key":"SneckoOil"},{"floor":11.0,"key":"Fire Potion"},{"floor":12.0,"key":"Explosive Potion"},{"floor":14.0,"key":"LiquidBronze"},{"floor":16.0,"key":"champ:CounterPotion"},{"floor":22.0,"key":"hermit:BlackBile"},{"floor":23.0,"key":"Block Potion"}],"is_trial":false,"path_per_floor":["M","?","$","?","M","E","R","?","T","M","M","M","?","M","R","B",null,"M","M","$","?","M","E","R","M"],"character_chosen":"HERMIT","items_purchased":["hermit:ShadowCloak"],"campfire_rested":2,"item_purchase_floors":[20],"current_hp_per_floor":[75,75,75,64,64,64,64,45,45,44,35,34,34,34,56,30,75,66,64,64,64,41,3,25,25,25],"gold":231,"neow_bonus":"THREE_ENEMY_KILL","is_daily":false,"chose_seed":false,"campfire_upgraded":1,"win_rate":0.0,"timestamp":1611752176,"path_taken":["M","?","?","?","M","E","R","?","T","M","?","M","?","?","R","BOSS","M","M","$","?","?","E","R","M"],"items_purchased_type":["Card"],"build_version":"2020-12-22","purchased_purges":2,"victory":false,"max_hp_per_floor":[75,75,75,75,75,75,75,75,75,75,75,75,75,75,75,75,75,75,75,75,75,75,75,75,75,75],"card_choices":[{"not_picked":["hermit:LowProfile","hermit:Feint"],"picked":"hermit:WideOpen","floor":1.0},{"not_picked":["hermit:TrackingShot","hermit:HoleUp"],"picked":"hermit:PistolWhip","floor":5.0},{"not_picked":["hermit:Misfire","hermit:Roulette"],"picked":"hermit:Brawl","floor":6.0},{"not_picked":["hermit:Purgatory","hermit:Enervate"],"picked":"hermit:Combo","floor":8.0},{"not_picked":["hermit:ItchyTrigger","hermit:Midnight"],"picked":"hermit:Enervate","floor":10.0},{"not_picked":["hermit:Feint","hermit:Desperado","hermit:Misfire"],"picked":"SKIP","floor":11.0},{"not_picked":["hermit:LowProfile","hermit:Glare"],"picked":"hermit:TrackingShot","floor":12.0},{"not_picked":["hermit:Desperado","hermit:Snipe"],"picked":"hermit:GhostlyPresence","floor":14.0},{"not_picked":["hermit:HighNoon","hermit:HeroicBravado"],"picked":"hermit:FatalDesire","floor":16.0},{"not_picked":["hermit:Coalescence","hermit:Feint"],"picked":"hermit:CursedWeapon+1","floor":18.0},{"not_picked":["hermit:Midnight","hermit:CursedWeapon+1","hermit:Snipe"],"picked":"SKIP","floor":19.0},{"not_picked":["hermit:Determination","hermit:Deadeye+1"],"picked":"hermit:RoundhouseKick","floor":22.0},{"not_picked":["hermit:Snipe","hermit:Desperado"],"picked":"hermit:Coalescence","floor":23.0}],"player_experience":420167,"relics_obtained":[{"floor":6.0,"key":"War Paint"},{"floor":8.0,"key":"Odd Mushroom"},{"floor":9.0,"key":"Torii"},{"floor":23.0,"key":"Boot"}],"event_choices":[{"damage_healed":0.0,"max_hp_gain":0.0,"max_hp_loss":0.0,"gold_gain":0.0,"event_name":"Lab","player_choice":"Got Potions","floor":2.0,"gold_loss":0.0,"damage_taken":0.0},{"damage_healed":0.0,"max_hp_gain":0.0,"max_hp_loss":0.0,"gold_gain":75.0,"event_name":"World of Goop","player_choice":"Gather Gold","floor":4.0,"gold_loss":0.0,"damage_taken":11.0},{"damage_healed":0.0,"max_hp_gain":0.0,"max_hp_loss":0.0,"gold_gain":0.0,"event_name":"Mushrooms","player_choice":"Fought Mushrooms","floor":8.0,"gold_loss":0.0,"damage_taken":0.0},{"damage_healed":0.0,"max_hp_gain":0.0,"max_hp_loss":0.0,"gold_gain":0.0,"event_name":"Upgrade Shrine","player_choice":"Upgraded","floor":13.0,"gold_loss":0.0,"damage_taken":0.0,"cards_upgraded":["hermit:Combo"]},{"damage_healed":0.0,"max_hp_gain":0.0,"max_hp_loss":0.0,"gold_gain":0.0,"event_name":"The Joust","player_choice":"Bet on Owner","floor":21.0,"gold_loss":50.0,"damage_taken":0.0}],"is_beta":false,"boss_relics":[{"not_picked":["Pandora\u0027s Box","Ectoplasm"],"picked":"bronze:MakeshiftBattery"}],"items_purged_floors":[3,20],"is_endless":false,"potions_floor_spawned":[11,12,14,16,22,23],"killed_by":"Snecko","ascension_level":0}}