{"host":"klbhqnog8guy54fi","time":1611741544,"event":{"mods":["AchievementEnabler","BaseMod","Googly Eyes","Minty Spire (QoL Compilation)","Replay The Spire","StSLib"],"gold_per_floor":[113,177,102,102,122,122,150,150,150,150,150,150,150,165,196,196,196,196,196],"floor_reached":18,"language":"ENG","playtime":579,"items_purged":["Strike_B"],"score":174,"play_id":"b453b53b-97aa-4a0a-a508-68180a8791eb","local_time":"20210127095904","is_ascension_mode":true,"campfire_choices":[{"data":"BasicCrystalCard","floor":6,"key":"SMITH"},{"data":"Sunder","floor":8,"key":"SMITH"},{"data":"Conserve Battery","floor":12,"key":"SMITH"},{"floor":17,"key":"REST"}],"circlet_count":0,"master_deck":["AscendersBane","Strike_B","Strike_B","Defend_B","Defend_B","Defend_B","Defend_B","Zap","Dualcast","Sunder+1","BasicCrystalCard+1","Conserve Battery+1","Cold Snap"],"relics":["Cracked Core","MealTicket","Replay:Ringing Soul","Girya","Ancient Tea Set","Onion Ring"],"acts_visited":["Exordium"],"potions_floor_usage":[18,18],"damage_taken":[{"damage":1,"enemies":"2 Louse","floor":1,"turns":2},{"damage":0,"enemies":"Small Slimes","floor":5,"turns":2},{"damage":40,"enemies":"Gremlin Nob","floor":7,"turns":4},{"damage":7,"enemies":"Jaw Worm","floor":14,"turns":2},{"damage":12,"enemies":"3 Sentries","floor":15,"turns":7},{"damage":65,"enemies":"Fading Forest","floor":18,"turns":9}],"seed_played":"6279710732220915149","potions_obtained":[{"floor":1,"key":"Block Potion"},{"floor":7,"key":"SkillPotion"}],"is_trial":false,"path_per_floor":["M","?","$","?","M","R","E","R","PTL","PTL","T","R","?","M","E","?","R","B"],"character_chosen":"DEFECT","items_purchased":[],"campfire_rested":1,"item_purchase_floors":[],"current_hp_per_floor":[67,67,75,80,80,80,43,43,43,43,43,43,31,24,15,15,40,0,0],"gold":196,"neow_bonus":"RANDOM_COMMON_RELIC","is_daily":false,"chose_seed":false,"campfire_upgraded":3,"win_rate":0.0,"timestamp":1611741544,"path_taken":["M","?","$","?","?","R","E","R","PTL","PTL","T","R","?","M","E","?","R","BOSS"],"items_purchased_type":[],"build_version":"2020-12-22","purchased_purges":1,"victory":false,"max_hp_per_floor":[75,75,75,80,80,80,83,83,83,83,83,83,83,83,86,86,86,86,86],"card_choices":[{"not_picked":["Redo","Gash"],"picked":"Sunder","floor":1},{"not_picked":["Rip and Tear","Recycle"],"picked":"BasicCrystalCard","floor":5},{"not_picked":["Leap","ReplaySolidLightProjector"],"picked":"Conserve Battery","floor":7},{"not_picked":["Recycle","Steam Power","Sweeping Beam"],"picked":"SKIP","floor":14},{"not_picked":["Compile Driver","Ball Lightning"],"picked":"Cold Snap","floor":15}],"player_experience":355993,"relics_obtained":[{"floor":7,"key":"Replay:Ringing Soul"},{"floor":11,"key":"Girya"},{"floor":15,"key":"Onion Ring"}],"event_choices":[{"damage_healed":0,"gold_gain":64,"player_choice":"Gained Gold","damage_taken":0,"max_hp_gain":0,"max_hp_loss":0,"event_name":"Golden Wing","floor":2,"gold_loss":0},{"damage_healed":0,"gold_gain":0,"player_choice":"Donut","damage_taken":0,"max_hp_gain":5,"max_hp_loss":0,"event_name":"Big Fish","floor":4,"gold_loss":0},{"damage_healed":0,"gold_gain":0,"player_choice":"Success","damage_taken":12,"relics_obtained":["Ancient Tea Set"],"max_hp_gain":0,"max_hp_loss":0,"event_name":"Scrap Ooze","floor":13,"gold_loss":0}],"is_beta":false,"boss_relics":[],"items_purged_floors":[3],"is_endless":false,"potions_floor_spawned":[1,7],"killed_by":"Fading Forest","ascension_level":10}}