{"host":"p9t7qd83igtcp2bh","time":1611716132,"event":{"mods":["2.2 Compatiblity","AchievementEnabler","BaseMod","Colored Map","Colored Powertips","Custom Start","DeckTracker","Keyboard Shortcuts","Minty Spire (QoL Compilation)","Permanent Neow","StSLib","SuperFastMode","everything is the same but u backflip on backflip"],"gold_per_floor":[31,71,122,175,32,83,83,143,143,143,59,59,93,144,144,217,217,249,265,180,218,248,248,248,248],"floor_reached":24,"language":"KOR","playtime":731,"items_purged":[],"score":520,"play_id":"9da1a499-bd03-4f25-a051-16376efa6422","local_time":"20210127115532","is_ascension_mode":true,"campfire_choices":[{"floor":7.0,"key":"REST"},{"data":"Defragment","floor":10.0,"key":"SMITH"},{"data":"Consume","floor":12.0,"key":"SMITH"},{"data":"Biased Cognition","floor":15,"key":"SMITH"},{"data":"Heatsinks","floor":23,"key":"SMITH"}],"circlet_count":0,"master_deck":["AscendersBane","Strike_B","Strike_B","Strike_B+1","Strike_B+1","Defend_B","Defend_B","Defend_B","Defend_B","Zap","Dualcast","HandOfGreed","Leap","Consume+1","Cold Snap","Gash","Defragment+1","Undo","Biased Cognition+1","Capacitor","Heatsinks+1","Ball Lightning","Core Surge","Glacier","Coolheaded","BootSequence","Turbo"],"relics":["Cracked Core","Mummified Hand","Strawberry","Whetstone","Inserter","Question Card"],"acts_visited":["Exordium","TheCity"],"potions_floor_usage":[16,16,19,22,24],"damage_taken":[{"damage":2.0,"enemies":"Cultist","floor":1.0,"turns":4.0},{"damage":9.0,"enemies":"Jaw Worm","floor":2.0,"turns":5.0},{"damage":5.0,"enemies":"Small Slimes","floor":3.0,"turns":5.0},{"damage":16.0,"enemies":"Exordium Wildlife","floor":4.0,"turns":4.0},{"damage":28.0,"enemies":"Gremlin Nob","floor":6.0,"turns":4.0},{"damage":13.0,"enemies":"Large Slime","floor":8.0,"turns":7.0},{"damage":5.0,"enemies":"Red Slaver","floor":13.0,"turns":3.0},{"damage":13,"enemies":"Lagavulin","floor":14,"turns":7},{"damage":0,"enemies":"Slime Boss","floor":16,"turns":6},{"damage":16,"enemies":"Shell Parasite","floor":18,"turns":5},{"damage":5,"enemies":"Spheric Guardian","floor":19,"turns":5},{"damage":0,"enemies":"Snecko","floor":21,"turns":6},{"damage":10,"enemies":"3 Cultists","floor":22,"turns":6},{"damage":35,"enemies":"Book of Stabbing","floor":24,"turns":3}],"seed_played":"8140943552527507735","potions_obtained":[{"floor":2.0,"key":"Fruit Juice"},{"floor":4.0,"key":"DuplicationPotion"},{"floor":6.0,"key":"LiquidMemories"},{"floor":16,"key":"GamblersBrew"},{"floor":18,"key":"EssenceOfSteel"},{"floor":19,"key":"Energy Potion"}],"is_trial":false,"path_per_floor":["M","M","M","M","$","E","R","M","T","R","$","R","M","E","R","B",null,"M","M","?","M","M","R","E"],"character_chosen":"DEFECT","items_purchased":["Defragment","Strength Potion","Capacitor"],"campfire_rested":1,"item_purchase_floors":[5,5,11],"current_hp_per_floor":[62,53,48,32,37,9,31,18,25,25,25,25,20,7,7,7,64,48,43,43,43,33,33,0,0],"gold":248,"neow_bonus":"RANDOM_COLORLESS_2","is_daily":false,"chose_seed":false,"campfire_upgraded":4,"win_rate":0.0,"timestamp":1611716132,"path_taken":["M","M","M","?","$","E","R","M","T","R","$","R","M","E","R","BOSS","M","M","?","M","M","R","E"],"items_purchased_type":["Card","Potion","Card"],"build_version":"2020-12-22","purchased_purges":0,"victory":false,"max_hp_per_floor":[71,71,71,71,76,76,76,76,83,83,83,83,83,83,83,83,83,83,83,83,83,83,83,83,83],"card_choices":[{"not_picked":["Metamorphosis","Transmutation"],"picked":"HandOfGreed","floor":0.0},{"not_picked":["Lockon","Barrage"],"picked":"Leap","floor":1.0},{"not_picked":["Reinforced Body","Scrape"],"picked":"Consume","floor":2.0},{"not_picked":["Go for the Eyes","Steam"],"picked":"Cold Snap","floor":3.0},{"not_picked":["Coolheaded","Stack"],"picked":"Gash","floor":4.0},{"not_picked":["Redo","Sweeping Beam"],"picked":"Undo","floor":6.0},{"not_picked":["Ball Lightning","Steam"],"picked":"Biased Cognition","floor":8.0},{"not_picked":["Beam Cell","Genetic Algorithm"],"picked":"Heatsinks","floor":13.0},{"not_picked":["Melter","Heatsinks"],"picked":"Ball Lightning","floor":14},{"not_picked":["Creative AI","Machine Learning"],"picked":"Core Surge","floor":16},{"not_picked":["Steam","Static Discharge"],"picked":"Glacier","floor":18},{"not_picked":["Reprogram","White Noise"],"picked":"Coolheaded","floor":19},{"not_picked":["Redo","Streamline","Barrage"],"picked":"BootSequence","floor":21},{"not_picked":["Streamline","Hello World","Barrage"],"picked":"Turbo","floor":22}],"player_experience":684896,"relics_obtained":[{"floor":6.0,"key":"Mummified Hand"},{"floor":9.0,"key":"Strawberry"},{"floor":14,"key":"Whetstone"}],"event_choices":[{"damage_healed":0,"gold_gain":0,"player_choice":"Obtained Relic","damage_taken":0,"relics_obtained":["Question Card"],"max_hp_gain":0,"max_hp_loss":0,"event_name":"Addict","floor":20,"gold_loss":85}],"is_beta":false,"boss_relics":[{"not_picked":["Runic Pyramid","SlaversCollar"],"picked":"Inserter"}],"items_purged_floors":[],"is_endless":false,"potions_floor_spawned":[2,4,6,16,18,19],"killed_by":"Book of Stabbing","ascension_level":20}}