{"host":"11728qvdvolffudn","time":1611754971,"event":{"mods":["BaseMod","Block Reminder","Colored Powertips","Curses Come First","Custom Start","Displayed Cursed Tome","Highlight Path","Minty Spire (QoL Compilation)","Permanent Neow","Quick Restart","Rare Cards Sparkle","Relic Stats","StSLib"],"gold_per_floor":[110,127,145,70,82,82,82,82,82,33,33,48,48,78,78,173,173,186,186,31,31,48,48,59,59,109,127,127,127,127],"floor_reached":29,"language":"ENG","playtime":1330,"items_purged":["Strike_P"],"score":223,"play_id":"79abf405-dc43-46a0-b579-3d9334f0b414","local_time":"20210127134251","is_ascension_mode":false,"campfire_choices":[{"data":"ConjureBlade","floor":6,"key":"SMITH"},{"floor":8,"key":"REST"},{"data":"Eruption","floor":11,"key":"SMITH"},{"data":"Consecrate","floor":13,"key":"SMITH"},{"floor":15,"key":"REST"},{"floor":23,"key":"REST"},{"floor":25,"key":"REST"}],"circlet_count":0,"master_deck":["Strike_P+1","Strike_P+1","Strike_P+1","Defend_P+1","Defend_P+1","Defend_P+1","Defend_P+1","Eruption+1","Vigilance","ConjureBlade+1","FlurryOfBlows","Halt","EmptyMind","FlurryOfBlows","Consecrate+1","ConjureBlade+1","Protect","Headbutt","Halt"],"relics":["PureWater","Matryoshka","Regal Pillow","VioletLotus","Nunchaku","PrismaticShard","Oddly Smooth Stone","Bag of Marbles"],"acts_visited":["Exordium","TheCity"],"potions_floor_usage":[16,24],"damage_taken":[{"damage":1,"enemies":"Jaw Worm","floor":1,"turns":3},{"damage":1,"enemies":"Cultist","floor":2,"turns":3},{"damage":0,"enemies":"Small Slimes","floor":3,"turns":3},{"damage":30,"enemies":"Exordium Thugs","floor":5,"turns":8},{"damage":11,"enemies":"Exordium Wildlife","floor":12,"turns":3},{"damage":15,"enemies":"3 Sentries","floor":14,"turns":4},{"damage":40,"enemies":"The Guardian","floor":16,"turns":10},{"damage":13,"enemies":"Chosen","floor":18,"turns":6},{"damage":58,"enemies":"3 Byrds","floor":22,"turns":7},{"damage":42,"enemies":"Centurion and Healer","floor":24,"turns":5},{"damage":46,"enemies":"Snecko","floor":27,"turns":7},{"damage":19,"enemies":"Sentry and Sphere","floor":29,"turns":2}],"seed_played":"8126924191544269640","potions_obtained":[{"floor":5,"key":"EssenceOfSteel"},{"floor":16,"key":"FairyPotion"},{"floor":22,"key":"Fire Potion"}],"is_trial":false,"path_per_floor":["M","M","M","$","M","R","?","R","T","$","R","M","R","E","R","B",null,"M","?","$","?","M","R","M","R","T","M","?","M"],"character_chosen":"WATCHER","items_purchased":["FlurryOfBlows","PrismaticShard"],"campfire_rested":4,"item_purchase_floors":[10,20],"current_hp_per_floor":[71,70,70,70,40,40,40,61,61,61,61,50,50,35,71,31,72,59,59,59,59,1,37,21,57,57,11,11,0,0],"gold":127,"neow_bonus":"ONE_RANDOM_RARE_CARD","is_daily":false,"chose_seed":false,"campfire_upgraded":3,"win_rate":0.0,"timestamp":1611754971,"path_taken":["M","M","M","$","M","R","?","R","T","?","R","M","R","E","R","BOSS","M","?","?","?","M","R","M","R","T","?","?","M"],"items_purchased_type":["Card","Relic"],"build_version":"2020-12-22","purchased_purges":1,"victory":false,"max_hp_per_floor":[72,72,72,72,72,72,72,72,72,72,72,72,72,72,72,72,72,72,72,72,72,72,72,72,72,72,72,72,72,72],"relic_stats":{"Regal Pillow":45,"Nunchaku":[2],"counters":[12,61],"VioletLotus":[2],"obtain_stats":[{"Regal Pillow":14,"Nunchaku":19,"Matryoshka":9,"Oddly Smooth Stone":26,"VioletLotus":17,"Bag of Marbles":26,"PureWater":0,"PrismaticShard":20},{"Regal Pillow":6,"Nunchaku":8,"Matryoshka":4,"Oddly Smooth Stone":10,"VioletLotus":7,"Bag of Marbles":10,"PureWater":0,"PrismaticShard":8},{"Regal Pillow":24,"Nunchaku":40,"Matryoshka":17,"Oddly Smooth Stone":52,"VioletLotus":34,"Bag of Marbles":52,"PureWater":0,"PrismaticShard":40}]},"card_choices":[{"not_picked":["BowlingBash","Crescendo"],"picked":"FlurryOfBlows","floor":1},{"not_picked":["CrushJoints","Crescendo"],"picked":"Halt","floor":2},{"not_picked":["Protect","BowlingBash","CrushJoints"],"picked":"SKIP","floor":3},{"not_picked":["FlyingSleeves","Tantrum"],"picked":"EmptyMind","floor":5},{"not_picked":["WreathOfFlame","EmptyBody"],"picked":"Consecrate","floor":12},{"not_picked":["ClearTheMind","FlyingSleeves"],"picked":"ConjureBlade","floor":14},{"not_picked":["JustLucky","Fasting2"],"picked":"Protect","floor":18},{"not_picked":["Endless Agony","Warcry","FollowUp+1"],"picked":"SKIP","floor":22},{"not_picked":["FlurryOfBlows","ConjureBlade"],"picked":"Headbutt","floor":24},{"not_picked":["Skim","Flying Knee+1"],"picked":"Halt","floor":27}],"player_experience":154533,"relics_obtained":[{"floor":9,"key":"Matryoshka"},{"floor":14,"key":"Regal Pillow"},{"floor":19,"key":"Nunchaku"},{"floor":26,"key":"Oddly Smooth Stone"},{"floor":26,"key":"Bag of Marbles"}],"event_choices":[{"damage_healed":0,"gold_gain":0,"player_choice":"Ignored","damage_taken":0,"max_hp_gain":0,"max_hp_loss":0,"event_name":"NoteForYourself","floor":7,"gold_loss":0},{"damage_healed":0,"gold_gain":0,"player_choice":"Relic","damage_taken":0,"max_hp_gain":0,"max_hp_loss":0,"event_name":"Wheel of Change","floor":19,"gold_loss":0},{"damage_healed":0,"gold_gain":0,"player_choice":"Upgraded","damage_taken":0,"max_hp_gain":0,"max_hp_loss":0,"event_name":"Upgrade Shrine","floor":21,"gold_loss":0,"cards_upgraded":["ConjureBlade"]},{"damage_healed":0,"gold_gain":0,"player_choice":"Simplicity","damage_taken":0,"max_hp_gain":0,"max_hp_loss":0,"event_name":"Back to Basics","floor":28,"gold_loss":0,"cards_upgraded":["Strike_P","Strike_P","Strike_P","Defend_P","Defend_P","Defend_P","Defend_P"]}],"is_beta":false,"boss_relics":[{"not_picked":["Velvet Choker","Ectoplasm"],"picked":"VioletLotus"}],"items_purged_floors":[4],"is_endless":false,"potions_floor_spawned":[5,16,22],"killed_by":"Sentry and Sphere","ascension_level":0}}