{"host":"o53tqjtgf9f1tbo6","time":1611773147,"event":{"mods":["BaseMod","Bestiary","Downfall","Marisa????????","Minty Spire (QoL Compilation)","StSLib","The Cursed"],"gold_per_floor":[99,112,124,124,124,124,169,200,217,242,242,252,271,304,314,417,417,417,222,241,251,268,268,293,308,116,144,164,164,180,214,233,338,338,338,350,361,374,451,471,545,227,227,227,238,269,269,286,298,298],"floor_reached":51,"language":"ENG","playtime":5169,"items_purged":["Guardian:Strike_Guardian"],"score":870,"play_id":"07aae900-2d5a-4792-b3c0-5503220545b3","local_time":"20210127204547","is_ascension_mode":false,"campfire_choices":[{"floor":1,"key":"RECALL"},{"floor":11,"key":"REST"},{"data":"Guardian:AncientConstruct","floor":18,"key":"SMITH"},{"data":"Guardian:Recover","floor":23,"key":"SMITH"},{"data":"Guardian:Defend_Guardian","floor":35,"key":"PURGE"},{"data":"Guardian:RevengeProtocol","floor":47,"key":"SMITH"}],"circlet_count":0,"master_deck":["Guardian:Strike_Guardian","Guardian:Strike_Guardian+1","Guardian:Defend_Guardian","Guardian:Defend_Guardian+1","Guardian:Defend_Guardian","Guardian:CurlUp+1","Guardian:TwinSlam+1","Guardian:Incinerate+1","Guardian:PrimingBeam+1","Guardian:ChargeCore+1","Guardian:WalkerClaw+1","Guardian:AncientConstruct+1","Guardian:SentryBeam+1","Guardian:RollAttack+1","Guardian:BaubleBeam+1","Panache","Guardian:Recover+1","Guardian:CrystalBeam+1","Guardian:BronzeOrb+1","expansioncontent:DashGenerateEvil+1","Guardian:RevengeProtocol+1","Iron Wave+1","Guardian:EvasiveProtocol+1","Guardian:TemporalShield+1","Guardian:TemporalStrike+1","Guardian:MultiBeam+1","Guardian:TimeCapacitor","Guardian:Clone+1"],"relics":["Guardian:ModeShifter","Molten Egg 2","Whetstone","Ornamental Fan","Black Star","Potion Belt","Peace Pipe","Mummified Hand","Strawberry","Letter Opener","Guardian:StasisSlotReductionRelic","Toxic Egg 2","Meat on the Bone","Frozen Eye","Anchor","Bronze Scales","Akabeko","Oddly Smooth Stone"],"acts_visited":["Exordium","TheCity","TheBeyond"],"potions_floor_usage":[14,33,33,33,42,42,46,50],"damage_taken":[{"damage":6,"enemies":"2 Louse","floor":2,"turns":3},{"damage":7,"enemies":"Small Slimes","floor":3,"turns":5},{"damage":21,"enemies":"3 Sentries","floor":8,"turns":10},{"damage":1,"enemies":"Cultist","floor":9,"turns":3},{"damage":3,"enemies":"Gremlin Nob","floor":10,"turns":4},{"damage":6,"enemies":"Gremlin Gang","floor":12,"turns":4},{"damage":6,"enemies":"Lots of Slimes","floor":13,"turns":4},{"damage":13,"enemies":"Lagavulin","floor":14,"turns":5},{"damage":3,"enemies":"Blue Slaver","floor":15,"turns":2},{"damage":42,"enemies":"IC_STATUS_ARCHETYPE","floor":16,"turns":9},{"damage":0,"enemies":"downfall:FleeingMerchant","floor":19,"turns":4},{"damage":19,"enemies":"Shell Parasite","floor":20,"turns":6},{"damage":0,"enemies":"Spheric Guardian","floor":21,"turns":3},{"damage":8,"enemies":"3 Cultists","floor":22,"turns":5},{"damage":17,"enemies":"Snake Plant","floor":25,"turns":4},{"damage":5,"enemies":"downfall:FleeingMerchant","floor":26,"turns":4},{"damage":2,"enemies":"Book of Stabbing","floor":27,"turns":5},{"damage":0,"enemies":"Snecko","floor":28,"turns":3},{"damage":8,"enemies":"Centurion and Healer","floor":30,"turns":5},{"damage":0,"enemies":"Gremlin Leader","floor":31,"turns":5},{"damage":0,"enemies":"Snake Plant","floor":32,"turns":3},{"damage":15,"enemies":"SI_MIRROR_ARCHETYPE","floor":33,"turns":9},{"damage":0,"enemies":"3 Darklings","floor":36,"turns":5},{"damage":3,"enemies":"3 Shapes","floor":37,"turns":2},{"damage":1,"enemies":"Sphere and 2 Shapes","floor":38,"turns":4},{"damage":10,"enemies":"3 Darklings","floor":40,"turns":3},{"damage":6,"enemies":"downfall:FleeingMerchant","floor":42,"turns":3},{"damage":0,"enemies":"4 Shapes","floor":45,"turns":3},{"damage":4,"enemies":"Reptomancer","floor":46,"turns":5},{"damage":0,"enemies":"Writhing Mass","floor":48,"turns":4},{"damage":0,"enemies":"Jaw Worm Horde","floor":49,"turns":1},{"damage":56,"enemies":"WA_ARCHETYPE_DIVINITY","floor":50,"turns":8}],"seed_played":"3802951402985350975","potions_obtained":[{"floor":3,"key":"DuplicationPotion"},{"floor":10,"key":"EssenceOfSteel"},{"floor":13,"key":"Weak Potion"},{"floor":14,"key":"Block Potion"},{"floor":15,"key":"SkillPotion"},{"floor":25,"key":"champ:CounterPotion"},{"floor":30,"key":"Dexterity Potion"},{"floor":31,"key":"ColorlessPotion"},{"floor":33,"key":"Regen Potion"},{"floor":36,"key":"DistilledChaos"},{"floor":40,"key":"LiquidBronze"},{"floor":46,"key":"SkillPotion"},{"floor":48,"key":"sneckomod:MuddlingPotion"}],"is_trial":false,"path_per_floor":["R","M","M","?","?","?","T","E","M","E","R","M","M","E","M","B",null,"R","$","M","M","M","R","T","M","$","E","M","?","M","E","M","B",null,"R","M","M","M","?","M","T","$","?","?","M","E","R","M","M","B",null],"character_chosen":"GUARDIAN","items_purchased":["Panache","expansioncontent:DashGenerateEvil","Guardian:MultiBeam+1","Frozen Eye","Anchor","Bronze Scales","Fire Potion"],"campfire_rested":1,"item_purchase_floors":[19,26,42,42,42,42,42],"current_hp_per_floor":[88,82,75,75,75,75,75,54,53,50,76,70,64,51,48,6,88,88,88,69,69,61,61,61,44,39,37,37,37,29,36,36,21,95,95,95,92,91,91,81,81,75,75,75,75,71,71,71,71,42],"gold":298,"neow_bonus":"TEN_PERCENT_HP_BONUS","is_daily":false,"chose_seed":false,"campfire_upgraded":3,"win_rate":0.0,"timestamp":1611773147,"path_taken":["R","M","M","?","?","?","T","E","M","E","R","?","M","E","M","BOSS","R","$","M","M","?","R","T","M","$","E","?","?","M","E","M","BOSS","R","M","?","M","?","M","T","$","?","?","M","E","R","M","M","BOSS"],"items_purchased_type":["Card","Card","Card","Relic","Relic","Relic","Potion"],"build_version":"2020-12-22","purchased_purges":1,"victory":true,"max_hp_per_floor":[88,88,88,88,88,88,88,88,88,88,88,88,88,88,88,88,88,88,88,88,88,88,88,88,88,88,88,88,88,88,95,95,95,95,95,95,95,95,95,95,95,95,95,95,95,95,95,95,95,95],"card_choices":[{"not_picked":["Guardian:Gem_Red","Guardian:Suspension"],"picked":"Guardian:Incinerate","floor":2},{"not_picked":["Guardian:TemporalShield","Guardian:CrystalBeam"],"picked":"Guardian:Gem_Green","floor":3},{"not_picked":["Guardian:Suspension","Guardian:Incinerate+1"],"picked":"Guardian:PrimingBeam+1","floor":8},{"not_picked":["Guardian:RefractedBeam+1","Guardian:Gem_Yellow"],"picked":"Guardian:ChargeCore+1","floor":9},{"not_picked":["Guardian:SpikerProtocol","Guardian:PrismaticBarrier"],"picked":"Guardian:WalkerClaw+1","floor":10},{"not_picked":["Guardian:Gem_Red","Guardian:Gem_Cyan"],"picked":"Guardian:AncientConstruct","floor":12},{"not_picked":["Guardian:PrimingBeam+1","Guardian:Incinerate+1"],"picked":"Guardian:Gem_Red","floor":13},{"not_picked":["Guardian:Gem_Green","Guardian:Gem_White"],"picked":"Guardian:SentryBeam+1","floor":14},{"not_picked":["Guardian:Gem_Yellow","Guardian:Gem_White"],"picked":"Guardian:RollAttack+1","floor":15},{"not_picked":["Guardian:AncientConstruct","Guardian:TimeSifter"],"picked":"Guardian:BaubleBeam+1","floor":16},{"not_picked":["Guardian:Gem_Green","Guardian:Incinerate+1"],"picked":"Guardian:Gem_Fragmented","floor":19},{"not_picked":["Guardian:PiercingHide","Guardian:RollAttack+1"],"picked":"Guardian:Recover","floor":20},{"not_picked":["Guardian:WalkerClaw+1","Guardian:PolyBeam+1"],"picked":"Guardian:Planning","floor":21},{"not_picked":["Guardian:Gem_Lightblue","Guardian:SentryBeam+1"],"picked":"Guardian:CrystalBeam+1","floor":22},{"not_picked":["Guardian:TemporalShield","Guardian:ShieldCharger"],"picked":"Guardian:BronzeOrb+1","floor":25},{"not_picked":["Guardian:Suspension","Guardian:VentSteam"],"picked":"Guardian:Gem_Cyan","floor":26},{"not_picked":["Guardian:Repulse","Guardian:VentSteam+1"],"picked":"Guardian:RevengeProtocol","floor":27},{"not_picked":["Guardian:Clone","Guardian:BodySlam+1","Guardian:RollAttack+1"],"picked":"SKIP","floor":28},{"not_picked":["Guardian:PolyBeam+1","Guardian:Planning","Guardian:TimeBomb"],"picked":"SKIP","floor":30},{"not_picked":["Guardian:VentSteam+1","Guardian:Recover+1","Guardian:Gem_Cyan"],"picked":"SKIP","floor":31},{"not_picked":["Guardian:PrimingBeam+1","Guardian:PiercingHide"],"picked":"Guardian:Gem_Red","floor":32},{"not_picked":["Guardian:StasisField","Guardian:StasisStrike+1"],"picked":"Guardian:Gem_Orange","floor":33},{"not_picked":["Guardian:Incinerate+1","Guardian:Gem_Green"],"picked":"Guardian:EvasiveProtocol+1","floor":36},{"not_picked":["Guardian:Recover","Guardian:Gem_Green"],"picked":"Guardian:Gem_Red","floor":37},{"not_picked":["Guardian:VentSteam+1","Guardian:Planning+1","Guardian:PrimingBeam+1"],"picked":"SKIP","floor":38},{"not_picked":["Guardian:ArmoredProtocol","Guardian:Recover+1"],"picked":"Guardian:TemporalShield+1","floor":40},{"not_picked":["Guardian:Gem_Fragmented","Guardian:TemporalShield+1"],"picked":"Guardian:TemporalStrike+1","floor":42},{"not_picked":["Guardian:Planning+1","Guardian:TemporalShield+1"],"picked":"Guardian:TimeCapacitor","floor":45},{"not_picked":["Guardian:SphericShield+1","Guardian:DonusPower+1"],"picked":"Guardian:Gem_Green","floor":46},{"not_picked":["Guardian:PiercingHide+1","Guardian:CrystalBeam+1"],"picked":"Guardian:Clone+1","floor":48},{"not_picked":["Guardian:PiercingHide+1","Guardian:SentryBeam+1","Guardian:ArmoredProtocol"],"picked":"SKIP","floor":49}],"player_experience":89037,"relics_obtained":[{"floor":8,"key":"Molten Egg 2"},{"floor":10,"key":"Whetstone"},{"floor":14,"key":"Ornamental Fan"},{"floor":24,"key":"Potion Belt"},{"floor":27,"key":"Peace Pipe"},{"floor":27,"key":"Mummified Hand"},{"floor":31,"key":"Strawberry"},{"floor":31,"key":"Letter Opener"},{"floor":39,"key":"Toxic Egg 2"},{"floor":41,"key":"Meat on the Bone"},{"floor":46,"key":"Akabeko"},{"floor":46,"key":"Oddly Smooth Stone"}],"event_choices":[{"cards_removed":["Guardian:Strike_Guardian"],"damage_healed":0,"gold_gain":0,"player_choice":"Took Card","damage_taken":0,"max_hp_gain":0,"max_hp_loss":0,"event_name":"NoteForYourself","floor":29,"gold_loss":0,"cards_obtained":["Iron Wave"]},{"cards_removed":["Guardian:Planning"],"damage_healed":0,"gold_gain":0,"player_choice":"Removed Skill","damage_taken":0,"max_hp_gain":0,"max_hp_loss":0,"event_name":"Falling","floor":43,"gold_loss":0}],"is_beta":false,"boss_relics":[{"not_picked":["Velvet Choker","bronze:MakeshiftBattery"],"picked":"Black Star"},{"not_picked":["Tiny House","Sozu"],"picked":"Guardian:StasisSlotReductionRelic"}],"items_purged_floors":[42],"is_endless":false,"potions_floor_spawned":[3,10,13,14,15,16,21,25,30,31,33,36,40,46,48],"ascension_level":0}}