{"host":"bvp2uifzy1c463d9","time":1611716187,"event":{"mods":["AchievementEnabler","BaseMod","Block Reminder","Colored Map","Colored Powertips","Hermit","Highlight Path","Infinite Spire","Minty Spire (QoL Compilation)","Random Character Button","Relic Stats","Replay The Spire","StSLib","The Jungle"],"gold_per_floor":[109,129,129,144,144,144,178,178,227,227,87,110,145,166,166,273,382,402,423,442,457,421,433,433,460,535,544,582,594,594,594],"floor_reached":30,"language":"ENG","playtime":3093,"items_purged":["hermit:Defend_Hermit"],"score":487,"play_id":"81f058d3-74e1-4f75-aa19-9b6ee58c3208","local_time":"20210126205627","is_ascension_mode":false,"campfire_choices":[{"data":"hermit:Combo","floor":6,"key":"SMITH"},{"data":"hermit:HoleUp","floor":8,"key":"SMITH"},{"data":"hermit:Quickdraw","floor":10,"key":"SMITH"},{"data":"hermit:Strike_Hermit","floor":15,"key":"PURGE"}],"circlet_count":0,"master_deck":["hermit:Strike_Hermit","hermit:Strike_Hermit+1","hermit:Strike_Hermit","hermit:Defend_Hermit","hermit:Defend_Hermit","hermit:Defend_Hermit","hermit:Snapshot","hermit:Covet","hermit:HoleUp+1","hermit:Combo+1","hermit:HoleUp+1","hermit:Quickdraw+1","ReplayTheSpireMod:IOU","ReplayTheSpireMod:IOU","hermit:Glare","hermit:Snipe","hermit:CalledShot+1","hermit:OverwhelmingPower","CurseOfTheBell","hermit:Grudge+1","hermit:Deadeye+1","hermit:LowProfile","ReplayTheSpireMod:IOU","ReplayTheSpireMod:IOU","Amnesia","Shame","infinitespire:Starlight","hermit:LoneWolf","ReplayTheSpireMod:IOU","ReplayTheSpireMod:IOU","ReplayTheSpireMod:IOU","hermit:Manifest+1"],"relics":["Runic Dome","CeramicFish","Gambling Chip","Replay:Rubber Ducky","Replay:Wax Seal","Molten Egg 2","Singing Bowl","Replay:Grab Bag","Replay:Wanted Poster","Philosopher\u0027s Stone","Calling Bell","Regal Pillow","Question Card","Lizard Tail","White Beast Statue","Bag of Preparation","Pear","Darkstone Periapt","Iron Hammer"],"acts_visited":["Exordium","TheCity"],"potions_floor_usage":[20,21,23,29],"damage_taken":[{"damage":6,"enemies":"Jaw Worm","floor":1,"turns":3},{"damage":0,"enemies":"2 Louse","floor":2,"turns":3},{"damage":0,"enemies":"Small Slimes","floor":4,"turns":3},{"damage":8,"enemies":"3 Sentries","floor":7,"turns":9},{"damage":0,"enemies":"Exordium Wildlife","floor":12,"turns":3},{"damage":0,"enemies":"Replay:BlueRogue","floor":13,"turns":7},{"damage":0,"enemies":"2 Fungi Beasts","floor":14,"turns":3},{"damage":2,"enemies":"The Guardian","floor":16,"turns":12},{"damage":17,"enemies":"Chosen","floor":18,"turns":7},{"damage":5,"enemies":"Shell Parasite","floor":19,"turns":4},{"damage":7,"enemies":"Snake Plant","floor":20,"turns":4},{"damage":8,"enemies":"3 Cultists","floor":21,"turns":4},{"damage":38,"enemies":"Cultist and Chosen","floor":23,"turns":7},{"damage":24,"enemies":"Slavers","floor":28,"turns":5},{"damage":32,"enemies":"Centurion and Healer","floor":29,"turns":5},{"damage":65,"enemies":"Nightmare","floor":30,"turns":8}],"seed_played":"-8656744482807973371","potions_obtained":[{"floor":1,"key":"Venom Potion"},{"floor":2,"key":"Energy Potion"},{"floor":16,"key":"Death Potion"},{"floor":20,"key":"ColorlessPotion"},{"floor":23,"key":"Ancient Potion"},{"floor":28,"key":"Swift Potion"},{"floor":29,"key":"Block Potion"}],"is_trial":false,"path_per_floor":["M","M","?","M","T","R","E","R","T","R","$","M","E","M","R_BF","B",null,"M","M","M","M","$","M","?","?","T","$","E","M","NM"],"character_chosen":"HERMIT","items_purchased":["Replay:Wax Seal","Molten Egg 2","White Beast Statue","Darkstone Periapt","hermit:LoneWolf"],"campfire_rested":0,"item_purchase_floors":[11,11,22,27,27],"current_hp_per_floor":[69,69,54,54,54,54,46,46,46,46,46,46,46,46,46,44,75,58,53,46,40,40,4,4,4,14,32,18,51,0,0],"gold":594,"neow_bonus":"BOSS_RELIC","is_daily":false,"chose_seed":false,"campfire_upgraded":3,"win_rate":0.0,"timestamp":1611716187,"path_taken":["M","M","?","M","?","R","E","R","T","R","?","?","E","M","R_BF","BOSS","M","M","M","M","$","M","?","?","T","?","E","M","NM"],"items_purchased_type":["Relic","Relic","Relic","Relic","Card"],"build_version":"2020-12-22","purchased_purges":1,"victory":false,"max_hp_per_floor":[75,75,75,75,75,75,75,75,75,75,75,75,75,75,75,75,75,75,75,75,77,77,79,79,79,89,107,107,109,109,109],"relic_stats":{"Darkstone Periapt":18,"Regal Pillow":0,"Lizard Tail":53,"Singing Bowl":6,"counters":[16,87],"CeramicFish":189,"Gambling Chip":[17],"Bag of Preparation":[6],"Question Card":7,"obtain_stats":[{"Darkstone Periapt":27,"Regal Pillow":17,"Pear":26,"Singing Bowl":13,"CeramicFish":5,"Replay:Grab Bag":17,"Bag of Preparation":24,"Question Card":17,"White Beast Statue":22,"Replay:Rubber Ducky":9,"Replay:Wanted Poster":17,"Calling Bell":17,"Runic Dome":0,"Lizard Tail":17,"Gambling Chip":7,"Molten Egg 2":11,"Philosopher\u0027s Stone":17,"Iron Hammer":28,"Replay:Wax Seal":11,"hermit:Momento":0},{"Darkstone Periapt":13,"Regal Pillow":8,"Pear":13,"Singing Bowl":6,"CeramicFish":3,"Replay:Grab Bag":8,"Bag of Preparation":13,"Question Card":8,"White Beast Statue":12,"Replay:Rubber Ducky":4,"Replay:Wanted Poster":8,"Calling Bell":8,"Runic Dome":0,"Lizard Tail":8,"Gambling Chip":4,"Molten Egg 2":4,"Philosopher\u0027s Stone":8,"Iron Hammer":14,"Replay:Wax Seal":4,"hermit:Momento":0},{"Darkstone Periapt":69,"Regal Pillow":43,"Pear":69,"Singing Bowl":28,"CeramicFish":9,"Replay:Grab Bag":43,"Bag of Preparation":69,"Question Card":43,"White Beast Statue":62,"Replay:Rubber Ducky":18,"Replay:Wanted Poster":43,"Calling Bell":43,"Runic Dome":0,"Lizard Tail":43,"Gambling Chip":18,"Molten Egg 2":18,"Philosopher\u0027s Stone":43,"Iron Hammer":74,"Replay:Wax Seal":18,"hermit:Momento":0}]},"card_choices":[{"not_picked":["hermit:HighCaliber","hermit:Gestalt"],"picked":"hermit:HoleUp","floor":1},{"not_picked":["hermit:CalledShot","hermit:Manifest"],"picked":"hermit:Combo","floor":2},{"not_picked":["hermit:SprayPray","hermit:FullyLoaded"],"picked":"hermit:HoleUp","floor":4},{"not_picked":["hermit:Headshot","hermit:TrackingShot"],"picked":"hermit:Quickdraw","floor":7},{"not_picked":["hermit:EyeOfTheStorm","hermit:Shortfuse+1"],"picked":"hermit:Glare","floor":12},{"not_picked":["hermit:CursedWeapon+1","hermit:HeroicBravado"],"picked":"hermit:Snipe","floor":13},{"not_picked":["hermit:FullyLoaded","hermit:ItchyTrigger+1"],"picked":"hermit:CalledShot+1","floor":14},{"not_picked":["hermit:BlackWind+1","hermit:Purgatory+1"],"picked":"hermit:OverwhelmingPower","floor":16},{"not_picked":["hermit:GhostlyPresence","hermit:Manifest","hermit:Midnight"],"picked":"hermit:Grudge+1","floor":18},{"not_picked":["hermit:NoHoldsBarred+1","hermit:Roulette+1","hermit:Snipe"],"picked":"hermit:Deadeye+1","floor":19},{"not_picked":["hermit:Cheat","hermit:Malice+1","hermit:ItchyTrigger+1"],"picked":"hermit:LowProfile","floor":20},{"not_picked":["hermit:Brawl+1","hermit:EyeOfTheStorm","hermit:NoHoldsBarred+1","hermit:Quickdraw+1"],"picked":"Singing Bowl","floor":21},{"not_picked":["hermit:Spite+1","hermit:GoldenBullet+1","hermit:TrackingShot+1","hermit:Dive"],"picked":"Singing Bowl","floor":23},{"not_picked":["infinitespire:FutureSight","infinitespire:TheBestDefense"],"picked":"infinitespire:Starlight","floor":25},{"not_picked":["hermit:FromBeyond","hermit:BodyArmor","hermit:Desperado+1"],"picked":"hermit:Manifest+1","floor":28},{"not_picked":["hermit:GhostlyPresence+1","hermit:Brawl+1","hermit:Headshot+1","hermit:LuckOfTheDraw"],"picked":"Singing Bowl","floor":29}],"player_experience":180855,"relics_obtained":[{"floor":5,"key":"CeramicFish"},{"floor":7,"key":"Gambling Chip"},{"floor":9,"key":"Replay:Rubber Ducky"},{"floor":13,"key":"Singing Bowl"},{"floor":17,"key":"Regal Pillow"},{"floor":17,"key":"Question Card"},{"floor":17,"key":"Lizard Tail"},{"floor":26,"key":"Pear"},{"floor":28,"key":"Iron Hammer"}],"event_choices":[{"damage_healed":0,"gold_gain":0,"player_choice":"Entered Light","damage_taken":15,"max_hp_gain":0,"max_hp_loss":0,"event_name":"Shining Light","floor":3,"gold_loss":0,"cards_upgraded":["hermit:HoleUp","hermit:Strike_Hermit"]}],"is_beta":false,"boss_relics":[{"not_picked":["Cursed Key","infinitespire:Cupcake"],"picked":"Replay:Grab Bag"},{"not_picked":["ChewingGum","ReplayTheSpireMod:Onyx Gauntlets"],"picked":"Replay:Wanted Poster"},{"not_picked":["ReplayTheSpireMod:DimensionalGlitch","Fusion Hammer"],"picked":"Philosopher\u0027s Stone"},{"not_picked":["Kintsugi","SacredBark"],"picked":"Calling Bell"}],"items_purged_floors":[11],"is_endless":false,"potions_floor_spawned":[1,2,16,20,23,28,29],"killed_by":"Nightmare","ascension_level":0}}