{"host":"vddnn8yddbh0df4g","time":1611775580,"event":{"mods":["Act Like it!","BaseMod","Beaked The Cultist","Bestiary","Clockwork Mod","Downfall","Filter the Spire","Minty Spire (QoL Compilation)","Shop Mod","StSLib","SuperFastMode","The Construct","The Runesmith"],"gold_per_floor":[112,287,287,298,316,316,341,341,394,394,408,408,439,454,454,454,454],"floor_reached":16,"language":"ENG","playtime":651,"items_purged":[],"score":116,"play_id":"9961f2e7-1b74-44d5-b898-44beed053f6b","local_time":"20210127142620","is_ascension_mode":true,"campfire_choices":[{"data":"Clockwork:Tinker","floor":6.0,"key":"SMITH"},{"floor":8.0,"key":"REST"},{"data":"Clockwork:WarmUp","floor":12.0,"key":"SMITH"},{"floor":15.0,"key":"REST"}],"circlet_count":0,"master_deck":["Clockwork:Strike","Clockwork:Strike","Clockwork:Strike","Clockwork:Shield","Clockwork:Shield","Clockwork:Shield","Clockwork:Tinker+1","Clockwork:WarmUp+1","Clockwork:Enhance+1","Doubt","Clockwork:AdaptiveCannon+1","Clockwork:Improve+1","Clockwork:ChargingShield+1","Regret","Clockwork:RitualDaggerMk0+1"],"relics":["Clockwork:MomentumEngine","Frozen Egg 2","Molten Egg 2","Toxic Egg 2","Regal Pillow","Oddly Smooth Stone","Anchor","Centennial Puzzle"],"acts_visited":["Exordium"],"potions_floor_usage":[16],"damage_taken":[{"damage":3.0,"enemies":"Cultist","floor":1.0,"turns":6.0},{"damage":6.0,"enemies":"2 Louse","floor":4.0,"turns":4.0},{"damage":0.0,"enemies":"Small Slimes","floor":5.0,"turns":6.0},{"damage":56.0,"enemies":"3 Sentries","floor":7.0,"turns":14.0},{"damage":30.0,"enemies":"Exordium Wildlife","floor":11.0,"turns":10.0},{"damage":39.0,"enemies":"Lagavulin","floor":13.0,"turns":10.0},{"damage":4.0,"enemies":"Blue Slaver","floor":14.0,"turns":6.0},{"damage":49,"enemies":"Slime Boss","floor":16,"turns":6}],"seed_played":"5553371302244933268","potions_obtained":[{"floor":4.0,"key":"Explosive Potion"},{"floor":5.0,"key":"ColorlessPotion"},{"floor":7.0,"key":"Regen Potion"},{"floor":14.0,"key":"Block Potion"}],"is_trial":false,"path_per_floor":["M","?","?","M","M","R","E","R","T","?","M","R","E","M","R","B"],"character_chosen":"CLOCKWORK","items_purchased":[],"campfire_rested":2,"item_purchase_floors":[],"current_hp_per_floor":[82,82,82,76,76,76,20,60,60,60,30,30,6,2,42,0,0],"gold":454,"neow_bonus":"REMOVE_CARD","is_daily":false,"chose_seed":false,"campfire_upgraded":2,"win_rate":0.0,"timestamp":1611775580,"path_taken":["M","?","?","?","M","R","E","R","T","?","M","R","E","M","R","BOSS"],"items_purchased_type":[],"build_version":"2020-12-22","purchased_purges":0,"victory":false,"max_hp_per_floor":[85,85,85,85,85,85,85,85,85,85,85,85,85,85,85,85,85],"card_choices":[{"not_picked":["Clockwork:SystemHardening+1","Clockwork:Friction+1"],"picked":"Clockwork:Enhance+1","floor":1.0},{"not_picked":["Clockwork:InertialShield+1","Clockwork:TestingEnvironment+1","Clockwork:Friction+1"],"picked":"SKIP","floor":4.0},{"not_picked":["Clockwork:AdaptiveCannon+1","Clockwork:SearchingStrike+1"],"picked":"Clockwork:Improve+1","floor":5.0},{"not_picked":["Clockwork:ElasticNanites+1","Clockwork:ChargingBlade+1"],"picked":"Clockwork:ChargingShield+1","floor":7.0},{"not_picked":["Clockwork:SystemScan+1","Clockwork:Pluck+1","Clockwork:SearchingStrike+1"],"picked":"SKIP","floor":11.0},{"not_picked":["Clockwork:AdaptiveShield+1","Clockwork:SpringShield+1"],"picked":"Clockwork:RitualDaggerMk0+1","floor":13.0},{"not_picked":["Clockwork:MechanicalBulk+1","Clockwork:Redundancy+1","Clockwork:Downsize+1"],"picked":"SKIP","floor":14.0}],"player_experience":714432,"relics_obtained":[{"floor":7.0,"key":"Regal Pillow"},{"floor":9.0,"key":"Oddly Smooth Stone"},{"floor":13.0,"key":"Centennial Puzzle"}],"event_choices":[{"damage_healed":0.0,"max_hp_gain":0.0,"max_hp_loss":0.0,"gold_gain":175.0,"event_name":"Liars Game","player_choice":"AGREE","floor":2.0,"gold_loss":0.0,"damage_taken":0.0,"cards_obtained":["Doubt"]},{"damage_healed":0.0,"max_hp_gain":0.0,"max_hp_loss":0.0,"gold_gain":0.0,"cards_transformed":["Clockwork:Shield"],"event_name":"Transmorgrifier","player_choice":"Transformed","floor":3.0,"gold_loss":0.0,"damage_taken":0.0,"cards_obtained":["Clockwork:AdaptiveCannon"]},{"damage_healed":0.0,"max_hp_gain":0.0,"max_hp_loss":0.0,"gold_gain":0.0,"event_name":"Big Fish","player_choice":"Box","floor":10.0,"gold_loss":0.0,"damage_taken":0.0,"relics_obtained":["Anchor"],"cards_obtained":["Regret"]}],"is_beta":false,"boss_relics":[],"items_purged_floors":[],"is_endless":false,"potions_floor_spawned":[4,5,7,14],"killed_by":"Slime Boss","ascension_level":1}}