{"host":"l2dnabsh5e0fsksb","time":1611712206,"event":{"mods":["2.2 Compatiblity","BaseMod","Downfall","Minty Spire (QoL Compilation)","Quick Restart","StSLib"],"gold_per_floor":[99,99,99,99,99,99,99,109,140,40,40,40,25,42,58,58,58,58],"floor_reached":16,"language":"ENG","playtime":431,"items_purged":[],"score":138,"play_id":"0ebf289c-5538-48c0-bc57-685f9e4d97e2","local_time":"20210127122006","is_ascension_mode":true,"campfire_choices":[{"floor":1.0,"key":"RECALL"},{"floor":10,"key":"REST"},{"floor":12,"key":"REST"}],"circlet_count":0,"master_deck":["bronze:Strike","bronze:Strike","bronze:Strike","bronze:Defend","bronze:Defend","bronze:Defend","bronze:Defend","bronze:Replicate","bronze:Goto","bronze:Iterate","bronze:Optimize","bronze:CutThrough","bronze:FollowUp","bronze:Library","bronze:Fortify+1","bronze:FineTuning"],"relics":["bronze:BronzeCore","downfall:HeartsMalice","Bag of Preparation","Spirit Poop","Molten Egg 2","downfall:HeartBlessingRed"],"acts_visited":["Exordium"],"potions_floor_usage":[16],"damage_taken":[{"damage":0.0,"enemies":"Small Slimes","floor":2.0,"turns":1.0},{"damage":0.0,"enemies":"2 Louse","floor":4.0,"turns":1.0},{"damage":0.0,"enemies":"Cultist","floor":6.0,"turns":1.0},{"damage":30.0,"enemies":"Exordium Wildlife","floor":8.0,"turns":5.0},{"damage":16,"enemies":"Lagavulin","floor":9,"turns":7},{"damage":0,"enemies":"downfall:FleeingMerchant","floor":13,"turns":4},{"damage":17,"enemies":"Exordium Thugs","floor":14,"turns":3},{"damage":1,"enemies":"Gremlin Gang","floor":15,"turns":4},{"damage":58,"enemies":"WA_ARCHETYPE_RETAIN","floor":16,"turns":6}],"seed_played":"-7985421463126439290","potions_obtained":[{"floor":8.0,"key":"bronze:CleanCodePotion"},{"floor":9,"key":"Swift Potion"},{"floor":15,"key":"EssenceOfSteel"}],"is_trial":false,"path_per_floor":["R","M","?","M","?","M","T","M","E","R","?","R","$","M","M","B"],"character_chosen":"THE_AUTOMATON","items_purchased":[],"campfire_rested":2,"item_purchase_floors":[],"current_hp_per_floor":[63,63,63,63,63,63,63,33,17,38,38,59,59,42,41,0,0,0],"gold":58,"neow_bonus":"THREE_ENEMY_KILL","is_daily":false,"chose_seed":false,"campfire_upgraded":0,"win_rate":0.0,"timestamp":1611712206,"path_taken":["R","M","?","M","?","M","T","?","E","R","?","R","?","?","M","BOSS"],"items_purchased_type":[],"build_version":"2020-12-22","purchased_purges":0,"victory":false,"max_hp_per_floor":[70,70,70,70,70,70,70,70,70,70,70,70,70,70,70,70,70,70],"card_choices":[{"not_picked":["bronze:ForceShield","bronze:InfiniteBeams"],"picked":"bronze:Iterate","floor":2.0},{"not_picked":["bronze:ForceShield","bronze:BitShift"],"picked":"bronze:Optimize","floor":4.0},{"not_picked":["bronze:Optimize","bronze:BugBarrage"],"picked":"bronze:CutThrough","floor":6.0},{"not_picked":["bronze:Invalidate","bronze:Overheat"],"picked":"bronze:FollowUp","floor":8.0},{"not_picked":["bronze:DigitalCarnage+1","bronze:CloningBeam+1"],"picked":"bronze:Library","floor":9},{"not_picked":["bronze:ShipIt+1","bronze:OilSpill+1"],"picked":"bronze:Fortify+1","floor":13},{"not_picked":["bronze:Optimize","bronze:CloningBeam+1"],"picked":"bronze:FineTuning","floor":14},{"not_picked":["bronze:BitShift","bronze:Safeguard","bronze:BugBarrage+1"],"picked":"SKIP","floor":15}],"player_experience":1846551,"relics_obtained":[{"floor":9,"key":"Molten Egg 2"}],"event_choices":[{"damage_healed":0.0,"max_hp_gain":0.0,"max_hp_loss":0.0,"gold_gain":0.0,"event_name":"Big Fish","player_choice":"Box","floor":3.0,"gold_loss":0.0,"damage_taken":0.0,"relics_obtained":["Bag of Preparation"],"cards_obtained":["Regret"]},{"cards_removed":["Regret"],"damage_healed":0.0,"max_hp_gain":0.0,"max_hp_loss":0.0,"gold_gain":0.0,"event_name":"Bonfire Elementals","player_choice":"Offered Curse","floor":5.0,"gold_loss":0.0,"damage_taken":0.0,"relics_obtained":["Spirit Poop"]}],"is_beta":false,"boss_relics":[],"items_purged_floors":[],"is_endless":false,"potions_floor_spawned":[8,9,15],"killed_by":"WA_ARCHETYPE_RETAIN","ascension_level":9}}