{"host":"04hh9gplt9wkfmr1","time":1611725692,"event":{"mods":["AchievementEnabler","BaseMod","Colored Map","KOR Keyword Fix","Minty Spire (QoL Compilation)","Rare Cards Sparkle","SuperFastMode"],"gold_per_floor":[112,123,136,148,159,186,186,186,186],"floor_reached":8,"language":"KOR","playtime":217,"items_purged":[],"score":93,"play_id":"0db5006d-ded7-4697-afc6-ef36710fc5f8","local_time":"20210127143452","is_ascension_mode":true,"campfire_choices":[{"data":"Catalyst","floor":7.0,"key":"SMITH"}],"circlet_count":0,"master_deck":["AscendersBane","Strike_G","Strike_G","Strike_G","Strike_G","Strike_G","Defend_G","Defend_G","Defend_G","Defend_G","Defend_G","Survivor","Neutralize","Catalyst+1","Footwork","Crippling Poison"],"relics":["Ring of the Snake","Shuriken"],"acts_visited":["Exordium"],"potions_floor_usage":[],"damage_taken":[{"damage":2.0,"enemies":"Cultist","floor":1.0,"turns":5.0},{"damage":1.0,"enemies":"Small Slimes","floor":2.0,"turns":5.0},{"damage":2.0,"enemies":"Jaw Worm","floor":3.0,"turns":6.0},{"damage":4.0,"enemies":"2 Fungi Beasts","floor":4.0,"turns":5.0},{"damage":8.0,"enemies":"Looter","floor":5.0,"turns":4.0},{"damage":23.0,"enemies":"Gremlin Nob","floor":6.0,"turns":5.0},{"damage":13,"enemies":"Lagavulin","floor":8,"turns":4}],"seed_played":"186569058543976986","potions_obtained":[{"floor":2.0,"key":"Energy Potion"},{"floor":6.0,"key":"EssenceOfSteel"}],"is_trial":false,"path_per_floor":["M","M","M","M","M","E","R","E"],"character_chosen":"THE_SILENT","items_purchased":[],"campfire_rested":0,"item_purchase_floors":[],"current_hp_per_floor":[68,67,65,61,53,30,30,17,17],"gold":186,"neow_bonus":"TEN_PERCENT_HP_BONUS","is_daily":false,"chose_seed":false,"campfire_upgraded":1,"win_rate":0.0,"timestamp":1611725692,"path_taken":["M","M","M","M","M","E","R","E"],"items_purchased_type":[],"build_version":"2020-12-22","purchased_purges":0,"victory":false,"max_hp_per_floor":[77,77,77,77,77,77,77,77,77],"card_choices":[{"not_picked":["Bane","Underhanded Strike"],"picked":"Catalyst","floor":1.0},{"not_picked":["Blade Dance","Acrobatics"],"picked":"Footwork","floor":2.0},{"not_picked":["Prepared","Setup","Cloak And Dagger"],"picked":"SKIP","floor":3.0},{"not_picked":["Infinite Blades","Escape Plan"],"picked":"Crippling Poison","floor":4.0},{"not_picked":["Flechettes","Choke","Prepared"],"picked":"SKIP","floor":5.0},{"not_picked":["Flying Knee","Dagger Throw","Concentrate"],"picked":"SKIP","floor":6.0}],"player_experience":89386,"relics_obtained":[{"floor":6.0,"key":"Shuriken"}],"event_choices":[],"is_beta":false,"boss_relics":[],"items_purged_floors":[],"is_endless":false,"potions_floor_spawned":[2,6],"killed_by":"Lagavulin","ascension_level":11}}