{"host":"hn9kwncajibu2nw8","time":1611714184,"event":{"mods":["AchievementEnabler","BaseMod","Block Reminder","Colored Powertips","DeckTracker","Highlight Path","KOR Keyword Fix","Minty Spire (QoL Compilation)","Quick Restart","Rare Cards Sparkle"],"gold_per_floor":[215,31,44,44,63,63,96,115,141,171,82,94,94,94,94,94,94],"floor_reached":16,"language":"KOR","playtime":578,"items_purged":["Strike_G"],"score":185,"play_id":"92aa587c-dc0f-4711-9477-236d8a4cada7","local_time":"20210127112304","is_ascension_mode":true,"campfire_choices":[{"data":"Neutralize","floor":6,"key":"SMITH"},{"floor":13,"key":"REST"},{"data":"Catalyst","floor":15,"key":"SMITH"}],"circlet_count":0,"master_deck":["AscendersBane","Strike_G","Strike_G","Strike_G","Strike_G","Defend_G","Defend_G","Defend_G","Defend_G","Defend_G","Survivor","Neutralize+1","Flechettes","Noxious Fumes","Outmaneuver","Catalyst+1","Caltrops","Burst","Footwork","Bouncing Flask"],"relics":["Ring of the Snake","Centennial Puzzle","Orichalcum"],"acts_visited":["Exordium"],"potions_floor_usage":[12],"damage_taken":[{"damage":0,"enemies":"2 Louse","floor":1,"turns":4},{"damage":8,"enemies":"Small Slimes","floor":3,"turns":5},{"damage":6,"enemies":"Jaw Worm","floor":5,"turns":5},{"damage":26,"enemies":"3 Sentries","floor":7,"turns":9},{"damage":11,"enemies":"Gremlin Gang","floor":8,"turns":6},{"damage":2,"enemies":"Looter","floor":12,"turns":4},{"damage":14,"enemies":"Slime Boss","floor":16,"turns":6}],"seed_played":"-3820788491452578412","potions_obtained":[{"floor":1,"key":"Swift Potion"},{"floor":8,"key":"FearPotion"},{"floor":12,"key":"Weak Potion"}],"is_trial":false,"path_per_floor":["M","$","M","?","M","R","E","M","T","?","$","M","R","?","R","B"],"character_chosen":"THE_SILENT","items_purchased":["Noxious Fumes","Outmaneuver","Footwork"],"campfire_rested":1,"item_purchase_floors":[2,2,11],"current_hp_per_floor":[59,59,51,56,50,50,24,13,13,13,13,11,32,32,32,18,18],"gold":94,"neow_bonus":"HUNDRED_GOLD","is_daily":false,"chose_seed":false,"campfire_upgraded":2,"win_rate":0.0,"timestamp":1611714184,"path_taken":["M","$","M","?","M","R","E","M","T","?","$","M","R","?","R","BOSS"],"items_purchased_type":["Card","Card","Card"],"build_version":"2020-12-22","purchased_purges":1,"victory":false,"max_hp_per_floor":[66,66,66,71,71,71,71,71,71,71,71,71,71,71,71,71,71],"card_choices":[{"not_picked":["Tactician","Deadly Poison"],"picked":"Flechettes","floor":1},{"not_picked":["Bane","Prepared"],"picked":"Catalyst","floor":3},{"not_picked":["Blade Dance","Dagger Throw"],"picked":"Caltrops","floor":5},{"not_picked":["Calculated Gamble","Outmaneuver"],"picked":"Burst","floor":7},{"not_picked":["Heel Hook","Skewer","Quick Slash"],"picked":"SKIP","floor":8},{"not_picked":["Well Laid Plans","Bane"],"picked":"Bouncing Flask","floor":12}],"player_experience":479581,"relics_obtained":[{"floor":7,"key":"Centennial Puzzle"},{"floor":9,"key":"Orichalcum"}],"event_choices":[{"damage_healed":0,"gold_gain":0,"player_choice":"Donut","damage_taken":0,"max_hp_gain":5,"max_hp_loss":0,"event_name":"Big Fish","floor":4,"gold_loss":0},{"damage_healed":0,"gold_gain":30,"player_choice":"Searched \u00271\u0027 times","damage_taken":0,"max_hp_gain":0,"max_hp_loss":0,"event_name":"Dead Adventurer","floor":10,"gold_loss":0},{"damage_healed":0,"gold_gain":0,"player_choice":"Ignored","damage_taken":0,"max_hp_gain":0,"max_hp_loss":0,"event_name":"Liars Game","floor":14,"gold_loss":0}],"is_beta":false,"boss_relics":[],"items_purged_floors":[2],"is_endless":false,"potions_floor_spawned":[1,8,12],"killed_by":"Slime Boss","ascension_level":17}}