{"host":"usru02jcpe2a942d","time":1611743491,"event":{"mods":["100% Spire Juice","Act Like it!","BaseMod","Colored Powertips","GifTheSpireLib","Highlight Path","Hubris","Infinite Spire","Minty Spire (QoL Compilation)","MostiFishMod","Quick Restart","Relic Stats","RumiaBox-露米娅的神秘盒子","StSLib","noobMod","【遗物卡牌】REMEMod","篝火指南"],"gold_per_floor":[110,45,45,56,71,71,71,71,71,71,71,86,86,0,0,98,98,117,117,44,60,60,86,105,120,143,53,53,65,65,79,79,177,227,244,244,262,277,297,297,309,30,30,30,43,55,82,82,82,82],"floor_reached":51,"language":"ZHS","playtime":2429,"items_purged":["Moonworks:Defend"],"score":939,"play_id":"7ae856d2-ccb4-4d3b-9d5c-3ada0f8b6222","local_time":"20210127183131","is_ascension_mode":false,"campfire_choices":[{"data":"Moonworks:SealedMemories","floor":6.0,"key":"SMITH"},{"data":"MostiFishMod:Chiaki","floor":10.0,"key":"SMITH"},{"data":"Moonworks:CrystalBarrier","floor":13,"key":"SMITH"},{"data":"MostiFishMod:ButterFly","floor":15,"key":"SMITH"},{"data":"Moonworks:Wanted","floor":28,"key":"SMITH"},{"data":"Moonworks:CompletionReward","floor":32,"key":"SMITH"},{"data":"Moonworks:Wanted","floor":40,"key":"SMITH"},{"data":"Moonworks:ShieldCounter","floor":44,"key":"SMITH"},{"data":"Madness","floor":49,"key":"SMITH"}],"circlet_count":0,"master_deck":["Moonworks:Strike+1","Moonworks:Strike","Moonworks:Strike","Moonworks:Strike","Moonworks:Defend+1","Moonworks:Defend","Moonworks:Defend","Moonworks:Ambush","Moonworks:LongDistanceShot","MostiFishMod:Chiaki+1","Moonworks:LulusLuckyEgg","Moonworks:SealedMemories+1","Moonworks:SakisCookie","MostiFishMod:ButterFly+1","Moonworks:Wanted+1","Moonworks:ImOnFire+1","Moonworks:NicePresent","Moonworks:ForcedRevival+1","Moonworks:Dash+1","Moonworks:CompletionReward+1","Moonworks:PlushieMaster","Moonworks:Wanted+1","Moonworks:NicePresent+1","Moonworks:ShieldCounter+1","hubris:DuctTapeCard","Madness","Madness+1"],"relics":["Moonworks:BrokenBomb","Moonworks:Homemark","DaveBox","ice","REME_ComplimentaryCards","FeatherPendant","SynthV:TestCard","Happy Flower","Darkstone Periapt","ChiXiaoBlade","Blue Candle","Omamori","hubris:EvacipatedBox","hubris:FruitBowl","Tiny House","Incense Burner","Membership Card","REME_LimitBreaker","Kunai","hubris:DuctTape"],"acts_visited":["Exordium","TheCity","TheBeyond"],"potions_floor_usage":[16,33,45,50],"damage_taken":[{"damage":0.0,"enemies":"Small Slimes","floor":1.0,"turns":3.0},{"damage":2.0,"enemies":"2 Louse","floor":4.0,"turns":3.0},{"damage":6.0,"enemies":"Cultist","floor":5.0,"turns":3.0},{"damage":1,"enemies":"3 Louse","floor":12,"turns":3},{"damage":0,"enemies":"The Guardian","floor":16,"turns":6},{"damage":0,"enemies":"Spheric Guardian","floor":18,"turns":1},{"damage":4,"enemies":"Shell Parasite","floor":21,"turns":3},{"damage":0,"enemies":"REME_1_Revenger","floor":23,"turns":2},{"damage":0,"enemies":"Snake Plant","floor":24,"turns":2},{"damage":0,"enemies":"Centurion and Healer","floor":25,"turns":3},{"damage":0,"enemies":"Chosen and Byrds","floor":29,"turns":1},{"damage":1,"enemies":"Snake Plant","floor":31,"turns":3},{"damage":0,"enemies":"Collector","floor":33,"turns":1},{"damage":16,"enemies":"3 Shapes","floor":35,"turns":3},{"damage":0,"enemies":"Orb Walker","floor":37,"turns":2},{"damage":0,"enemies":"3 Darklings","floor":38,"turns":3},{"damage":0,"enemies":"Jaw Worm Horde","floor":39,"turns":3},{"damage":0,"enemies":"Transient","floor":41,"turns":5},{"damage":10,"enemies":"Writhing Mass","floor":45,"turns":3},{"damage":0,"enemies":"Spire Growth","floor":46,"turns":3},{"damage":0,"enemies":"Nemesis","floor":47,"turns":3},{"damage":14,"enemies":"Donu and Deca","floor":50,"turns":5}],"seed_played":"-2804802180212692588","potions_obtained":[{"floor":4.0,"key":"DistilledChaos"},{"floor":23,"key":"Explosive Potion"},{"floor":25,"key":"SpeedPotion"},{"floor":29,"key":"Fire Potion"},{"floor":34,"key":"EssenceOfSteel"},{"floor":38,"key":"Fire Potion"},{"floor":46,"key":"BlessingOfTheForge"}],"is_trial":false,"path_per_floor":["M","?","?","M","M","R","$","?","T","R","?","M","R","$","R","B",null,"M","?","$","M","?","E","M","M","T","?","R","M","$","M","R","B",null,"M","?","M","M","M","R","M","$","T","R","M","M","E","?","R","B",null],"character_chosen":"THE_STARBREAKER","items_purchased":["MostiFishMod:ButterFly","Moonworks:CloudOfSeagulls","Moonworks:LulusLuckyEgg","hubris:EvacipatedBox","hubris:FruitBowl","Membership Card","REME_LimitBreaker"],"campfire_rested":0,"item_purchase_floors":[14,20,20,30,30,42,42],"current_hp_per_floor":[66,66,53,51,45,45,45,42,42,42,42,41,41,41,41,47,66,66,66,66,66,66,66,66,66,66,39,39,66,23,32,32,66,73,63,63,63,73,73,73,73,73,73,73,73,73,73,64,64,73],"gold":82,"neow_bonus":"TEN_PERCENT_HP_BONUS","is_daily":false,"chose_seed":false,"campfire_upgraded":9,"win_rate":0.0,"timestamp":1611743491,"path_taken":["M","?","?","M","M","R","$","?","T","R","?","M","R","$","R","BOSS","M","?","$","M","?","E","?","M","T","?","R","?","?","M","R","BOSS","M","?","M","?","M","R","M","?","T","R","?","M","E","?","R","BOSS"],"items_purchased_type":["Card","Card","Card","Relic","Relic","Relic","Relic"],"build_version":"2020-12-22","purchased_purges":1,"victory":true,"max_hp_per_floor":[66,66,66,66,66,66,66,66,66,66,66,66,66,66,66,66,66,66,66,66,66,66,66,66,66,66,66,66,66,66,66,66,66,73,73,73,73,73,73,73,73,73,73,73,73,73,73,73,73,73],"relic_stats":{"Darkstone Periapt":0,"Happy Flower":[18],"counters":[22,64],"Blue Candle":[0],"Kunai":[10],"obtain_stats":[{"Darkstone Periapt":9,"Tiny House":34,"DaveBox":0,"Happy Flower":8,"hubris:DuctTape":47,"Blue Candle":23,"hubris:FruitBowl":30,"ice":0,"Omamori":26,"Incense Burner":36,"REME_LimitBreaker":42,"hubris:EvacipatedBox":30,"SynthV:TestCard":1,"FeatherPendant":0,"Moonworks:Homemark":0,"ChiXiaoBlade":17,"Membership Card":42,"Kunai":43,"Moonworks:BrokenBomb":0,"REME_ComplimentaryCards":0},{"Darkstone Periapt":3,"Tiny House":13,"DaveBox":0,"Happy Flower":3,"hubris:DuctTape":21,"Blue Candle":8,"hubris:FruitBowl":11,"ice":0,"Omamori":10,"Incense Burner":14,"REME_LimitBreaker":18,"hubris:EvacipatedBox":11,"SynthV:TestCard":1,"FeatherPendant":0,"Moonworks:Homemark":0,"ChiXiaoBlade":5,"Membership Card":18,"Kunai":18,"Moonworks:BrokenBomb":0,"REME_ComplimentaryCards":0},{"Darkstone Periapt":9,"Tiny House":34,"DaveBox":0,"Happy Flower":9,"hubris:DuctTape":59,"Blue Candle":24,"hubris:FruitBowl":30,"ice":0,"Omamori":29,"Incense Burner":37,"REME_LimitBreaker":50,"hubris:EvacipatedBox":30,"SynthV:TestCard":3,"FeatherPendant":0,"Moonworks:Homemark":0,"ChiXiaoBlade":18,"Membership Card":50,"Kunai":50,"Moonworks:BrokenBomb":0,"REME_ComplimentaryCards":0}]},"card_choices":[{"not_picked":["Moonworks:IndiscriminateFireSupport","Moonworks:ScrambledEve"],"picked":"Moonworks:LulusLuckyEgg","floor":1.0},{"not_picked":["Moonworks:IndiscriminateFireSupport","Moonworks:BigMagnum","Moonworks:FinalSurgery","Moonworks:ImOnFire"],"picked":"Moonworks:SealedMemories","floor":4.0},{"not_picked":["Moonworks:Assault","Moonworks:ImOnFire","Moonworks:Dinner","Moonworks:RagingMadness"],"picked":"Moonworks:SakisCookie","floor":5.0},{"not_picked":["Moonworks:DeployBits","Moonworks:ImOnFire","Moonworks:JonathanRush","Moonworks:Assault"],"picked":"Moonworks:CrystalBarrier","floor":12},{"not_picked":["Moonworks:ReflectiveShell","Moonworks:OutOfAmmo","Moonworks:AccelHyper","Moonworks:Blazing"],"picked":"Moonworks:Wanted","floor":16},{"not_picked":["Moonworks:Assault","Moonworks:LulusLuckyEgg","Moonworks:CloudOfSeagulls","Moonworks:ReproductionOfRecords"],"picked":"Moonworks:ImOnFire+1","floor":18},{"not_picked":["Moonworks:Assault","Moonworks:LulusLuckyEgg","Moonworks:BigBangBell","Moonworks:JonathanRush"],"picked":"Moonworks:NicePresent","floor":21},{"not_picked":["Moonworks:DeployBits","Moonworks:JonathanRush","Moonworks:SakisCookie","Moonworks:IndiscriminateFireSupport"],"picked":"Moonworks:ForcedRevival","floor":23},{"not_picked":["Moonworks:Heat300Percent","Moonworks:BigMagnum+1","Moonworks:TacticalRetreat+1","Moonworks:Assault"],"picked":"Moonworks:Dash+1","floor":24},{"not_picked":["Moonworks:SelfDestruct","Moonworks:MixPhenomenon+1","Moonworks:EvilSpyWorkPreparation+1","Moonworks:UnluckyCharm"],"picked":"Moonworks:SealedMemories+1","floor":25},{"not_picked":["Moonworks:SakisCookie","Moonworks:ImOnFire","Moonworks:CloudOfSeagulls+1","Moonworks:MixPhenomenon"],"picked":"Moonworks:CompletionReward","floor":29},{"not_picked":["Moonworks:ReproductionOfRecords","Moonworks:CloudOfSeagulls","Moonworks:JonathanRush+1","Moonworks:Dinner","Moonworks:ImOnFire"],"picked":"SKIP","floor":31},{"not_picked":["Moonworks:Blazing","Moonworks:ReflectiveShell","Moonworks:AnotherUltimateWeapon","Moonworks:StarBlastingFuse"],"picked":"Moonworks:PlushieMaster","floor":33},{"not_picked":["Moonworks:Assault","Moonworks:IndiscriminateFireSupport","Moonworks:MiracleWalker","Moonworks:JonathanRush+1"],"picked":"Moonworks:Wanted","floor":35},{"not_picked":["Moonworks:CloudOfSeagulls","Moonworks:LuckyCharm+1","Moonworks:ReproductionOfRecords+1","Moonworks:CookingTime"],"picked":"Moonworks:NicePresent+1","floor":37},{"not_picked":["Moonworks:BeyondHell+1","Moonworks:LulusLuckyEgg","Moonworks:JonathanRush+1","Moonworks:AwakeningOfTalent","Moonworks:DeployBits+1"],"picked":"SKIP","floor":38},{"not_picked":["Moonworks:MiracleRedBeanIceCream","Moonworks:BigBangBell","Moonworks:Bloodlust+1","Moonworks:LulusLuckyEgg+1","Moonworks:BigMagnum+1"],"picked":"SKIP","floor":39},{"not_picked":["Moonworks:StiffCrystal+1","Moonworks:Heat300Percent","Moonworks:IndiscriminateFireSupport+1","Moonworks:JonathanRush+1"],"picked":"Moonworks:ShieldCounter","floor":41},{"not_picked":["Moonworks:ImOnFire","Moonworks:IndiscriminateFireSupport+1","Moonworks:Assault","Moonworks:TreasureThief","Moonworks:EvilSpyWorkPreparation"],"picked":"SKIP","floor":45},{"not_picked":["Moonworks:BigMagnum+1","Moonworks:TreasureThief","Moonworks:BindingChains","Moonworks:MiracleRedBeanIceCream","Moonworks:ImOnFire+1"],"picked":"SKIP","floor":46},{"not_picked":["Moonworks:ImOnFire","Moonworks:BigMagnum+1","Moonworks:JonathanRush","Moonworks:FinalBattle","Moonworks:MiracleWalker"],"picked":"SKIP","floor":47}],"player_experience":225487,"relics_obtained":[{"floor":1.0,"key":"SynthV:TestCard"},{"floor":9.0,"key":"Darkstone Periapt"},{"floor":23,"key":"Blue Candle"},{"floor":26,"key":"Omamori"},{"floor":43,"key":"Kunai"},{"floor":47,"key":"hubris:DuctTape"}],"event_choices":[{"damage_healed":0.0,"max_hp_gain":0.0,"max_hp_loss":0.0,"gold_gain":175.0,"event_name":"Liars Game","player_choice":"AGREE","floor":2.0,"gold_loss":0.0,"damage_taken":0.0,"cards_obtained":["Doubt"]},{"damage_healed":0.0,"max_hp_gain":0.0,"max_hp_loss":0.0,"gold_gain":0.0,"event_name":"Shining Light","player_choice":"Entered Light","floor":3.0,"gold_loss":0.0,"damage_taken":13.0,"cards_upgraded":["Moonworks:Defend","Moonworks:Strike"]},{"damage_healed":0.0,"max_hp_gain":0.0,"max_hp_loss":0.0,"gold_gain":0.0,"event_name":"Scrap Ooze","player_choice":"Success","floor":8.0,"gold_loss":0.0,"damage_taken":3.0,"relics_obtained":["Happy Flower"]},{"cards_removed":["Doubt"],"damage_healed":0,"gold_gain":0,"player_choice":"Forget","damage_taken":0,"max_hp_gain":0,"max_hp_loss":0,"event_name":"Living Wall","floor":11,"gold_loss":0},{"damage_healed":0,"gold_gain":0,"player_choice":"Ignored","damage_taken":0,"max_hp_gain":0,"max_hp_loss":0,"event_name":"Vampires","floor":19,"gold_loss":0},{"cards_removed":["Moonworks:CloudOfSeagulls"],"damage_healed":5,"gold_gain":0,"player_choice":"Offered Common","damage_taken":0,"max_hp_gain":0,"max_hp_loss":0,"event_name":"Bonfire Elementals","floor":22,"gold_loss":0},{"cards_removed":["Moonworks:CloudOfSeagulls"],"damage_healed":5,"gold_gain":0,"player_choice":"Offered Special","damage_taken":0,"max_hp_gain":0,"max_hp_loss":0,"event_name":"Bonfire Elementals","floor":22,"gold_loss":0},{"damage_healed":0,"gold_gain":270,"player_choice":"GOLD GOLD GOLD ","damage_taken":27,"max_hp_gain":0,"max_hp_loss":0,"event_name":"Knowing Skull","floor":27,"potions_obtained":[],"gold_loss":0,"cards_obtained":[]},{"cards_removed":["Moonworks:LulusLuckyEgg"],"damage_healed":0,"gold_gain":0,"player_choice":"Gave Card","damage_taken":0,"relics_obtained":["Incense Burner"],"max_hp_gain":0,"max_hp_loss":0,"event_name":"WeMeetAgain","floor":36,"gold_loss":0},{"damage_healed":0,"gold_gain":0,"player_choice":"Embrace Madness","damage_taken":9,"max_hp_gain":0,"max_hp_loss":0,"event_name":"Winding Halls","floor":48,"gold_loss":0,"cards_obtained":["Madness","Madness"]}],"is_beta":false,"boss_relics":[{"not_picked":["ShadowXiaoBlade","Moonworks:SBBomb"],"picked":"ChiXiaoBlade"},{"not_picked":["GreenFoldingFan","Empty Cage","MoonlightInvasionPlan"],"picked":"Tiny House"}],"items_purged_floors":[30],"is_endless":false,"potions_floor_spawned":[4,23,25,29,37,38,46],"ascension_level":0}}