{"host":"ddnlm33rmqyizb8g","time":1611709281,"event":{"mods":["BaseMod","Colored Map","Colored Powertips","Minty Spire (QoL Compilation)"],"gold_per_floor":[114,128,108,122,132,132,160,160,234,234,266,266,296,309,309,411,411,429,441,452,452,452],"floor_reached":21,"language":"ENG","playtime":1127,"items_purged":[],"score":201,"play_id":"053bf129-114b-47fe-af45-fe4188e6312c","local_time":"20210126200121","is_ascension_mode":false,"campfire_choices":[{"data":"EmptyBody","floor":6,"key":"SMITH"},{"data":"LikeWater","floor":8,"key":"SMITH"},{"data":"Judgement","floor":12,"key":"SMITH"},{"data":"Fasting2","floor":15,"key":"SMITH"}],"circlet_count":0,"master_deck":["Strike_P","Strike_P","Strike_P","Strike_P","Defend_P","Defend_P","Defend_P","Defend_P","Eruption","Vigilance","EmptyBody+1","SashWhip","FearNoEvil","FollowUp","LikeWater+1","Judgement+1","PathToVictory","Fasting2+1","MasterReality","JustLucky","JustLucky+1","Nirvana"],"relics":["PureWater","NeowsBlessing","GoldenEye","Pantograph","Ancient Tea Set","FossilizedHelix","Cursed Key"],"acts_visited":["Exordium","TheCity"],"potions_floor_usage":[],"damage_taken":[{"damage":0,"enemies":"2 Louse","floor":1,"turns":1},{"damage":0,"enemies":"Cultist","floor":2,"turns":1},{"damage":0,"enemies":"Jaw Worm","floor":4,"turns":1},{"damage":0,"enemies":"Large Slime","floor":5,"turns":7},{"damage":25,"enemies":"Gremlin Nob","floor":7,"turns":4},{"damage":15,"enemies":"3 Sentries","floor":11,"turns":12},{"damage":20,"enemies":"Lagavulin","floor":13,"turns":8},{"damage":0,"enemies":"Blue Slaver","floor":14,"turns":4},{"damage":25,"enemies":"Hexaghost","floor":16,"turns":13},{"damage":14,"enemies":"Shell Parasite","floor":18,"turns":6},{"damage":13,"enemies":"3 Byrds","floor":19,"turns":6},{"damage":15,"enemies":"Centurion and Healer","floor":20,"turns":7},{"damage":34,"enemies":"Snake Plant","floor":21,"turns":5}],"seed_played":"4532187516429060739","potions_obtained":[{"floor":3,"key":"ColorlessPotion"},{"floor":5,"key":"SmokeBomb"},{"floor":13,"key":"Energy Potion"}],"is_trial":false,"path_per_floor":["M","M","?","M","M","R","E","R","T","T","E","R","E","M","R","B",null,"M","M","M","M"],"character_chosen":"WATCHER","items_purchased":[],"campfire_rested":0,"item_purchase_floors":[],"current_hp_per_floor":[72,72,72,72,72,72,47,47,47,47,32,32,12,12,12,12,72,58,45,30,0,0],"gold":452,"neow_bonus":"THREE_ENEMY_KILL","is_daily":false,"chose_seed":false,"campfire_upgraded":4,"win_rate":0.0,"timestamp":1611709281,"path_taken":["M","M","?","M","?","R","E","R","T","?","E","R","E","M","R","BOSS","M","M","M","M"],"items_purchased_type":[],"build_version":"2020-12-22","purchased_purges":0,"victory":false,"max_hp_per_floor":[72,72,72,72,72,72,72,72,72,72,72,72,72,72,72,72,72,72,72,72,72,72],"card_choices":[{"not_picked":["Consecrate","Vengeance"],"picked":"EmptyBody","floor":1},{"not_picked":["Protect","WreathOfFlame"],"picked":"SashWhip","floor":2},{"not_picked":["Conclude","Collect"],"picked":"FearNoEvil","floor":4},{"not_picked":["Swivel","Halt"],"picked":"FollowUp","floor":5},{"not_picked":["Protect","SignatureMove"],"picked":"LikeWater","floor":7},{"not_picked":["EmptyFist","FlurryOfBlows"],"picked":"Judgement","floor":11},{"not_picked":["EmptyBody","FollowUp"],"picked":"PathToVictory","floor":13},{"not_picked":["FlyingSleeves","FlurryOfBlows"],"picked":"Fasting2","floor":14},{"not_picked":["Ragnarok","Blasphemy"],"picked":"MasterReality","floor":16},{"not_picked":["Indignation","CutThroughFate"],"picked":"JustLucky","floor":18},{"not_picked":["FlurryOfBlows","WreathOfFlame+1"],"picked":"JustLucky+1","floor":19},{"not_picked":["Evaluate+1","Study"],"picked":"Nirvana","floor":20}],"player_experience":143406,"relics_obtained":[{"floor":7,"key":"GoldenEye"},{"floor":9,"key":"Pantograph"},{"floor":11,"key":"Ancient Tea Set"},{"floor":13,"key":"FossilizedHelix"}],"event_choices":[{"damage_healed":0,"gold_gain":0,"player_choice":"Bought 1 Potion","damage_taken":0,"max_hp_gain":0,"max_hp_loss":0,"event_name":"The Woman in Blue","floor":3,"gold_loss":0}],"is_beta":false,"boss_relics":[{"not_picked":["Velvet Choker","Pandora\u0027s Box"],"picked":"Cursed Key"}],"items_purged_floors":[],"is_endless":false,"potions_floor_spawned":[5,13,14,20],"killed_by":"Snake Plant","ascension_level":0}}