{"host":"zrtolk9726p85qr7","time":1611711831,"event":{"mods":["BaseMod","BetterRewards","Colored Powertips","Minty Spire (QoL Compilation)","Permanent Neow","Quick Restart","Spire Arcade","StSLib","The Animator","The Necromancer","The Wild Card"],"gold_per_floor":[112,112,122,136,67,100,100,60,60,60,76,88,88,88,88,183,183,202,202,219,229,176,176,194,194,194],"floor_reached":25,"language":"ENG","playtime":2089,"items_purged":[],"score":203,"play_id":"8ea907ca-3b12-4cdb-9fef-406ce3dc4f22","local_time":"20210127024351","is_ascension_mode":false,"campfire_choices":[{"floor":7,"key":"REST"},{"floor":13,"key":"REST"},{"data":"Rampage","floor":15,"key":"SMITH"}],"circlet_count":0,"master_deck":["Strike_R","Strike_R","Strike_R","Strike_R","Strike_R","Defend_R","Defend_R","Defend_R","Defend_R","Bash","Iron Wave","Rampage+1","Searing Blow","Good Instincts","Intimidate","Spot Weakness","Cleave","Pummel","Anger","Decay"],"relics":["Black Blood","Ice Cream","Nloth\u0027s Gift"],"acts_visited":["Exordium","TheCity"],"potions_floor_usage":[16,25,25,25],"damage_taken":[{"damage":4,"enemies":"2 Louse","floor":1,"turns":3},{"damage":1,"enemies":"Cultist","floor":3,"turns":3},{"damage":8,"enemies":"Jaw Worm","floor":4,"turns":3},{"damage":56,"enemies":"Lagavulin","floor":6,"turns":9},{"damage":10,"enemies":"Exordium Thugs","floor":11,"turns":6},{"damage":1,"enemies":"2 Fungi Beasts","floor":12,"turns":3},{"damage":41,"enemies":"Hexaghost","floor":16,"turns":9},{"damage":13,"enemies":"Chosen","floor":18,"turns":6},{"damage":26,"enemies":"Spheric Guardian","floor":20,"turns":4},{"damage":39,"enemies":"Snake Plant","floor":21,"turns":5},{"damage":19,"enemies":"Cultist and Chosen","floor":24,"turns":6},{"damage":42,"enemies":"Sentry and Sphere","floor":25,"turns":5}],"seed_played":"6390317119420494369","potions_obtained":[{"floor":11,"key":"DuplicationPotion"},{"floor":12,"key":"BlessingOfTheForge"},{"floor":16,"key":"GamblersBrew"},{"floor":24,"key":"BlessingOfTheForge"}],"is_trial":false,"path_per_floor":["M","?","M","M","$","E","R","$","T","?","M","M","R","?","R","B",null,"M","?","M","M","$","?","M","M"],"character_chosen":"IRONCLAD","items_purchased":["Rampage","Searing Blow","Anger"],"campfire_rested":2,"item_purchase_floors":[5,8,22],"current_hp_per_floor":[80,80,80,78,78,28,52,52,52,52,48,53,77,82,82,47,85,84,84,70,43,43,43,36,0,0],"gold":194,"neow_bonus":"RANDOM_COMMON_RELIC","is_daily":false,"chose_seed":false,"campfire_upgraded":1,"win_rate":0.0,"timestamp":1611711831,"path_taken":["M","?","?","M","?","E","R","$","T","?","M","?","R","?","R","BOSS","M","?","M","M","?","?","M","M"],"items_purchased_type":["Card","Card","Card"],"build_version":"2020-12-22","purchased_purges":0,"victory":false,"max_hp_per_floor":[80,80,80,80,80,80,80,80,80,80,80,80,80,85,85,85,85,85,85,85,85,85,85,85,85,85],"card_choices":[{"not_picked":["Sword Boomerang","Twin Strike"],"picked":"Iron Wave","floor":1},{"not_picked":["Warcry","Carnage","Ghostly Armor"],"picked":"SKIP","floor":3},{"not_picked":["Armaments","Reckless Charge","Shrug It Off"],"picked":"SKIP","floor":4},{"not_picked":["Wild Strike","Havoc","Perfected Strike"],"picked":"SKIP","floor":6},{"not_picked":["Flex","Pommel Strike"],"picked":"Intimidate","floor":11},{"not_picked":["Feed","Sword Boomerang"],"picked":"Spot Weakness","floor":12},{"not_picked":["Rage","Shrug It Off"],"picked":"Cleave","floor":18},{"not_picked":["Flex","Warcry+1","Intimidate"],"picked":"SKIP","floor":20},{"not_picked":["Battle Trance+1","Pommel Strike"],"picked":"Pummel","floor":21},{"not_picked":["Body Slam","Metallicize","Clothesline+1"],"picked":"SKIP","floor":24}],"player_experience":113665,"relics_obtained":[{"floor":6,"key":"Ice Cream"}],"event_choices":[{"damage_healed":0,"gold_gain":0,"player_choice":"Ignored","damage_taken":0,"max_hp_gain":0,"max_hp_loss":0,"event_name":"Purifier","floor":2,"gold_loss":0},{"damage_healed":0,"gold_gain":0,"player_choice":"1 cards matched","damage_taken":0,"max_hp_gain":0,"max_hp_loss":0,"event_name":"Match and Keep!","floor":10,"gold_loss":0,"cards_obtained":["Good Instincts"]},{"damage_healed":0,"gold_gain":0,"player_choice":"Donut","damage_taken":0,"max_hp_gain":5,"max_hp_loss":0,"event_name":"Big Fish","floor":14,"gold_loss":0},{"damage_healed":0,"gold_gain":0,"player_choice":"Traded Relic","damage_taken":0,"relics_obtained":["Nloth\u0027s Gift"],"max_hp_gain":0,"max_hp_loss":0,"event_name":"N\u0027loth","floor":19,"relics_lost":["Art of War"],"gold_loss":0},{"damage_healed":0,"gold_gain":0,"player_choice":"Cursed","damage_taken":0,"max_hp_gain":0,"max_hp_loss":0,"event_name":"Wheel of Change","floor":23,"gold_loss":0,"cards_obtained":["Decay"]}],"is_beta":false,"boss_relics":[{"not_picked":["Cursed Key","Runic Cube"],"picked":"Black Blood"}],"items_purged_floors":[],"is_endless":false,"potions_floor_spawned":[11,12,16,24],"killed_by":"Sentry and Sphere","ascension_level":0}}