{"host":"rvofswtrkybk7ok8","time":1611748620,"event":{"mods":["ATMod(°¢èªMod)","BaseMod","Card Filter","Colored Map","Downfall","Minty Spire (QoL Compilation)","Quick Restart","StSLib"],"gold_per_floor":[0,20,39,58,58,50,77,116,116,224,245,301,328,344,367,489,489,289,325,347,362,362,397,397,56,93,102,138,157,157,183,220,342,342,242,277,277,28,52,191,191,191,339,367,394,394,243,394,416,516,516,649,412,412,412,512],"floor_reached":57,"language":"ZHS","playtime":3638,"items_purged":["downfall:Malfunctioning","hexamod:Strike","hexamod:Strike","hexamod:Defend+1","hexamod:Strike+1"],"score":1807,"play_id":"e67f85bf-42f3-4759-95da-e7060a1489e7","local_time":"20210127195700","is_ascension_mode":true,"campfire_choices":[{"data":"hexamod:Float","floor":1.0,"key":"SMITH"},{"data":"hexamod:SearingWound","floor":9.0,"key":"SMITH"},{"data":"hexamod:UnlimitedPower","floor":18.0,"key":"SMITH"},{"floor":30.0,"key":"RECALL"},{"data":"hexamod:UnlimitedPower","floor":35.0,"key":"SMITH"},{"data":"hexamod:UnlimitedPower","floor":42.0,"key":"SMITH"}],"circlet_count":0,"master_deck":["hexamod:Strike+1","hexamod:Defend+1","hexamod:Defend+1","hexamod:Sear+1","hexamod:Float+1","AT_Desolate+1","hexamod:StepThrough+1","hexamod:SearingWound+1","hexamod:TurnItUp+1","hexamod:EmpoweredFlame+1","hexamod:GhostflameInferno+1","hexamod:RainOfEmbers+1","hexamod:UnlimitedPower+1","hexamod:NecessarySacrifice+1","hexamod:ForkedFlame+1","hexamod:HexaLevel+1","hexamod:RainOfEmbers+1","hexamod:SuperheatedStrike+1","hexamod:HexaLevel+1","hexamod:ExtraCrispy+1","hexamod:GhostflameInferno+1","hexamod:EmpoweredFlame+1","hexamod:GhostflameInferno+1","hexamod:UnlimitedPower+1","hexamod:InspiringFlames+1","hexamod:UnlimitedPower+1","hexamod:SoulSteal+1","hexamod:SkipABeat+1","hexamod:HeatCrush+1"],"relics":["hexamod:SpiritBrand","AT_ATBox","AT_GuinsooRageblade","White Beast Statue","OrangePellets","Unceasing Top","CeramicFish","bronze:MakeshiftBattery","downfall:HeartBlessingGreen","downfall:HeartBlessingBlue","Kunai","PreservedInsect","Question Card","Mummified Hand","Bronze Scales","ClockworkSouvenir","AT_GoldPhoenixTree","Coffee Dripper","downfall:HeartBlessingRed","AT_TheCollector","hexamod:MatchstickCase","TheAbacus","Boot","Meat on the Bone","AT_Kusabimaru","Lee\u0027s Waffle","hexamod:TheBrokenSeal","Gremlin Horn","Bottled Flame","Strange Spoon","AT_ChloranthyRing","Letter Opener"],"acts_visited":["Exordium","TheCity","TheBeyond","TheEnding"],"potions_floor_usage":[44,47,56],"damage_taken":[{"damage":6.0,"enemies":"Jaw Worm","floor":2.0,"turns":3.0},{"damage":0.0,"enemies":"Small Slimes","floor":3.0,"turns":3.0},{"damage":0.0,"enemies":"Cultist","floor":4.0,"turns":3.0},{"damage":31.0,"enemies":"Gremlin Nob","floor":8.0,"turns":4.0},{"damage":24.0,"enemies":"downfall:LadyInBlue","floor":10.0,"turns":7.0},{"damage":4.0,"enemies":"2 Fungi Beasts","floor":11.0,"turns":4.0},{"damage":0.0,"enemies":"downfall:FleeingMerchant","floor":12.0,"turns":4.0},{"damage":15.0,"enemies":"Exordium Thugs","floor":13.0,"turns":3.0},{"damage":14.0,"enemies":"Blue Slaver","floor":14.0,"turns":3.0},{"damage":0.0,"enemies":"3 Louse","floor":15.0,"turns":4.0},{"damage":21.0,"enemies":"SI_SHIV_ARCHETYPE","floor":16.0,"turns":7.0},{"damage":4.0,"enemies":"Chosen","floor":19.0,"turns":3.0},{"damage":7.0,"enemies":"Snake Plant","floor":20.0,"turns":3.0},{"damage":0.0,"enemies":"downfall:FleeingMerchant","floor":21.0,"turns":4.0},{"damage":0.0,"enemies":"Snecko","floor":23.0,"turns":3.0},{"damage":10.0,"enemies":"downfall:FleeingMerchant","floor":25.0,"turns":3.0},{"damage":13.0,"enemies":"3 Cultists","floor":26.0,"turns":4.0},{"damage":6.0,"enemies":"Gremlin Leader","floor":28.0,"turns":4.0},{"damage":6.0,"enemies":"Centurion and Healer","floor":29.0,"turns":4.0},{"damage":0.0,"enemies":"Snake Plant","floor":31.0,"turns":2.0},{"damage":39.0,"enemies":"3 Cultists","floor":32.0,"turns":4.0},{"damage":3.0,"enemies":"WA_ARCHETYPE_CALM","floor":33.0,"turns":3.0},{"damage":0.0,"enemies":"Orb Walker","floor":36.0,"turns":2.0},{"damage":0.0,"enemies":"Nemesis","floor":40.0,"turns":2.0},{"damage":0,"enemies":"Reptomancer","floor":43,"turns":2},{"damage":3,"enemies":"3 Shapes","floor":44,"turns":2},{"damage":10,"enemies":"Spire Growth","floor":45,"turns":3},{"damage":0,"enemies":"Giant Head","floor":48,"turns":3},{"damage":0,"enemies":"Jaw Worm Horde","floor":49,"turns":2},{"damage":37,"enemies":"DF_ARCHETYPE_ORBS","floor":50,"turns":3},{"damage":0,"enemies":"downfall:CharBossMerchant","floor":52,"turns":3},{"damage":68,"enemies":"downfall:NeowBoss","floor":55,"turns":7},{"damage":78,"enemies":"downfall:NeowBossFinal","floor":56,"turns":5}],"seed_played":"3468290839885012482","potions_obtained":[{"floor":4.0,"key":"Fire Potion"},{"floor":8.0,"key":"AttackPotion"},{"floor":8.0,"key":"DuplicationPotion"},{"floor":10.0,"key":"Fruit Juice"},{"floor":10.0,"key":"Block Potion"},{"floor":10.0,"key":"Explosive Potion"},{"floor":10.0,"key":"FairyPotion"},{"floor":11.0,"key":"EntropicBrew"},{"floor":12.0,"key":"CultistPotion"},{"floor":13.0,"key":"FairyPotion"},{"floor":16.0,"key":"FearPotion"},{"floor":26.0,"key":"DistilledChaos"},{"floor":29.0,"key":"PowerPotion"},{"floor":33.0,"key":"SteroidPotion"},{"floor":33.0,"key":"Fire Potion"},{"floor":36.0,"key":"DistilledChaos"},{"floor":40.0,"key":"LiquidMemories"},{"floor":44,"key":"Fruit Juice"},{"floor":45,"key":"EntropicBrew"}],"is_trial":false,"path_per_floor":["R","M","M","M","?","?","T","E","R","?","M","$","M","M","M","B",null,"R","M","M","$","?","M","T","$","M","?","E","M","R","M","M","B",null,"R","M","?","$","T","E","T","R","E","M","M","R","$","E","M","B",null,"E","$","R","B","B",null],"character_chosen":"THE_SPIRIT","items_purchased":["hexamod:EmpoweredFlame","hexamod:GhostflameInferno","OrangePellets","hexamod:RainOfEmbers","Unceasing Top","CeramicFish","Kunai","PreservedInsect","Mummified Hand","Bronze Scales","ClockworkSouvenir","AT_TheCollector","hexamod:MatchstickCase","TheAbacus","Lee\u0027s Waffle","Strange Spoon","AT_ChloranthyRing","Letter Opener"],"campfire_rested":0,"item_purchase_floors":[12,12,12,12,12,12,21,21,25,25,25,38,38,38,47,53,53,53],"current_hp_per_floor":[84,78,78,78,78,71,71,47,47,35,38,45,37,30,37,23,89,99,99,92,99,79,86,86,83,77,77,78,79,79,79,47,44,104,104,104,94,94,94,94,94,94,94,96,86,86,116,126,126,89,126,126,126,126,70,49],"gold":512,"neow_bonus":"TWENTY_PERCENT_HP_BONUS","is_daily":false,"chose_seed":false,"campfire_upgraded":5,"win_rate":0.0,"timestamp":1611748620,"path_taken":["R","M","M","M","?","?","T","E","R","?","?","$","M","M","M","BOSS","R","M","M","$","?","M","T","$","M","?","E","M","R","?","M","BOSS","R","M","?","$","?","E","T","R","E","M","M","R","$","E","M","BOSS","E","$","R","BOSS","BOSS"],"items_purchased_type":["Card","Card","Relic","Card","Relic","Relic","Relic","Relic","Relic","Relic","Relic","Relic","Relic","Relic","Relic","Relic","Relic","Relic"],"build_version":"2020-12-22","purchased_purges":5,"victory":true,"max_hp_per_floor":[84,84,84,84,84,84,84,84,84,89,89,89,89,89,89,89,89,99,99,99,99,104,104,104,104,104,104,104,104,104,104,104,104,104,104,104,104,104,104,104,104,104,104,109,109,109,116,126,126,126,126,126,126,126,126,126],"card_choices":[{"not_picked":["hexamod:BacktrackSmack","hexamod:Again"],"picked":"hexamod:StepThrough","floor":2.0},{"not_picked":["hexamod:ThermalTransfer","hexamod:AdvancingGuard"],"picked":"hexamod:InspiringFlames","floor":3.0},{"not_picked":["hexamod:EtherealExpedition","hexamod:GhostShield"],"picked":"hexamod:SearingWound","floor":4.0},{"not_picked":["hexamod:HeatMetal","hexamod:ChargedBarrage","hexamod:FastForward"],"picked":"SKIP","floor":8.0},{"not_picked":["hexamod:PhantomCloak","hexamod:ExtraCrispy","hexamod:EtherealExpedition"],"picked":"SKIP","floor":8.0},{"not_picked":["hexamod:CatchUp","hexamod:GhostOfSpireFuture","hexamod:SpectralSpark"],"picked":"SKIP","floor":11.0},{"not_picked":["hexamod:NightmareGuise","hexamod:SuperheatedStrike","hexamod:AdvancingGuard"],"picked":"SKIP","floor":11.0},{"not_picked":["hexamod:SpectralSpark","hexamod:PhantomCloak"],"picked":"hexamod:TurnItUp","floor":12.0},{"not_picked":["hexamod:NightmareStrike","hexamod:HeatMetal","hexamod:RecurringNightmare"],"picked":"SKIP","floor":12.0},{"not_picked":["hexamod:HeatCrush","hexamod:GhostLash","hexamod:Incineration"],"picked":"SKIP","floor":13.0},{"not_picked":["hexamod:Hexaguard","hexamod:Firestarter","hexamod:DynamicBlow"],"picked":"SKIP","floor":13.0},{"not_picked":["hexamod:FastForward","hexamod:Firestarter","hexamod:ExtraCrispy"],"picked":"SKIP","floor":14.0},{"not_picked":["hexamod:Again","hexamod:HauntingEcho","hexamod:NightmareGuise"],"picked":"SKIP","floor":15.0},{"not_picked":["hexamod:TurnItUp","hexamod:GhostflameInferno"],"picked":"hexamod:SixthSeal","floor":16.0},{"not_picked":["hexamod:TurnItUp","hexamod:VolcanoVisage"],"picked":"hexamod:UnlimitedPower","floor":16.0},{"not_picked":["hexamod:FastForward","hexamod:HeatMetal+1"],"picked":"hexamod:NecessarySacrifice+1","floor":19.0},{"not_picked":["hexamod:Firestarter","hexamod:BacktrackSmack","hexamod:Rewind"],"picked":"SKIP","floor":19.0},{"not_picked":["hexamod:BacktrackSmack","hexamod:GhostLash","hexamod:ShieldOfDarkness+1"],"picked":"SKIP","floor":20.0},{"not_picked":["hexamod:HauntingEcho+1","hexamod:NightmareStrike"],"picked":"hexamod:ForkedFlame","floor":21.0},{"not_picked":["hexamod:Hexaguard","hexamod:HeatShield"],"picked":"hexamod:HexaLevel","floor":21.0},{"not_picked":["hexamod:GhostLash","hexamod:NightmareGuise"],"picked":"hexamod:RainOfEmbers+1","floor":23.0},{"not_picked":["hexamod:SuperheatedStrike","hexamod:FastForward","hexamod:RetreatToShadows"],"picked":"SKIP","floor":23.0},{"not_picked":["hexamod:GhostLash+1","hexamod:SpectersWail","hexamod:NightmareStrike"],"picked":"hexamod:SuperheatedStrike+1","floor":25.0},{"not_picked":["hexamod:GhostOfSpirePast","hexamod:FastForward","hexamod:PowerFromBeyond"],"picked":"hexamod:HexaLevel","floor":26.0},{"not_picked":["hexamod:BurningTouch+1","hexamod:NightmareGuise","hexamod:BacktrackSmack","hexamod:FlamesFromBeyond+1"],"picked":"SKIP","floor":28.0},{"not_picked":["hexamod:BacktrackSmack+1","hexamod:Hexaguard+1","hexamod:AdvancingGuard","hexamod:ChargedBarrage"],"picked":"SKIP","floor":28.0},{"not_picked":["hexamod:AdvancingGuard","hexamod:SwordOfDarkness","hexamod:BacktrackSmack","hexamod:NightmareStrike"],"picked":"SKIP","floor":29.0},{"not_picked":["hexamod:AdvancingGuard","hexamod:SwordOfDarkness","hexamod:BacktrackSmack","hexamod:NightmareStrike"],"picked":"SKIP","floor":29.0},{"not_picked":["hexamod:Firestarter","hexamod:Hexaguard","hexamod:GhostOfSpirePast+1"],"picked":"hexamod:GhostflameInferno","floor":31.0},{"not_picked":["hexamod:Haunt","hexamod:ShieldOfDarkness","hexamod:GhostOfSpirePast"],"picked":"hexamod:EmpoweredFlame+1","floor":32.0},{"not_picked":["hexamod:SpectersWail","hexamod:GhostShield","hexamod:StepThrough+1","hexamod:BurningTouch"],"picked":"SKIP","floor":32.0},{"not_picked":["hexamod:TimeWarp","hexamod:ParanormalForm","hexamod:Toasty"],"picked":"hexamod:GhostflameInferno","floor":33.0},{"not_picked":["hexamod:TimeWarp","hexamod:HexaLevel","hexamod:GhostflameInferno"],"picked":"hexamod:UnlimitedPower","floor":33.0},{"not_picked":["hexamod:Firestarter+1","hexamod:Haunt+1","hexamod:HauntingEcho"],"picked":"hexamod:InspiringFlames+1","floor":36.0},{"not_picked":["hexamod:GhostShield","hexamod:FourthSeal","hexamod:ThermalTransfer"],"picked":"hexamod:UnlimitedPower","floor":40.0},{"not_picked":["hexamod:PhantomCloak","hexamod:GhostOfSpireFuture+1","hexamod:ThermalTransfer","hexamod:RetreatToShadows+1"],"picked":"SKIP","floor":40.0},{"not_picked":["hexamod:GhostLash+1","hexamod:NightmareStrike+1","hexamod:HeatShield"],"picked":"hexamod:SoulSteal+1","floor":43},{"not_picked":["hexamod:GhostLash+1","hexamod:GhostOfSpirePast+1","hexamod:RetreatToShadows","hexamod:HeatCrush+1"],"picked":"SKIP","floor":44},{"not_picked":["hexamod:SpectralSpark+1","hexamod:AdvancingGuard","hexamod:SpectersWail","hexamod:Firestarter+1"],"picked":"SKIP","floor":44},{"not_picked":["hexamod:InspiringFlames","hexamod:NightmareGuise+1","hexamod:Hexaguard"],"picked":"hexamod:FifthSeal","floor":45},{"not_picked":["hexamod:SecondSeal","hexamod:SuperheatedStrike+1","hexamod:Again"],"picked":"hexamod:SkipABeat+1","floor":48},{"not_picked":["hexamod:SpectersWail","hexamod:FastForward","hexamod:SuperheatedStrike"],"picked":"hexamod:HeatCrush+1","floor":49},{"not_picked":["hexamod:Firestarter+1","hexamod:EtherealExpedition","hexamod:RainOfEmbers","hexamod:SpectersWail+1"],"picked":"SKIP","floor":52}],"player_experience":715707,"relics_obtained":[{"floor":8.0,"key":"AT_GuinsooRageblade"},{"floor":10.0,"key":"White Beast Statue"},{"floor":24.0,"key":"Question Card"},{"floor":28.0,"key":"AT_GoldPhoenixTree"},{"floor":39.0,"key":"Boot"},{"floor":41.0,"key":"Meat on the Bone"},{"floor":43,"key":"AT_Kusabimaru"},{"floor":48,"key":"Gremlin Horn"},{"floor":52,"key":"Bottled Flame"}],"event_choices":[{"damage_healed":0.0,"max_hp_gain":0.0,"max_hp_loss":0.0,"gold_gain":0.0,"event_name":"The Library","player_choice":"Read","floor":27.0,"gold_loss":0.0,"damage_taken":0.0,"cards_obtained":["hexamod:ExtraCrispy"]}],"is_beta":false,"boss_relics":[{"not_picked":["Sozu","Tiny House"],"picked":"bronze:MakeshiftBattery"},{"not_picked":["Philosopher\u0027s Stone","AT_MortalBlade"],"picked":"Coffee Dripper"}],"items_purged_floors":[12,21,25,38,53],"is_endless":false,"potions_floor_spawned":[4,8,11,12,13,14,15,16,19,20,21,23,25,26,28,29,31,32,33,36,40,43,44,45,48,49,52],"ascension_level":1}}