{"host":"rolltorest","time":1611714899,"event":{"mods":["BaseMod","Jorbs\u0027s Wanderer Trilogy","Koishi","Minty Spire (QoL Compilation)","Relic Stats","Robot Space Explorer","Slay the Relics Exporter","StSLib","The Servant 0.9.4"],"gold_per_floor":[118,129,139,139,156,200,200,235,235,235,252,161,180,120,120,194,194,205,125,141,121,134,134,134,93,119,119,119],"floor_reached":27,"language":"ENG","playtime":872,"items_purged":["stsjorbsmod:Strike_Wanderer","stsjorbsmod:Strike_Wanderer"],"score":471,"play_id":"85660a81-937f-4a06-b841-67fd401c54f3","local_time":"20210126183459","is_ascension_mode":true,"campfire_choices":[{"data":"stsjorbsmod:Prestidigitation","floor":7,"key":"SMITH"},{"data":"stsjorbsmod:Feast","floor":10,"key":"SMITH"},{"data":"stsjorbsmod:ScorchingRay","floor":15,"key":"SMITH"},{"data":"stsjorbsmod:ScorchingRay","floor":23,"key":"SMITH"}],"circlet_count":0,"master_deck":["AscendersBane","stsjorbsmod:ForbiddenGrimoire+1","stsjorbsmod:Strike_Wanderer+1","stsjorbsmod:Strike_Wanderer+1","stsjorbsmod:Defend_Wanderer+1","stsjorbsmod:Defend_Wanderer+1","stsjorbsmod:Defend_Wanderer+1","stsjorbsmod:Defend_Wanderer+1","stsjorbsmod:FreshAdventure","stsjorbsmod:EyeOfTheStorm","stsjorbsmod:FlameWard+1","stsjorbsmod:FranticSearch+1","stsjorbsmod:SmithingStrike","stsjorbsmod:Prestidigitation+1","stsjorbsmod:ScorchingRay+1","stsjorbsmod:WanderingMind","stsjorbsmod:Feast+1","stsjorbsmod:BlackTentacles+1","stsjorbsmod:TrueStrike","stsjorbsmod:SiphonEnergy","stsjorbsmod:Firebolt+1","stsjorbsmod:ScorchingRay+1","stsjorbsmod:ChatteringStrike"],"relics":["stsjorbsmod:GrimoireRelic","FaceOfCleric","Strawberry","Pen Nib","Nunchaku","The Courier","Snecko Eye","Boot"],"acts_visited":["Exordium","TheCity"],"potions_floor_usage":[8,22,27],"damage_taken":[{"damage":1,"enemies":"2 Louse","floor":1,"turns":3},{"damage":0,"enemies":"Cultist","floor":2,"turns":3},{"damage":0,"enemies":"Small Slimes","floor":3,"turns":2},{"damage":4,"enemies":"Red Slaver","floor":5,"turns":4},{"damage":15,"enemies":"Lagavulin","floor":6,"turns":7},{"damage":29,"enemies":"Gremlin Nob","floor":8,"turns":4},{"damage":0,"enemies":"3 Louse","floor":11,"turns":4},{"damage":2,"enemies":"Gremlin Gang","floor":13,"turns":3},{"damage":21,"enemies":"Hexaghost","floor":16,"turns":7},{"damage":15,"enemies":"Spheric Guardian","floor":18,"turns":4},{"damage":15,"enemies":"2 Thieves","floor":20,"turns":3},{"damage":0,"enemies":"Snecko","floor":22,"turns":3},{"damage":67,"enemies":"Book of Stabbing","floor":27,"turns":5}],"seed_played":"-8846011415267813524","potions_obtained":[{"floor":2,"key":"Explosive Potion"},{"floor":3,"key":"PowerPotion"},{"floor":8,"key":"Regen Potion"},{"floor":22,"key":"Strength Potion"}],"is_trial":false,"path_per_floor":["M","M","M","?","M","E","R","E","T","R","M","?","M","$","R","B",null,"M","$","M","?","M","R","?","$","T","E"],"character_chosen":"WANDERER","items_purchased":["stsjorbsmod:ChatteringStrike"],"campfire_rested":0,"item_purchase_floors":[25],"current_hp_per_floor":[61,63,64,64,63,58,58,32,32,32,36,36,43,43,43,23,71,60,60,47,47,62,62,62,62,62,0,0],"gold":119,"neow_bonus":"THREE_CARDS","is_daily":false,"chose_seed":false,"campfire_upgraded":4,"win_rate":0.0,"timestamp":1611714899,"path_taken":["M","M","M","?","M","E","R","E","T","R","?","?","?","$","R","BOSS","M","$","M","?","?","R","?","$","T","E"],"items_purchased_type":["Card"],"build_version":"2020-12-18","purchased_purges":2,"victory":false,"max_hp_per_floor":[66,66,66,66,67,75,75,76,76,76,79,79,86,86,86,87,87,90,90,91,91,92,92,92,92,92,92,92],"relic_stats":{"Nunchaku":[3],"FaceOfCleric":9,"counters":[13,52],"Snecko Eye":[33,23,36,32],"Pen Nib":[3],"Boot":[1],"obtain_stats":[{"Nunchaku":9,"FaceOfCleric":4,"Strawberry":6,"Snecko Eye":17,"stsjorbsmod:GrimoireRelic":0,"Pen Nib":8,"The Courier":12,"Boot":26},{"Nunchaku":6,"FaceOfCleric":3,"Strawberry":5,"Snecko Eye":9,"stsjorbsmod:GrimoireRelic":0,"Pen Nib":6,"The Courier":7,"Boot":12},{"Nunchaku":23,"FaceOfCleric":8,"Strawberry":19,"Snecko Eye":37,"stsjorbsmod:GrimoireRelic":0,"Pen Nib":23,"The Courier":27,"Boot":47}]},"card_choices":[{"not_picked":["stsjorbsmod:ParryingBlow","stsjorbsmod:Index"],"picked":"stsjorbsmod:FlameWard","floor":0},{"not_picked":["stsjorbsmod:Materialize","stsjorbsmod:ChainLightning"],"picked":"stsjorbsmod:FranticSearch","floor":1},{"not_picked":["stsjorbsmod:Index","stsjorbsmod:Prestidigitation"],"picked":"stsjorbsmod:SmithingStrike","floor":2},{"not_picked":["stsjorbsmod:FindFamiliar","stsjorbsmod:Firebolt"],"picked":"stsjorbsmod:Prestidigitation","floor":3},{"not_picked":["stsjorbsmod:SchoolsOfMagic","stsjorbsmod:WeightOfMemory"],"picked":"stsjorbsmod:ScorchingRay","floor":5},{"not_picked":["stsjorbsmod:Firebolt","stsjorbsmod:RayOfFrost"],"picked":"stsjorbsmod:WanderingMind","floor":6},{"not_picked":["stsjorbsmod:MagicMissiles","stsjorbsmod:Rest"],"picked":"stsjorbsmod:Feast","floor":8},{"not_picked":["stsjorbsmod:FracturedMind","stsjorbsmod:Index"],"picked":"stsjorbsmod:BlackTentacles","floor":11},{"not_picked":["stsjorbsmod:Hibernate","stsjorbsmod:Materialize"],"picked":"stsjorbsmod:TrueStrike","floor":13},{"not_picked":["stsjorbsmod:HoldMonster","stsjorbsmod:Rediscovery"],"picked":"stsjorbsmod:SiphonEnergy","floor":16},{"not_picked":["stsjorbsmod:Mending","stsjorbsmod:FranticSearch"],"picked":"stsjorbsmod:Firebolt+1","floor":18},{"not_picked":["stsjorbsmod:ParryingBlow","stsjorbsmod:ArcaneWeapon","stsjorbsmod:UnseenServant"],"picked":"SKIP","floor":20},{"not_picked":["stsjorbsmod:Introspection","stsjorbsmod:UnseenServant"],"picked":"stsjorbsmod:ScorchingRay","floor":22}],"player_experience":2240796,"relics_obtained":[{"floor":6,"key":"Strawberry"},{"floor":8,"key":"Pen Nib"},{"floor":9,"key":"Nunchaku"},{"floor":26,"key":"Boot"}],"event_choices":[{"damage_healed":0,"gold_gain":0,"player_choice":"Trade","damage_taken":0,"relics_obtained":["FaceOfCleric"],"max_hp_gain":0,"max_hp_loss":0,"event_name":"FaceTrader","floor":4,"gold_loss":0},{"damage_healed":0,"gold_gain":0,"player_choice":"Paid Gold","damage_taken":0,"relics_obtained":["The Courier"],"max_hp_gain":0,"max_hp_loss":0,"event_name":"WeMeetAgain","floor":12,"gold_loss":91},{"damage_healed":0,"gold_gain":0,"player_choice":"Bought 1 Potion","damage_taken":0,"max_hp_gain":0,"max_hp_loss":0,"event_name":"The Woman in Blue","floor":21,"gold_loss":0},{"damage_healed":0,"gold_gain":0,"player_choice":"Simplicity","damage_taken":0,"max_hp_gain":0,"max_hp_loss":0,"event_name":"Back to Basics","floor":24,"gold_loss":0,"cards_upgraded":["stsjorbsmod:Strike_Wanderer","stsjorbsmod:Strike_Wanderer","stsjorbsmod:Defend_Wanderer","stsjorbsmod:Defend_Wanderer","stsjorbsmod:Defend_Wanderer","stsjorbsmod:Defend_Wanderer"]}],"is_beta":true,"boss_relics":[{"not_picked":["Busted Crown","Tiny House"],"picked":"Snecko Eye"}],"items_purged_floors":[14,19],"is_endless":false,"potions_floor_spawned":[2,3,6,8,11,20,22],"killed_by":"Book of Stabbing","ascension_level":20}}