{"host":"7iv10lxbxedtd0qh","time":1611774352,"event":{"mods":["BaseMod","Colored Map","Colored Powertips","Downfall","Minty Spire (QoL Compilation)","StSLib"],"gold_per_floor":[99,109,119,133,43,59,141,141,141,173,192,217,117,2,14,14,14,14],"floor_reached":16,"language":"ENG","playtime":637,"items_purged":["bronze:Goto","bronze:Strike"],"score":107,"play_id":"80c9aacb-0073-4888-a989-8249b9d31a59","local_time":"20210127200552","is_ascension_mode":true,"campfire_choices":[{"data":"bronze:WhirlingStrike","floor":1,"key":"SMITH"},{"floor":8,"key":"RECALL"},{"floor":13,"key":"REST"}],"circlet_count":0,"master_deck":["bronze:Strike","bronze:Strike+1","bronze:Strike","bronze:Defend","bronze:Defend","bronze:Defend","bronze:Defend","bronze:Replicate+1","bronze:WhirlingStrike+1","bronze:ForLoop","bronze:ForLoop","bronze:Iterate","bronze:Return","bronze:Return","bronze:BronzeOrb","bronze:CloningBeam","bronze:DelayedSlice"],"relics":["bronze:BronzeCore","bronze:CableSpool","downfall:BrokenWingStatue","Whetstone","Centennial Puzzle","downfall:HeartBlessingRed"],"acts_visited":["Exordium"],"potions_floor_usage":[6,10,16],"damage_taken":[{"damage":1,"enemies":"Cultist","floor":2,"turns":3},{"damage":3,"enemies":"Small Slimes","floor":3,"turns":4},{"damage":6,"enemies":"Jaw Worm","floor":4,"turns":3},{"damage":5,"enemies":"downfall:FleeingMerchant","floor":5,"turns":4},{"damage":12,"enemies":"Blue Slaver","floor":6,"turns":3},{"damage":21,"enemies":"Lagavulin","floor":10,"turns":5},{"damage":6,"enemies":"3 Louse","floor":11,"turns":2},{"damage":10,"enemies":"downfall:FleeingMerchant","floor":14,"turns":4},{"damage":4,"enemies":"2 Fungi Beasts","floor":15,"turns":3},{"damage":28,"enemies":"IC_STATUS_ARCHETYPE","floor":16,"turns":4}],"seed_played":"-3815818756981972781","potions_obtained":[{"floor":2,"key":"SkillPotion"},{"floor":3,"key":"CultistPotion"},{"floor":15,"key":"PowerPotion"}],"is_trial":false,"path_per_floor":["R","M","M","M","$","M","T","R","?","E","M","T","R","$","M","B"],"character_chosen":"THE_AUTOMATON","items_purchased":[],"campfire_rested":1,"item_purchase_floors":[],"current_hp_per_floor":[70,69,66,60,55,43,43,43,43,22,16,16,37,27,23,0,0,0],"gold":14,"neow_bonus":"THREE_CARDS","is_daily":false,"chose_seed":false,"campfire_upgraded":1,"win_rate":0.0,"timestamp":1611774352,"path_taken":["R","M","M","M","?","M","T","R","?","E","M","?","R","?","M","BOSS"],"items_purchased_type":[],"build_version":"2020-12-22","purchased_purges":2,"victory":false,"max_hp_per_floor":[70,70,70,70,70,70,70,70,70,70,70,70,70,70,70,70,70,70],"card_choices":[{"not_picked":["bronze:CutThrough","bronze:ForLoop"],"picked":"bronze:WhirlingStrike","floor":0},{"not_picked":["bronze:Overload","bronze:DelayedGuard"],"picked":"bronze:ForLoop","floor":2},{"not_picked":["bronze:Frontload","bronze:Terminator"],"picked":"bronze:ForLoop","floor":3},{"not_picked":["bronze:BuggyMess","bronze:BronzeOrb"],"picked":"bronze:Iterate","floor":4},{"not_picked":["bronze:InfiniteBeams","bronze:WhirlingStrike","bronze:Deprecate"],"picked":"SKIP","floor":5},{"not_picked":["bronze:Separator","bronze:OilSpill"],"picked":"bronze:Return","floor":6},{"not_picked":["bronze:Philosophize","bronze:OilSpill"],"picked":"bronze:Return","floor":10},{"not_picked":["bronze:Constructor","bronze:OilSpill"],"picked":"bronze:BronzeOrb","floor":11},{"not_picked":["bronze:Repair","bronze:Turbo"],"picked":"bronze:CloningBeam","floor":14},{"not_picked":["bronze:Turbo","bronze:WildBeam"],"picked":"bronze:DelayedSlice","floor":15}],"player_experience":743244,"relics_obtained":[{"floor":7,"key":"bronze:CableSpool"},{"floor":10,"key":"Whetstone"},{"floor":12,"key":"Centennial Puzzle"}],"event_choices":[],"is_beta":false,"boss_relics":[],"items_purged_floors":[5,14],"is_endless":false,"potions_floor_spawned":[2,3,15],"killed_by":"IC_STATUS_ARCHETYPE","ascension_level":1}}