{"host":"mydft8i2zzydgggw","time":1611785396,"event":{"mods":["AchievementEnabler","BaseMod","BetterRewards","Colored Map","Colored Powertips","DeckTracker","Keyboard Shortcuts","Minty Spire (QoL Compilation)","Rare Cards Sparkle","StSLib","SuperFastMode","everything is the same but u backflip on backflip"],"gold_per_floor":[113,137,147,162,162,190,190,216,265,265,118,148,60,75,75,177,177,191,191,191,290,315,344,344,344,344],"floor_reached":25,"language":"KOR","playtime":347,"items_purged":["Strike_P","Defend_P"],"score":364,"play_id":"e34c842e-5dd3-4f79-9ce6-ca704ceb0997","local_time":"20210128070956","is_ascension_mode":true,"campfire_choices":[{"data":"EmptyFist","floor":7.0,"key":"SMITH"},{"floor":10.0,"key":"REST"},{"floor":15.0,"key":"REST"},{"floor":24,"key":"REST"}],"circlet_count":0,"master_deck":["AscendersBane","Strike_P+1","Strike_P+1","Defend_P","Eruption+1","Vigilance","EmptyFist+1","TalkToTheHand"],"relics":["PureWater","Regal Pillow","Lantern","Eternal Feather","Whetstone","MawBank","Empty Cage","Smiling Mask","The Courier"],"acts_visited":["Exordium","TheCity"],"potions_floor_usage":[23],"damage_taken":[{"damage":0.0,"enemies":"Cultist","floor":1.0,"turns":2.0},{"damage":0.0,"enemies":"Small Slimes","floor":3.0,"turns":2.0},{"damage":0.0,"enemies":"Jaw Worm","floor":4.0,"turns":3.0},{"damage":19.0,"enemies":"3 Sentries","floor":6.0,"turns":9.0},{"damage":10.0,"enemies":"Gremlin Nob","floor":8.0,"turns":3.0},{"damage":30.0,"enemies":"Lagavulin","floor":12.0,"turns":4.0},{"damage":4.0,"enemies":"Exordium Wildlife","floor":14.0,"turns":3.0},{"damage":18.0,"enemies":"Slime Boss","floor":16.0,"turns":10.0},{"damage":1.0,"enemies":"2 Thieves","floor":18.0,"turns":2.0},{"damage":48,"enemies":"Book of Stabbing","floor":23,"turns":5},{"damage":58,"enemies":"Slavers","floor":25,"turns":5}],"seed_played":"3383043365281801417","potions_obtained":[{"floor":3.0,"key":"Swift Potion"},{"floor":6.0,"key":"StancePotion"},{"floor":12.0,"key":"Dexterity Potion"},{"floor":16.0,"key":"AttackPotion"}],"is_trial":false,"path_per_floor":["M","T","M","M","?","E","R","E","T","R","$","E","$","M","R","B",null,"M","?","?","?","T","E","R","E"],"character_chosen":"WATCHER","items_purchased":["EmptyMind"],"campfire_rested":3,"item_purchase_floors":[11],"current_hp_per_floor":[65,65,65,65,65,46,46,36,36,72,72,42,42,38,72,54,68,67,67,67,67,67,19,58,0,0],"gold":344,"neow_bonus":"UPGRADE_CARD","is_daily":false,"chose_seed":false,"campfire_upgraded":1,"win_rate":0.0,"timestamp":1611785396,"path_taken":["M","?","M","M","?","E","R","E","T","R","?","E","$","?","R","BOSS","M","?","?","?","?","E","R","E"],"items_purchased_type":["Card"],"build_version":"2020-12-22","purchased_purges":2,"victory":false,"max_hp_per_floor":[72,72,72,72,72,72,72,72,72,72,72,72,72,72,72,72,72,72,72,72,72,72,72,72,72,72],"card_choices":[{"not_picked":["FlurryOfBlows","ClearTheMind","Protect"],"picked":"SKIP","floor":1.0},{"not_picked":["WaveOfTheHand","Pray","Prostrate"],"picked":"SKIP","floor":3.0},{"not_picked":["Prostrate","Collect"],"picked":"EmptyFist","floor":4.0},{"not_picked":["EmptyFist","Study","FollowUp"],"picked":"SKIP","floor":6.0},{"not_picked":["Nirvana","LikeWater","ThirdEye"],"picked":"SKIP","floor":8.0},{"not_picked":["Devotion","EmptyMind","Crescendo"],"picked":"SKIP","floor":12.0},{"not_picked":["FlyingSleeves","Halt"],"picked":"TalkToTheHand","floor":14.0},{"not_picked":["TalkToTheHand+1","SashWhip+1","EmptyFist"],"picked":"SKIP","floor":18.0},{"not_picked":["Crescendo+1","Protect","ForeignInfluence"],"picked":"SKIP","floor":23}],"player_experience":224471,"relics_obtained":[{"floor":2.0,"key":"Regal Pillow"},{"floor":6.0,"key":"Lantern"},{"floor":8.0,"key":"Eternal Feather"},{"floor":9.0,"key":"Whetstone"},{"floor":12.0,"key":"MawBank"},{"floor":22.0,"key":"Smiling Mask"},{"floor":23,"key":"The Courier"}],"event_choices":[{"cards_removed":["Strike_P"],"damage_healed":0.0,"max_hp_gain":0.0,"max_hp_loss":0.0,"gold_gain":0.0,"event_name":"Living Wall","player_choice":"Forget","floor":5.0,"gold_loss":0.0,"damage_taken":0.0},{"damage_healed":0.0,"max_hp_gain":0.0,"max_hp_loss":0.0,"gold_gain":0.0,"event_name":"Ghosts","player_choice":"Ignored","floor":19.0,"gold_loss":0.0,"damage_taken":0.0},{"cards_removed":["EmptyMind"],"damage_healed":0.0,"max_hp_gain":0.0,"max_hp_loss":0.0,"gold_gain":0.0,"event_name":"Back to Basics","player_choice":"Elegance","floor":20.0,"gold_loss":0.0,"damage_taken":0.0},{"damage_healed":0.0,"max_hp_gain":0.0,"max_hp_loss":0.0,"gold_gain":99.0,"event_name":"Nest","player_choice":"Stole From Cult","floor":21.0,"gold_loss":0.0,"damage_taken":0.0}],"is_beta":false,"boss_relics":[{"not_picked":["HolyWater","SlaversCollar"],"picked":"Empty Cage"}],"items_purged_floors":[11,13],"is_endless":false,"potions_floor_spawned":[3,6,12,16],"killed_by":"Slavers","ascension_level":11}}