{"host":"a8rzj4nfw2w5de5r","time":1611753914,"event":{"mods":["BaseMod","Bestiary","Block Reminder","Colored Map","Downfall","Highlight Path","Minty Spire (QoL Compilation)","Relic Sorter","Relic Stats","StSLib"],"gold_per_floor":[99,99,99,99,114,132,132,15,25,25,41,51,77,89,105,105,105,105],"floor_reached":16,"language":"ENG","playtime":1117,"items_purged":[],"score":104,"play_id":"f1ffa431-1732-4cfa-8cdb-3b7a37ab8c2a","local_time":"20210127185514","is_ascension_mode":false,"campfire_choices":[{"data":"Guardian:CurlUp","floor":1,"key":"SMITH"},{"data":"Guardian:Suspension","floor":10,"key":"SMITH"}],"circlet_count":0,"master_deck":["Guardian:Strike_Guardian","Guardian:Strike_Guardian","Guardian:Strike_Guardian","Guardian:Strike_Guardian","Guardian:Defend_Guardian","Guardian:Defend_Guardian","Guardian:Defend_Guardian","Guardian:Defend_Guardian","Guardian:CurlUp+1","Guardian:TwinSlam","Guardian:Clone","Guardian:Suspension+1","Guardian:PolyBeam","Guardian:ShieldCharger","Guardian:MultiBeam","Guardian:PrimingBeam","Guardian:PrimingBeam","Guardian:SpikerProtocol","Guardian:PiercingHide","Guardian:Gem_Yellow"],"relics":["Guardian:ModeShifter","downfall:HeartsMalice","Question Card","Unceasing Top"],"acts_visited":["Exordium"],"potions_floor_usage":[11,13,16],"damage_taken":[{"damage":0,"enemies":"Cultist","floor":2,"turns":1},{"damage":0,"enemies":"Jaw Worm","floor":3,"turns":1},{"damage":0,"enemies":"Small Slimes","floor":4,"turns":1},{"damage":11,"enemies":"Blue Slaver","floor":5,"turns":6},{"damage":8,"enemies":"Exordium Wildlife","floor":6,"turns":4},{"damage":0,"enemies":"downfall:FleeingMerchant","floor":8,"turns":4},{"damage":15,"enemies":"Large Slime","floor":9,"turns":7},{"damage":7,"enemies":"3 Louse","floor":11,"turns":2},{"damage":5,"enemies":"Exordium Thugs","floor":12,"turns":6},{"damage":19,"enemies":"Gremlin Nob","floor":13,"turns":7},{"damage":6,"enemies":"Exordium Wildlife","floor":14,"turns":4},{"damage":2,"enemies":"2 Fungi Beasts","floor":15,"turns":3},{"damage":8,"enemies":"SI_SHIV_ARCHETYPE","floor":16,"turns":7}],"seed_played":"3496479186780612087","potions_obtained":[{"floor":6,"key":"EssenceOfSteel"},{"floor":9,"key":"hexamod:SoulburnPotion"},{"floor":11,"key":"Block Potion"},{"floor":12,"key":"CultistPotion"},{"floor":15,"key":"LiquidMemories"}],"is_trial":false,"path_per_floor":["R","M","M","M","M","M","T","$","M","R","M","M","E","M","M","B"],"character_chosen":"GUARDIAN","items_purchased":["Guardian:MultiBeam","Guardian:PrimingBeam"],"campfire_rested":0,"item_purchase_floors":[8,8],"current_hp_per_floor":[80,80,80,80,69,61,61,61,46,46,39,34,15,9,7,0,0,0],"gold":105,"neow_bonus":"THREE_ENEMY_KILL","is_daily":false,"chose_seed":false,"campfire_upgraded":2,"win_rate":0.0,"timestamp":1611753914,"path_taken":["R","M","M","?","?","M","T","$","M","R","M","M","E","M","M","BOSS"],"items_purchased_type":["Card","Card"],"build_version":"2020-12-22","purchased_purges":0,"victory":false,"max_hp_per_floor":[80,80,80,80,80,80,80,80,80,80,80,80,80,80,80,80,80,80],"relic_stats":{"counters":[13,50],"Question Card":7,"obtain_stats":[{"Guardian:ModeShifter":0,"downfall:HeartsMalice":0,"Question Card":7,"Unceasing Top":13},{"Guardian:ModeShifter":0,"downfall:HeartsMalice":0,"Question Card":5,"Unceasing Top":10},{"Guardian:ModeShifter":0,"downfall:HeartsMalice":0,"Question Card":10,"Unceasing Top":36}],"Unceasing Top":[3]},"card_choices":[{"not_picked":["Guardian:TemporalStrike","Guardian:Planning"],"picked":"Guardian:Clone","floor":2},{"not_picked":["Guardian:TimeCapacitor","Guardian:VentSteam"],"picked":"Guardian:Gem_Lightblue","floor":3},{"not_picked":["Guardian:TemporalStrike","Guardian:TemporalShield"],"picked":"Guardian:Suspension","floor":4},{"not_picked":["Guardian:TemporalStrike","Guardian:ChargeCore"],"picked":"Guardian:PolyBeam","floor":5},{"not_picked":["Guardian:Gem_Lightblue","Guardian:CrystalBeam"],"picked":"Guardian:ShieldCharger","floor":6},{"not_picked":["Guardian:Reroute","Guardian:SpikerProtocol","Guardian:Suspension"],"picked":"Guardian:Gem_Orange","floor":8},{"not_picked":["Guardian:BodySlam","Guardian:WalkerClaw","Guardian:TimeCapacitor","Guardian:Incinerate"],"picked":"SKIP","floor":9},{"not_picked":["Guardian:WalkerClaw","Guardian:TimeCapacitor","Guardian:CrystalBeam"],"picked":"Guardian:PrimingBeam","floor":11},{"not_picked":["Guardian:Planning","Guardian:Repulse","Guardian:Gem_Fragmented","Guardian:VentSteam"],"picked":"SKIP","floor":12},{"not_picked":["Guardian:PolyBeam","Guardian:Preprogram","Guardian:TimeCapacitor"],"picked":"Guardian:SpikerProtocol","floor":13},{"not_picked":["Guardian:TemporalStrike","Guardian:PrimingBeam","Guardian:TemporalShield"],"picked":"Guardian:PiercingHide","floor":14},{"not_picked":["Guardian:PrimingBeam","Guardian:Repulse","Guardian:ShieldSpikes"],"picked":"Guardian:Gem_Yellow","floor":15}],"player_experience":610314,"relics_obtained":[{"floor":7,"key":"Question Card"},{"floor":13,"key":"Unceasing Top"}],"event_choices":[],"is_beta":false,"boss_relics":[],"items_purged_floors":[],"is_endless":false,"potions_floor_spawned":[6,9,11,12,15],"killed_by":"SI_SHIV_ARCHETYPE","ascension_level":0}}