{"host":"xo3bvwoo3g0exv0i","time":1611725257,"event":{"mods":["BaseMod","Marisa????????","Minty Spire (QoL Compilation)"],"gold_per_floor":[109,209,141,209,222,222,247,266,339,352,352,380,394,421,421,523,523,537,550,569,583,600,629,629,661,684,704,731,731,746,763,763,865,865,878,891,939,958,298,326,326,336,362,392,407,421,421,431,431,431,431,431,6,40,40],"floor_reached":56,"language":"ENG","playtime":5805,"items_purged":["Writhe","Acceleration"],"score":1657,"play_id":"d3b3b898-dd06-491c-b310-dae99871fcdf","local_time":"20210127002737","daily_mods":["Draft"],"is_ascension_mode":true,"campfire_choices":[{"data":"MysteriousBeam","floor":6.0,"key":"SMITH"},{"floor":11.0,"key":"RECALL"},{"data":"MagicChant","floor":15.0,"key":"SMITH"},{"data":"MysteriousBeam","floor":24.0,"key":"SMITH"},{"data":"MysteriousBeam","floor":32.0,"key":"SMITH"},{"data":"DarkMatter","floor":41,"key":"SMITH"},{"data":"ShootingEcho","floor":47,"key":"SMITH"},{"data":"DeepEcoloBomb","floor":49,"key":"SMITH"},{"data":"EventHorizon","floor":52,"key":"SMITH"}],"circlet_count":0,"master_deck":["MysteriousBeam+1","EventHorizon+1","DeepEcoloBomb+1","Acceleration","MilkyWay","ShootingEcho+1","Occultation","IllusionStar","Acceleration","WitchLeyline","MysteriousBeam+1","ChargingUp","ShootingEcho","LuminesStrike","UnstableBomb","LuminesStrike","SuperPerseids","DoubleSpark","ShootingEcho","WitchLeyline","DarkMatter+1","GrandCross","MagicChant+1","CurseOfTheBell","WitchLeyline","Orbital+1","OpenUniverse+1","MachineGunSpark+1","MysteriousBeam+1","MagicChant+1","Occultation+1","Secret Weapon","IllusionStar+1","FairyDestructionRay+1","DeepEcoloBomb+1","SporeBomb+1","MagicChant+1"],"relics":["MiniHakkero","HornCleat","MealTicket","AmplifyWand","Matryoshka","CaptainsWheel","Calling Bell","Strawberry","Ornamental Fan","Lizard Tail","Lantern","Tiny Chest","Sundial","Juzu Bracelet","Shuriken","Coffee Dripper","Gambling Chip","Bag of Preparation","Vajra","Incense Burner","Toy Ornithopter","Happy Flower","Regal Pillow","Anchor","Pantograph"],"acts_visited":["Exordium","TheCity","TheBeyond","TheEnding"],"potions_floor_usage":[40,42,44,44,48,50,50,55,55,55],"damage_taken":[{"damage":4.0,"enemies":"Jaw Worm","floor":1.0,"turns":2.0},{"damage":0.0,"enemies":"Cultist","floor":5.0,"turns":1.0},{"damage":0.0,"enemies":"Gremlin Nob","floor":7.0,"turns":2.0},{"damage":0.0,"enemies":"Small Slimes","floor":8.0,"turns":1.0},{"damage":9.0,"enemies":"2 Fungi Beasts","floor":10.0,"turns":2.0},{"damage":0.0,"enemies":"Lagavulin","floor":12.0,"turns":3.0},{"damage":5.0,"enemies":"3 Louse","floor":13.0,"turns":2.0},{"damage":0.0,"enemies":"Gremlin Nob","floor":14.0,"turns":2.0},{"damage":0.0,"enemies":"The Guardian","floor":16.0,"turns":4.0},{"damage":8.0,"enemies":"2 Thieves","floor":18.0,"turns":3.0},{"damage":1.0,"enemies":"3 Byrds","floor":19.0,"turns":3.0},{"damage":0.0,"enemies":"Centurion and Healer","floor":20.0,"turns":3.0},{"damage":12.0,"enemies":"Shelled Parasite and Fungi","floor":21.0,"turns":3.0},{"damage":0.0,"enemies":"Chosen and Byrds","floor":22.0,"turns":4.0},{"damage":1.0,"enemies":"Gremlin Leader","floor":23.0,"turns":3.0},{"damage":8.0,"enemies":"Slavers","floor":25.0,"turns":2.0},{"damage":0.0,"enemies":"Sentry and Sphere","floor":27.0,"turns":3.0},{"damage":0.0,"enemies":"Book of Stabbing","floor":28.0,"turns":3.0},{"damage":0.0,"enemies":"Snecko","floor":30.0,"turns":2.0},{"damage":0.0,"enemies":"Centurion and Healer","floor":31.0,"turns":3.0},{"damage":0.0,"enemies":"Automaton","floor":33.0,"turns":3.0},{"damage":0.0,"enemies":"Orb Walker","floor":35.0,"turns":1.0},{"damage":7.0,"enemies":"3 Shapes","floor":36.0,"turns":2.0},{"damage":17.0,"enemies":"2 Orb Walkers","floor":37.0,"turns":3.0},{"damage":0,"enemies":"Transient","floor":38,"turns":5},{"damage":0,"enemies":"Reptomancer","floor":40,"turns":2},{"damage":0,"enemies":"Writhing Mass","floor":42,"turns":2},{"damage":21,"enemies":"Nemesis","floor":44,"turns":4},{"damage":0,"enemies":"Jaw Worm Horde","floor":45,"turns":2},{"damage":10,"enemies":"4 Shapes","floor":46,"turns":1},{"damage":0,"enemies":"Writhing Mass","floor":48,"turns":3},{"damage":4,"enemies":"Donu and Deca","floor":50,"turns":4},{"damage":0,"enemies":"Shield and Spear","floor":54,"turns":3},{"damage":4,"enemies":"The Heart","floor":55,"turns":5}],"seed_played":"-7733553118751857933","potions_obtained":[{"floor":8.0,"key":"LiquidBronze"},{"floor":10.0,"key":"Weak Potion"},{"floor":12.0,"key":"Strength Potion"},{"floor":20.0,"key":"Swift Potion"},{"floor":21.0,"key":"BlessingOfTheForge"},{"floor":23.0,"key":"ColorlessPotion"},{"floor":27.0,"key":"Energy Potion"},{"floor":30.0,"key":"SneckoOil"},{"floor":31.0,"key":"SkillPotion"},{"floor":33.0,"key":"SteroidPotion"},{"floor":38,"key":"SteroidPotion"},{"floor":40,"key":"SneckoOil"},{"floor":42,"key":"SkillPotion"},{"floor":44,"key":"SkillPotion"},{"floor":45,"key":"Weak Potion"},{"floor":54,"key":"GamblersBrew"}],"is_trial":true,"path_per_floor":["M","?","$","T","M","R","E","M","T","M","R","E","M","E","R","B",null,"M","M","M","M","M","E","R","E","T","M","E","?","M","M","R","B",null,"M","M","?","M","$","E","R","M","T","E","M","M","R","M","R","B",null,"R","$","E","B",null],"character_chosen":"MARISA","items_purchased":["SuperPerseids","Bag of Preparation","Vajra","AttackPotion","Secret Weapon","Strength Potion","Anchor","CultistPotion","Ancient Potion"],"campfire_rested":0,"item_purchase_floors":[3,39,39,39,39,39,53,53,53],"current_hp_per_floor":[71,71,71,71,71,71,71,71,71,62,62,62,57,57,57,57,82,74,73,73,61,61,60,60,52,52,52,52,52,52,52,52,52,82,82,75,58,58,73,73,73,73,73,62,62,52,52,57,57,63,82,82,82,82,81],"gold":40,"neow_bonus":"","is_daily":false,"chose_seed":false,"campfire_upgraded":8,"win_rate":0.0,"timestamp":1611725257,"path_taken":["M","?","?","?","M","R","E","M","T","M","R","E","M","E","R","BOSS","M","M","M","M","M","E","R","E","T","M","E","?","M","M","R","BOSS","M","M","?","M","$","E","R","M","T","E","M","M","R","M","R","BOSS","R","$","E","BOSS"],"items_purchased_type":["Card","Relic","Relic","Potion","Card","Potion","Relic","Potion","Potion"],"build_version":"2020-12-22","purchased_purges":2,"victory":true,"max_hp_per_floor":[75,75,75,75,75,75,75,75,75,75,75,75,75,75,75,75,82,82,82,82,82,82,82,82,82,82,82,82,82,82,82,82,82,82,82,82,82,82,82,82,82,82,82,82,82,82,82,82,82,82,82,82,82,82,82],"card_choices":[{"not_picked":["Acceleration","ShootTheMoon"],"picked":"MysteriousBeam","floor":0.0},{"not_picked":["MilkyWay","DarkSpark"],"picked":"EventHorizon","floor":0.0},{"not_picked":["SporeBomb","6A"],"picked":"DeepEcoloBomb","floor":0.0},{"not_picked":["PropBag","GravityBeat"],"picked":"Acceleration","floor":0.0},{"not_picked":["GravityBeat","OrrerysSun"],"picked":"MilkyWay","floor":0.0},{"not_picked":["SporeBomb","DragonMeteor"],"picked":"ShootingEcho","floor":0.0},{"not_picked":["StarBarrage","DC"],"picked":"Occultation","floor":0.0},{"not_picked":["EarthLightRay","DarkSpark"],"picked":"IllusionStar","floor":0.0},{"not_picked":["UnstableBomb","GasGiant"],"picked":"Acceleration","floor":0.0},{"not_picked":["DoubleSpark","IllusionStar"],"picked":"WitchLeyline","floor":0.0},{"not_picked":["DC","DeepEcoloBomb"],"picked":"MysteriousBeam","floor":0.0},{"not_picked":["6A","MagicAbsorber"],"picked":"ChargingUp","floor":0.0},{"not_picked":["MilkyWay","FairyDestructionRay"],"picked":"ShootingEcho","floor":0.0},{"not_picked":["EnergyFlow","ChargingUp"],"picked":"LuminesStrike","floor":0.0},{"not_picked":["WitchOfGreed","Occultation"],"picked":"UnstableBomb","floor":0.0},{"not_picked":["GravityBeat","StarBarrage"],"picked":"LuminesStrike","floor":1.0},{"not_picked":["IllusionStar","BigCrunch"],"picked":"DoubleSpark","floor":5.0},{"not_picked":["GravityBeat","EventHorizon"],"picked":"ShootingEcho","floor":7.0},{"not_picked":["DarkMatter","ShootingEcho"],"picked":"WitchLeyline","floor":8.0},{"not_picked":["AsteroidBelt","EarthLightRay"],"picked":"DarkMatter","floor":10.0},{"not_picked":["GravityBeat","LuminesStrike"],"picked":"GrandCross","floor":12.0},{"not_picked":["LuminesStrike","6A"],"picked":"MagicChant","floor":13.0},{"not_picked":["CollectingQuirk","PowerUp","FairyDestructionRay"],"picked":"SKIP","floor":14.0},{"not_picked":["GravityBeat","MilkyWay"],"picked":"Acceleration","floor":18.0},{"not_picked":["StarBarrage","GalacticHalo","ShootingEcho"],"picked":"SKIP","floor":19.0},{"not_picked":["MilkyWay","GalacticHalo"],"picked":"WitchLeyline","floor":20.0},{"not_picked":["PowerUp+1","MagicAbsorber"],"picked":"Orbital+1","floor":21.0},{"not_picked":["ShootingEcho","NonDirectionalLaser"],"picked":"OpenUniverse+1","floor":22.0},{"not_picked":["EnergyFlow+1","WitchOfGreed","UltimateShortwave"],"picked":"SKIP","floor":23.0},{"not_picked":["AlicesGift","WitchOfGreed","MachineGunSpark"],"picked":"SKIP","floor":25.0},{"not_picked":["GasGiant","AlicesGift","OneTimeOff"],"picked":"SKIP","floor":27.0},{"not_picked":["StarBarrage+1","Occultation","BlazingStar"],"picked":"SKIP","floor":28.0},{"not_picked":["GrandCross","PowerUp"],"picked":"MachineGunSpark+1","floor":30.0},{"not_picked":["GravityBeat+1","AlicesGift"],"picked":"MysteriousBeam","floor":31.0},{"not_picked":["GalacticHalo","Orbital+1"],"picked":"MagicChant+1","floor":35.0},{"not_picked":["OneTimeOff","UnstableBomb","WitchOfGreed+1"],"picked":"SKIP","floor":36.0},{"not_picked":["6A","UnstableBomb"],"picked":"Occultation+1","floor":37.0},{"not_picked":["LuminesStrike","WitchOfGreed+1","AbsoluteMagnitude"],"picked":"SKIP","floor":38},{"not_picked":["LuminesStrike+1","DC"],"picked":"IllusionStar+1","floor":40},{"not_picked":["6A","EnergyRecoil"],"picked":"FairyDestructionRay+1","floor":42},{"not_picked":["BlazeAway","GravityBeat"],"picked":"DeepEcoloBomb+1","floor":44},{"not_picked":["EarthLightRay+1","DC"],"picked":"SporeBomb+1","floor":45},{"not_picked":["GalacticHalo","PowerUp+1","SporeBomb+1"],"picked":"SKIP","floor":46},{"not_picked":["ShootingEcho","OpenUniverse+1","WitchOfGreed"],"picked":"SKIP","floor":48},{"not_picked":["EscapeVelocity","UnstableBomb+1"],"picked":"MagicChant+1","floor":54}],"player_experience":55598,"relics_obtained":[{"floor":4.0,"key":"HornCleat"},{"floor":7.0,"key":"MealTicket"},{"floor":9.0,"key":"AmplifyWand"},{"floor":12.0,"key":"Matryoshka"},{"floor":14.0,"key":"CaptainsWheel"},{"floor":17.0,"key":"Strawberry"},{"floor":17.0,"key":"Ornamental Fan"},{"floor":17.0,"key":"Lizard Tail"},{"floor":23.0,"key":"Lantern"},{"floor":25.0,"key":"Tiny Chest"},{"floor":26.0,"key":"Sundial"},{"floor":28.0,"key":"Juzu Bracelet"},{"floor":37.0,"key":"Gambling Chip"},{"floor":40,"key":"Incense Burner"},{"floor":43,"key":"Toy Ornithopter"},{"floor":43,"key":"Happy Flower"},{"floor":44,"key":"Regal Pillow"},{"floor":54,"key":"Pantograph"}],"event_choices":[{"damage_healed":0.0,"max_hp_gain":0.0,"max_hp_loss":0.0,"gold_gain":100.0,"event_name":"Wheel of Change","player_choice":"Gold","floor":2.0,"gold_loss":0.0,"damage_taken":0.0},{"damage_healed":0.0,"max_hp_gain":0.0,"max_hp_loss":0.0,"gold_gain":0.0,"event_name":"The Mausoleum","player_choice":"Opened","floor":29.0,"gold_loss":0.0,"damage_taken":0.0,"relics_obtained":["Shuriken"],"cards_obtained":["Writhe"]},{"damage_healed":0.0,"max_hp_gain":0.0,"max_hp_loss":0.0,"gold_gain":0.0,"event_name":"Mysterious Sphere","player_choice":"Fight","floor":37.0,"gold_loss":0.0,"damage_taken":0.0}],"is_beta":false,"boss_relics":[{"not_picked":["Velvet Choker","Runic Pyramid"],"picked":"Calling Bell"},{"not_picked":["RampagingMagicTools","Tiny House"],"picked":"Coffee Dripper"}],"items_purged_floors":[39,53],"is_endless":false,"potions_floor_spawned":[8,10,12,20,21,23,27,30,31,33,38,40,42,44,45,54],"ascension_level":1}}