{"host":"x3688v8yj57o2b0e","time":1611709621,"event":{"mods":["BaseMod","Minty Spire (QoL Compilation)"],"gold_per_floor":[112,129,142,112,112,112,125,143,166,198,198,223,178,21,21,125,125,142,157,13,33,33,33,33,33],"floor_reached":24,"language":"ENG","playtime":2917,"items_purged":["Strike_B"],"score":216,"play_id":"4cfe34c0-6aed-4f6d-844d-6501f90df198","local_time":"20210126200701","is_ascension_mode":true,"campfire_choices":[{"data":"Dualcast","floor":6,"key":"SMITH"},{"data":"Blizzard","floor":11,"key":"SMITH"},{"floor":15,"key":"REST"},{"data":"Loop","floor":23,"key":"SMITH"}],"circlet_count":0,"master_deck":["Strike_B","Strike_B","Defend_B","Defend_B","Defend_B","Defend_B","Zap","Dualcast+1","CurseOfTheBell","Coolheaded+1","Self Repair","Coolheaded+1","Hologram+1","Blizzard+1","Genetic Algorithm+1","Amplify+1","Static Discharge","Aggregate+1","Loop+1","Ball Lightning","Fusion+1","Machine Learning","FTL+1","Leap+1","Tempest+1","Conserve Battery+1"],"relics":["Calling Bell","Bag of Marbles","Toxic Egg 2","Girya","Boot","Anchor","Bag of Preparation","Philosopher\u0027s Stone"],"acts_visited":["Exordium","TheCity"],"potions_floor_usage":[10,12],"damage_taken":[{"damage":1,"enemies":"2 Louse","floor":1,"turns":3},{"damage":0,"enemies":"Cultist","floor":2,"turns":5},{"damage":0,"enemies":"Small Slimes","floor":3,"turns":4},{"damage":11,"enemies":"Looter","floor":4,"turns":4},{"damage":9,"enemies":"Red Slaver","floor":7,"turns":5},{"damage":9,"enemies":"Large Slime","floor":8,"turns":6},{"damage":6,"enemies":"Lagavulin","floor":10,"turns":10},{"damage":61,"enemies":"Gremlin Nob","floor":12,"turns":6},{"damage":5,"enemies":"Looter","floor":13,"turns":5},{"damage":28,"enemies":"Slime Boss","floor":16,"turns":9},{"damage":51,"enemies":"3 Byrds","floor":18,"turns":6},{"damage":29,"enemies":"2 Thieves","floor":19,"turns":4},{"damage":6,"enemies":"Centurion and Healer","floor":21,"turns":10},{"damage":43,"enemies":"Slavers","floor":24,"turns":3}],"seed_played":"-3368026504533870276","potions_obtained":[{"floor":3,"key":"Block Potion"},{"floor":7,"key":"LiquidBronze"},{"floor":21,"key":"Dexterity Potion"}],"is_trial":false,"path_per_floor":["M","M","M","M","?","R","M","M","T","E","R","E","M","$","R","B",null,"M","M","$","M","?","R","E"],"character_chosen":"DEFECT","items_purchased":["Loop","Ball Lightning","Fusion+1","Tempest+1"],"campfire_rested":1,"item_purchase_floors":[14,14,14,20],"current_hp_per_floor":[74,74,75,71,71,71,69,67,67,68,68,14,23,23,45,24,75,38,9,9,10,35,35,0,0],"gold":33,"neow_bonus":"BOSS_RELIC","is_daily":false,"chose_seed":false,"campfire_upgraded":3,"win_rate":0.0,"timestamp":1611709621,"path_taken":["M","M","M","M","?","R","M","?","T","E","R","E","M","$","R","BOSS","M","M","$","M","?","R","E"],"items_purchased_type":["Card","Card","Card","Card"],"build_version":"2020-12-22","purchased_purges":1,"victory":false,"max_hp_per_floor":[75,75,75,75,75,75,75,75,75,75,75,75,75,75,75,75,75,75,75,75,75,75,75,75,75],"card_choices":[{"not_picked":["Gash","Redo+1"],"picked":"Coolheaded+1","floor":1},{"not_picked":["Rebound","Melter"],"picked":"Self Repair","floor":2},{"not_picked":["Cold Snap","Rebound"],"picked":"Coolheaded+1","floor":3},{"not_picked":["Rebound","Streamline"],"picked":"Hologram+1","floor":4},{"not_picked":["Steam+1","Cold Snap"],"picked":"Blizzard","floor":7},{"not_picked":["Cold Snap","Hologram+1"],"picked":"Genetic Algorithm+1","floor":8},{"not_picked":["Streamline","Rebound"],"picked":"Amplify+1","floor":10},{"not_picked":["Genetic Algorithm+1","Turbo+1"],"picked":"Static Discharge","floor":12},{"not_picked":["Rip and Tear","Melter"],"picked":"Aggregate+1","floor":13},{"not_picked":["Thunder Strike","Amplify+1"],"picked":"Machine Learning","floor":16},{"not_picked":["Streamline","Static Discharge"],"picked":"FTL+1","floor":18},{"not_picked":["Lockon","Redo+1"],"picked":"Leap+1","floor":19},{"not_picked":["Stack+1","Ball Lightning+1"],"picked":"Conserve Battery+1","floor":21}],"player_experience":147032,"relics_obtained":[{"floor":0,"key":"Bag of Marbles"},{"floor":0,"key":"Toxic Egg 2"},{"floor":0,"key":"Girya"},{"floor":9,"key":"Boot"},{"floor":10,"key":"Anchor"},{"floor":12,"key":"Bag of Preparation"}],"event_choices":[{"cards_removed":["Strike_B"],"damage_healed":0,"gold_gain":0,"player_choice":"Purged","damage_taken":0,"max_hp_gain":0,"max_hp_loss":0,"event_name":"Purifier","floor":5,"gold_loss":0},{"damage_healed":25,"gold_gain":0,"player_choice":"Heal","damage_taken":0,"max_hp_gain":0,"max_hp_loss":0,"event_name":"The Library","floor":22,"gold_loss":0}],"is_beta":false,"boss_relics":[{"not_picked":["Black Star","Sozu"],"picked":"Philosopher\u0027s Stone"}],"items_purged_floors":[20],"is_endless":false,"potions_floor_spawned":[3,7,21],"killed_by":"Slavers","ascension_level":1}}