{"host":"rolltorest","time":1611788757,"event":{"mods":["BaseMod","Jorbs\u0027s Wanderer Trilogy","Koishi","Minty Spire (QoL Compilation)","Relic Stats","Robot Space Explorer","Slay the Relics Exporter","StSLib","The Servant 0.9.4"],"gold_per_floor":[118,118,132,206,33,33,58,58,82,82,117,128,162,176,176,250,250,269,78,94,94,114,114,148,158,158,169,200,229,50,50,50,50,50],"floor_reached":33,"language":"ENG","playtime":1279,"items_purged":["RobotSpaceExplorer:Strike","Pain"],"score":610,"play_id":"048eca8b-fea0-42ab-8c5b-05548753180e","local_time":"20210127150557","is_ascension_mode":true,"campfire_choices":[{"data":"RobotSpaceExplorer:SlimeMissile","floor":6,"key":"SMITH"},{"data":"RobotSpaceExplorer:Blitz","floor":10,"key":"SMITH"},{"data":"RobotSpaceExplorer:TurboDodge","floor":15,"key":"SMITH"},{"floor":23,"key":"REST"},{"floor":32,"key":"REST"}],"circlet_count":0,"master_deck":["AscendersBane","RobotSpaceExplorer:Strike","RobotSpaceExplorer:Strike","RobotSpaceExplorer:Strike","RobotSpaceExplorer:Defend+1","RobotSpaceExplorer:Defend","RobotSpaceExplorer:Defend","RobotSpaceExplorer:Defend+1","RobotSpaceExplorer:Scan","RobotSpaceExplorer:MiniLasers","RobotSpaceExplorer:SurgingStrike","RobotSpaceExplorer:SlimeMissile+1","RobotSpaceExplorer:PlasmaMissile","RobotSpaceExplorer:ShovelStrike","RobotSpaceExplorer:Blitz+1","Doubt","RobotSpaceExplorer:FrostMissile","RobotSpaceExplorer:SurgingStrike","RobotSpaceExplorer:TurboDodge+1","RobotSpaceExplorer:Reload","RobotSpaceExplorer:TrailblazerForm","RobotSpaceExplorer:SurgingShield","Trip","RobotSpaceExplorer:HighVoltage","RobotSpaceExplorer:GearShield","RobotSpaceExplorer:FranticSearch","RobotSpaceExplorer:Explosion"],"relics":["Cursed Key","Oddly Smooth Stone","WarpedTongs","Strawberry","Regal Pillow","PreservedInsect","Fusion Hammer","Nilry\u0027s Codex","War Paint","MawBank"],"acts_visited":["Exordium","TheCity"],"potions_floor_usage":[18,22],"damage_taken":[{"damage":11,"enemies":"2 Louse","floor":1,"turns":3},{"damage":0,"enemies":"Cultist","floor":3,"turns":2},{"damage":13,"enemies":"Lagavulin","floor":7,"turns":6},{"damage":9,"enemies":"3 Sentries","floor":11,"turns":6},{"damage":4,"enemies":"Jaw Worm","floor":12,"turns":3},{"damage":17,"enemies":"Lagavulin","floor":13,"turns":5},{"damage":1,"enemies":"Exordium Wildlife","floor":14,"turns":4},{"damage":12,"enemies":"The Guardian","floor":16,"turns":14},{"damage":17,"enemies":"2 Thieves","floor":18,"turns":4},{"damage":0,"enemies":"Spheric Guardian","floor":20,"turns":4},{"damage":7,"enemies":"Cultist and Chosen","floor":22,"turns":6},{"damage":11,"enemies":"Slavers","floor":24,"turns":5},{"damage":2,"enemies":"Snake Plant","floor":25,"turns":3},{"damage":19,"enemies":"Shelled Parasite and Fungi","floor":27,"turns":4},{"damage":4,"enemies":"Gremlin Leader","floor":28,"turns":2},{"damage":0,"enemies":"3 Cultists","floor":29,"turns":5},{"damage":63,"enemies":"Collector","floor":33,"turns":7}],"seed_played":"1694898082246306954","potions_obtained":[{"floor":1,"key":"Block Potion"},{"floor":3,"key":"ColorlessPotion"},{"floor":16,"key":"Fire Potion"},{"floor":24,"key":"GamblersBrew"},{"floor":27,"key":"Ancient Potion"},{"floor":28,"key":"RobotSpaceExplorer:LiquidFusion"}],"is_trial":false,"path_per_floor":["M","?","M","?","$","R","E","?","T","R","E","M","E","M","R","B",null,"M","$","M","?","M","R","E","M","T","M","E","M","$","?","R","B"],"character_chosen":"RobotSpaceExplorer","items_purchased":["RobotSpaceExplorer:PlasmaMissile","RobotSpaceExplorer:ShovelStrike","Trip","RobotSpaceExplorer:FranticSearch","RobotSpaceExplorer:Explosion"],"campfire_rested":2,"item_purchase_floors":[5,5,19,30,30],"current_hp_per_floor":[53,58,58,58,58,58,45,45,52,52,43,39,22,21,21,9,65,48,48,48,27,20,59,48,46,46,27,23,23,23,23,62,0,0],"gold":50,"neow_bonus":"BOSS_RELIC","is_daily":false,"chose_seed":false,"campfire_upgraded":3,"win_rate":0.0,"timestamp":1611788757,"path_taken":["M","?","M","?","$","R","E","?","T","R","E","M","E","M","R","BOSS","M","$","?","?","M","R","E","M","T","M","E","M","$","?","R","BOSS"],"items_purchased_type":["Card","Card","Card","Card","Card"],"build_version":"2020-12-18","purchased_purges":2,"victory":false,"max_hp_per_floor":[71,76,76,76,76,76,76,76,83,83,83,83,83,83,83,83,83,83,83,83,83,83,83,83,83,83,83,83,83,83,83,83,83,83],"relic_stats":{"Regal Pillow":30,"counters":[17,83],"PreservedInsect":89,"War Paint":["RobotSpaceExplorer:Defend","RobotSpaceExplorer:Defend"],"Cursed Key":2,"MawBank":24,"obtain_stats":[{"Regal Pillow":11,"Nilry\u0027s Codex":21,"Strawberry":9,"Oddly Smooth Stone":7,"RobotSpaceExplorer:RoboCore":0,"PreservedInsect":13,"Fusion Hammer":17,"War Paint":24,"Cursed Key":0,"MawBank":28,"WarpedTongs":8},{"Regal Pillow":4,"Nilry\u0027s Codex":10,"Strawberry":3,"Oddly Smooth Stone":3,"RobotSpaceExplorer:RoboCore":0,"PreservedInsect":6,"Fusion Hammer":8,"War Paint":12,"Cursed Key":0,"MawBank":15,"WarpedTongs":3},{"Regal Pillow":17,"Nilry\u0027s Codex":51,"Strawberry":11,"Oddly Smooth Stone":11,"RobotSpaceExplorer:RoboCore":0,"PreservedInsect":25,"Fusion Hammer":43,"War Paint":62,"Cursed Key":0,"MawBank":71,"WarpedTongs":11}],"WarpedTongs":[70]},"card_choices":[{"not_picked":["RobotSpaceExplorer:GlueShot","RobotSpaceExplorer:DualCore"],"picked":"RobotSpaceExplorer:SurgingStrike","floor":1},{"not_picked":["RobotSpaceExplorer:GlueSpray","RobotSpaceExplorer:Pulsar"],"picked":"RobotSpaceExplorer:SlimeMissile","floor":3},{"not_picked":["RobotSpaceExplorer:Counterblock","RobotSpaceExplorer:Pulsar"],"picked":"RobotSpaceExplorer:Blitz","floor":7},{"not_picked":["RobotSpaceExplorer:JunkDive","RobotSpaceExplorer:Pulsar"],"picked":"RobotSpaceExplorer:FrostMissile","floor":11},{"not_picked":["RobotSpaceExplorer:MakeshiftVolley","RobotSpaceExplorer:FrostMissile"],"picked":"RobotSpaceExplorer:SurgingStrike","floor":12},{"not_picked":["RobotSpaceExplorer:SlimeMissile","RobotSpaceExplorer:Counterblock"],"picked":"RobotSpaceExplorer:TurboDodge","floor":13},{"not_picked":["RobotSpaceExplorer:ImprovisedAttack","RobotSpaceExplorer:Jetpack"],"picked":"RobotSpaceExplorer:Reload","floor":14},{"not_picked":["RobotSpaceExplorer:Scanner","RobotSpaceExplorer:ShockMissile"],"picked":"RobotSpaceExplorer:TrailblazerForm","floor":16},{"not_picked":["RobotSpaceExplorer:Ammunition","RobotSpaceExplorer:ScrapShield"],"picked":"RobotSpaceExplorer:SurgingShield","floor":18},{"not_picked":["RobotSpaceExplorer:Smokescreen","RobotSpaceExplorer:SlimeMissile","RobotSpaceExplorer:MetalStrike"],"picked":"SKIP","floor":20},{"not_picked":["RobotSpaceExplorer:ImprovisedAttack+1","RobotSpaceExplorer:SlimeMissile","RobotSpaceExplorer:MetalStrike"],"picked":"SKIP","floor":22},{"not_picked":["RobotSpaceExplorer:MetalStrike","RobotSpaceExplorer:JunkDive"],"picked":"RobotSpaceExplorer:HighVoltage","floor":24},{"not_picked":["RobotSpaceExplorer:Ammunition","RobotSpaceExplorer:SurgingStrike"],"picked":"RobotSpaceExplorer:GearShield","floor":25},{"not_picked":["RobotSpaceExplorer:LuckyStrike","RobotSpaceExplorer:MiniDrones","RobotSpaceExplorer:ScrapToss"],"picked":"SKIP","floor":27},{"not_picked":["RobotSpaceExplorer:SwiftStep","RobotSpaceExplorer:FrostMissile","RobotSpaceExplorer:Calculate"],"picked":"SKIP","floor":28},{"not_picked":["RobotSpaceExplorer:Pulsar","RobotSpaceExplorer:ScrapMissile","RobotSpaceExplorer:Ammunition"],"picked":"SKIP","floor":29}],"player_experience":2251560,"relics_obtained":[{"floor":7,"key":"Oddly Smooth Stone"},{"floor":9,"key":"Strawberry"},{"floor":11,"key":"Regal Pillow"},{"floor":13,"key":"PreservedInsect"},{"floor":21,"key":"Nilry\u0027s Codex"},{"floor":24,"key":"War Paint"},{"floor":28,"key":"MawBank"}],"event_choices":[{"damage_healed":0,"gold_gain":0,"player_choice":"Donut","damage_taken":0,"max_hp_gain":5,"max_hp_loss":0,"event_name":"Big Fish","floor":2,"gold_loss":0},{"damage_healed":0,"gold_gain":74,"player_choice":"Gained Gold","damage_taken":0,"max_hp_gain":0,"max_hp_loss":0,"event_name":"Golden Wing","floor":4,"gold_loss":0},{"damage_healed":0,"gold_gain":0,"player_choice":"Rummage","damage_taken":0,"relics_obtained":["WarpedTongs"],"max_hp_gain":0,"max_hp_loss":0,"event_name":"Accursed Blacksmith","floor":8,"gold_loss":0,"cards_obtained":["Pain"]},{"damage_healed":0,"gold_gain":0,"player_choice":"Obtained Book","damage_taken":21,"max_hp_gain":0,"max_hp_loss":0,"event_name":"Cursed Tome","floor":21,"gold_loss":0},{"cards_removed":["stsjorbsmod:Amnesia"],"damage_healed":0,"gold_gain":0,"player_choice":"Elegance","damage_taken":0,"max_hp_gain":0,"max_hp_loss":0,"event_name":"Back to Basics","floor":31,"gold_loss":0}],"is_beta":true,"boss_relics":[{"not_picked":["Ectoplasm","Tiny House"],"picked":"Fusion Hammer"}],"items_purged_floors":[5,19],"is_endless":false,"potions_floor_spawned":[1,3,12,16,24,27,28],"killed_by":"Collector","ascension_level":20}}