{"host":"yecadp3kwkksam5a","time":1611749132,"event":{"mods":["BaseMod","Minty Spire (QoL Compilation)","StSLib"],"gold_per_floor":[110,122,135,150,73,101,101,135,135,235,255,271,305,323,323,420,420,436,436,436,450,13,13,13,13,13],"floor_reached":25,"language":"KOR","playtime":874,"items_purged":["Strike_R"],"score":357,"play_id":"56461ee7-5f42-40eb-83d7-6506ecc339bd","local_time":"20210127210532","is_ascension_mode":true,"campfire_choices":[{"data":"Carnage","floor":7.0,"key":"SMITH"},{"floor":15.0,"key":"DIG"},{"floor":23,"key":"DIG"}],"circlet_count":0,"master_deck":["AscendersBane","Strike_R","Strike_R","Strike_R","Defend_R","Defend_R","Defend_R","Defend_R","Bash","Pummel","Flame Barrier","Shrug It Off","Carnage+1","Anger","Evolve","Immolate","Barricade","Body Slam","Entrench+1","Deep Breath"],"relics":["Burning Blood","Bottled Tornado","Shovel","Champion Belt","Shuriken","Smiling Mask","Sozu","OrangePellets","Strawberry","Turnip","Nilry\u0027s Codex"],"acts_visited":["Exordium","TheCity"],"potions_floor_usage":[],"damage_taken":[{"damage":11.0,"enemies":"Small Slimes","floor":1.0,"turns":5.0},{"damage":11.0,"enemies":"Cultist","floor":2.0,"turns":4.0},{"damage":1.0,"enemies":"2 Louse","floor":3.0,"turns":5.0},{"damage":7.0,"enemies":"Large Slime","floor":4.0,"turns":5.0},{"damage":17.0,"enemies":"3 Sentries","floor":6.0,"turns":8.0},{"damage":8.0,"enemies":"Gremlin Nob","floor":8.0,"turns":3.0},{"damage":2.0,"enemies":"Exordium Wildlife","floor":11.0,"turns":4.0},{"damage":0.0,"enemies":"2 Fungi Beasts","floor":12.0,"turns":3.0},{"damage":5.0,"enemies":"3 Sentries","floor":13.0,"turns":4.0},{"damage":13.0,"enemies":"Red Slaver","floor":14.0,"turns":3.0},{"damage":52.0,"enemies":"The Guardian","floor":16.0,"turns":13.0},{"damage":19.0,"enemies":"2 Thieves","floor":18.0,"turns":3.0},{"damage":0,"enemies":"Spheric Guardian","floor":21,"turns":3},{"damage":0,"enemies":"Slavers","floor":25,"turns":1}],"seed_played":"6124096854373618918","potions_obtained":[{"floor":3.0,"key":"PowerPotion"},{"floor":6.0,"key":"Energy Potion"},{"floor":16.0,"key":"Swift Potion"}],"is_trial":false,"path_per_floor":["M","M","M","M","$","E","R","E","T","?","M","M","E","M","R","B",null,"M","?","?","M","$","R","?","E"],"character_chosen":"IRONCLAD","items_purchased":["Evolve","OrangePellets","Strawberry","Deep Breath"],"campfire_rested":0,"item_purchase_floors":[5,22,22,22],"current_hp_per_floor":[67,62,67,66,66,55,55,53,53,53,57,63,64,57,57,11,63,50,35,35,41,48,48,32,32,32],"gold":13,"neow_bonus":"TRANSFORM_CARD","is_daily":false,"chose_seed":false,"campfire_upgraded":1,"win_rate":0.0,"timestamp":1611749132,"path_taken":["M","M","M","M","$","E","R","E","T","?","?","M","E","M","R","BOSS","M","?","?","M","$","R","?","E"],"items_purchased_type":["Card","Relic","Relic","Card"],"build_version":"2020-12-22","purchased_purges":1,"victory":false,"max_hp_per_floor":[80,80,80,80,80,80,80,80,80,80,80,80,80,80,80,80,80,80,85,85,85,92,92,92,92,92],"card_choices":[{"not_picked":["Warcry","Entrench"],"picked":"Flame Barrier","floor":1.0},{"not_picked":["Armaments","True Grit"],"picked":"Shrug It Off","floor":2.0},{"not_picked":["Heavy Blade","Battle Trance"],"picked":"Carnage","floor":3.0},{"not_picked":["Entrench","Wild Strike"],"picked":"Anger","floor":4.0},{"not_picked":["Ghostly Armor","Dual Wield","Rage"],"picked":"SKIP","floor":6.0},{"not_picked":["Havoc","Armaments"],"picked":"Immolate","floor":8.0},{"not_picked":["Cleave","Heavy Blade","Shrug It Off"],"picked":"SKIP","floor":11.0},{"not_picked":["Sword Boomerang","Searing Blow","Body Slam"],"picked":"SKIP","floor":12.0},{"not_picked":["Perfected Strike","Rage"],"picked":"Barricade","floor":13.0},{"not_picked":["Armaments","Intimidate"],"picked":"Body Slam","floor":14.0},{"not_picked":["Flex","Headbutt"],"picked":"Entrench+1","floor":18.0},{"not_picked":["Bloodletting","Body Slam","Warcry"],"picked":"SKIP","floor":21}],"player_experience":482617,"relics_obtained":[{"floor":6.0,"key":"Bottled Tornado"},{"floor":8.0,"key":"Shovel"},{"floor":9.0,"key":"Champion Belt"},{"floor":13.0,"key":"Shuriken"},{"floor":15.0,"key":"Smiling Mask"},{"floor":23,"key":"Turnip"},{"floor":24,"key":"Nilry\u0027s Codex"}],"event_choices":[{"damage_healed":0.0,"max_hp_gain":0.0,"max_hp_loss":0.0,"gold_gain":100.0,"event_name":"Golden Shrine","player_choice":"Pray","floor":10.0,"gold_loss":0.0,"damage_taken":0.0},{"damage_healed":0.0,"max_hp_gain":5.0,"max_hp_loss":0.0,"gold_gain":0.0,"event_name":"Forgotten Altar","player_choice":"Shed Blood","floor":19.0,"gold_loss":0.0,"damage_taken":20.0},{"damage_healed":0.0,"max_hp_gain":0.0,"max_hp_loss":0.0,"gold_gain":0.0,"event_name":"The Mausoleum","player_choice":"Ignored","floor":20.0,"gold_loss":0.0,"damage_taken":0.0},{"damage_healed":0,"gold_gain":0,"player_choice":"Obtained Book","damage_taken":16,"max_hp_gain":0,"max_hp_loss":0,"event_name":"Cursed Tome","floor":24,"gold_loss":0}],"is_beta":false,"boss_relics":[{"not_picked":["SlaversCollar","Velvet Choker"],"picked":"Sozu"}],"items_purged_floors":[22],"is_endless":false,"potions_floor_spawned":[3,6,11,12,16,18,21],"killed_by":"Slavers","ascension_level":12}}