{"host":"t9ey1ebdrj6sa9fi","time":1611770249,"event":{"mods":["Act Like it!","BaseMod","Colored Map","Colored Powertips","Gensokyo","Highlight Path","Minty Spire (QoL Compilation)","Optimize The Spire","Permanent Neow","Quick Restart","Random Character Button","Relic Stats","Reliquary","Ruina","Spicy Shops","Spire Arcade","StSLib","SuperFastMode","TheSurvivalist","Weight Gain","Wide Potions"],"gold_per_floor":[359,204,204,221,232,232,260,260,314,327,337,365,365,365,365,365,365],"floor_reached":16,"language":"ENG","playtime":915,"items_purged":[],"score":110,"play_id":"88d7a5c7-deef-4e88-9634-3a97fd845772","local_time":"20210127185729","is_ascension_mode":false,"campfire_choices":[{"data":"survmod:TwinShot","floor":6,"key":"SMITH"},{"data":"Injury","floor":8,"key":"PURGE"},{"data":"survmod:PinningSnipe","floor":15,"key":"PURGE"}],"circlet_count":0,"master_deck":["survmod:Strike","survmod:Strike","survmod:Strike","survmod:Strike","survmod:Defend+1","survmod:Defend","survmod:Defend","survmod:Defend","survmod:VersatileOffense+1","survmod:Sprint","survmod:SimpleMutation","survmod:TwinShot+1","survmod:LeapingShot","Clumsy"],"relics":["survmod:InnateMutation","ClockworkSouvenir","reliquary:Buckler","Peace Pipe","reliquary:PartyBalloon","Singing Bowl","Gensokyo:NagashiBinaDoll"],"acts_visited":["Gensokyo:Gensokyo"],"potions_floor_usage":[7,16],"damage_taken":[{"damage":2,"enemies":"Gensokyo:Gryphon","floor":1,"turns":5},{"damage":2,"enemies":"Gensokyo:2_Kodama","floor":4,"turns":4},{"damage":0,"enemies":"Gensokyo:3_Fairies","floor":5,"turns":4},{"damage":6,"enemies":"Gensokyo:Mamizou","floor":7,"turns":7},{"damage":0,"enemies":"Gensokyo:VengefulSpirit","floor":10,"turns":3},{"damage":0,"enemies":"Gensokyo:LivingMonolith","floor":11,"turns":2},{"damage":22,"enemies":"Gensokyo:Cirno","floor":12,"turns":7},{"damage":29,"enemies":"Gensokyo:Reimu","floor":16,"turns":11}],"seed_played":"208456469264724966","potions_obtained":[{"floor":4,"key":"Fire Potion"},{"floor":7,"key":"Fire Potion"},{"floor":10,"key":"FearPotion"}],"is_trial":false,"path_per_floor":["M","$","?","M","M","R","E","R","T","M","M","E","?","?","R","B"],"character_chosen":"THE_SURVIVOR","items_purchased":["ClockworkSouvenir"],"campfire_rested":0,"item_purchase_floors":[2],"current_hp_per_floor":[43,43,43,41,41,41,35,35,35,35,35,15,15,29,29,0,0],"gold":365,"neow_bonus":"TWO_FIFTY_GOLD","is_daily":false,"chose_seed":false,"campfire_upgraded":1,"win_rate":0.0,"timestamp":1611770249,"path_taken":["M","$","?","M","?","R","E","R","T","M","M","E","?","?","R","BOSS"],"items_purchased_type":["Relic"],"build_version":"2020-12-22","purchased_purges":0,"victory":false,"max_hp_per_floor":[45,45,45,45,45,45,45,45,45,45,45,47,47,47,47,47,47],"relic_stats":{"Peace Pipe":2,"Singing Bowl":2,"counters":[8,43],"obtain_stats":[{"Peace Pipe":7,"Singing Bowl":12,"reliquary:PartyBalloon":9,"reliquary:Buckler":3,"Gensokyo:NagashiBinaDoll":13,"survmod:InnateMutation":0,"ClockworkSouvenir":2},{"Peace Pipe":4,"Singing Bowl":7,"reliquary:PartyBalloon":4,"reliquary:Buckler":1,"Gensokyo:NagashiBinaDoll":7,"survmod:InnateMutation":0,"ClockworkSouvenir":1},{"Peace Pipe":20,"Singing Bowl":32,"reliquary:PartyBalloon":20,"reliquary:Buckler":5,"Gensokyo:NagashiBinaDoll":32,"survmod:InnateMutation":0,"ClockworkSouvenir":5}]},"card_choices":[{"not_picked":["survmod:BearTrap","survmod:FindCover"],"picked":"survmod:SimpleMutation","floor":1},{"not_picked":["survmod:PersonalMark","survmod:NockAnArrow"],"picked":"survmod:PinningSnipe","floor":4},{"not_picked":["survmod:PersonalMark","survmod:FindCover"],"picked":"survmod:TwinShot","floor":5},{"not_picked":["survmod:PenetratingShot","survmod:FocusedFire"],"picked":"survmod:LeapingShot","floor":7},{"not_picked":["survmod:GoForFace","survmod:VersatileDefense","survmod:TacticalManeuver"],"picked":"SKIP","floor":10},{"not_picked":["survmod:FocusedFire","survmod:QuickDash","survmod:QuickThinking"],"picked":"SKIP","floor":11},{"not_picked":["survmod:PinningSnipe","survmod:VersatileDefense","survmod:GoForFace"],"picked":"Singing Bowl","floor":12}],"player_experience":28029,"relics_obtained":[{"floor":7,"key":"Peace Pipe"},{"floor":9,"key":"reliquary:PartyBalloon"},{"floor":12,"key":"Singing Bowl"}],"event_choices":[],"is_beta":false,"boss_relics":[],"items_purged_floors":[],"is_endless":false,"potions_floor_spawned":[4,7,10,11,12],"killed_by":"Gensokyo:Reimu","ascension_level":0}}