{"host":"b4vwm7jq6jdk6nca","time":1611742859,"event":{"mods":["Act Like it!","Ascension Reborn","BaseMod","Downfall","Minty Spire (QoL Compilation)","Pale of the Ancients","Quick Restart","Relic Filter Mod","Spicy Shops","StSLib","TestMod","Wide Potions","[IsaacMod]ÒÔÈö¼âËþ"],"gold_per_floor":[123,145,163,18,35,67,142,193,207,281,336,15,29,47,47,173,173,192,215,263,37,57,87,87,127,223,263,36,54,54,54,54,133,133,140,140],"floor_reached":35,"language":"ZHS","playtime":1192,"items_purged":["Defend_G+1","Writhe","Strike_G+1","Defend_G+1"],"score":1420,"play_id":"6f7a2ac3-5b0d-49b5-895b-61de20fd9e09","local_time":"20210127182059","is_ascension_mode":true,"campfire_choices":[{"data":"Footwork","floor":15.0,"key":"SMITH"},{"data":"A Thousand Cuts","floor":24.0,"key":"SMITH"},{"data":"Choke","floor":32,"key":"SMITH"}],"circlet_count":0,"master_deck":["Strike_G+1","Strike_G+1","Strike_G+1","Strike_G+1","Defend_G+1","Defend_G+1","Defend_G+1","Survivor+1","Neutralize+1","Cloak And Dagger","Choke+1","Night Terror","Cloak And Dagger","Noxious Fumes","Backflip+1","Quick Slash","Doppelganger","Footwork+1","Backstab","Blade Dance","A Thousand Cuts+1","Acrobatics+1","Well Laid Plans+1","Injury","Accuracy+1","Terror","Choke+1","Sucker Punch"],"relics":["Ring of the Snake","testmod-TestBox","HushsDoor","Damocles","testmod-StringDisintegrator","NeowsBlessing","PreservedInsect","Meat on the Bone","Pen Nib","SalivaCoin","hexamod:CandleOfCauterizing","MawBank","Sundial","GnawedLeaf","Incense Burner","bronze:DecasWashers","Art of War","Shuriken","testmod-Maize","YumHeart","Membership Card","GuppysHead","Matryoshka","Slimebound:StickyStick","StoneCalendar","Oddly Smooth Stone","Prayer Wheel","SlaversCollar","Damocles","GuppysHairball","MealTicket","Frozen Egg 2","Eternal Feather","Bronze Scales","Red Mask","Centennial Puzzle","Kunai","Chaos","BelialBook","HandDrill","Mummified Hand","Juzu Bracelet","Philosopher\u0027s Stone","Slimebound:PreparedRelic","Vajra","ChampionBelt","Mango","Coffee Dripper","White Beast Statue","Gremlin Horn","Inserter","testmod-Nine","Red Skull","Omamori","Paper Frog","testmod-BouquetWithThorns","MagicMushroom","Snake Skull","Thread and Needle","Damocles"],"acts_visited":["Exordium","TheCity","TheBeyond"],"potions_floor_usage":[33],"damage_taken":[{"damage":0.0,"enemies":"Cultist","floor":1.0,"turns":1.0},{"damage":0.0,"enemies":"2 Louse","floor":2.0,"turns":1.0},{"damage":0.0,"enemies":"Small Slimes","floor":3.0,"turns":1.0},{"damage":0.0,"enemies":"Looter","floor":5.0,"turns":1.0},{"damage":0.0,"enemies":"Lagavulin","floor":6.0,"turns":1.0},{"damage":0.0,"enemies":"Gremlin Nob","floor":8.0,"turns":1.0},{"damage":0.0,"enemies":"Hiden Room Battle","floor":10.0,"turns":2.0},{"damage":0.0,"enemies":"3 Sentries","floor":11.0,"turns":2.0},{"damage":0.0,"enemies":"Red Slaver","floor":13.0,"turns":2.0},{"damage":0.0,"enemies":"Blue Slaver","floor":14.0,"turns":1.0},{"damage":0.0,"enemies":"The Guardian","floor":16.0,"turns":3.0},{"damage":0.0,"enemies":"Shell Parasite","floor":18.0,"turns":2.0},{"damage":0.0,"enemies":"3 Byrds","floor":19.0,"turns":2.0},{"damage":0.0,"enemies":"Masked Bandits","floor":20.0,"turns":2.0},{"damage":0.0,"enemies":"Snake Plant","floor":22.0,"turns":1.0},{"damage":0.0,"enemies":"Book of Stabbing","floor":23.0,"turns":1.0},{"damage":0.0,"enemies":"Slavers","floor":25.0,"turns":1.0},{"damage":0.0,"enemies":"Book of Stabbing","floor":27.0,"turns":1.0},{"damage":0.0,"enemies":"Shelled Parasite and Fungi","floor":29.0,"turns":1.0},{"damage":0,"enemies":"Collector","floor":33,"turns":2},{"damage":0,"enemies":"3 Shapes","floor":35,"turns":1}],"seed_played":"5557842562014099706","potions_obtained":[{"floor":1.0,"key":"champ:CounterPotion"},{"floor":2.0,"key":"Fire Potion"},{"floor":5.0,"key":"Strength Potion"},{"floor":11.0,"key":"EssenceOfSteel"},{"floor":16.0,"key":"GhostInAJar"},{"floor":27.0,"key":"bronze:BurnAndBuffPotion"}],"is_trial":false,"path_per_floor":["M","M","M","$","M","E","?","E","T","?","E","$","M","M","R","B",null,"M","M","?","$","M","E","R","E","T","E","$","M","?","$","R","B",null,"M"],"character_chosen":"THE_SILENT","items_purchased":["Choke","Membership Card","GuppysHead","Matryoshka","Footwork","Damocles","GuppysHairball","Chaos","BelialBook","HandDrill","Mummified Hand","Paper Frog","Sucker Punch","Damocles"],"campfire_rested":0,"item_purchase_floors":[4,12,12,12,12,17,17,21,21,21,21,28,28,34],"current_hp_per_floor":[74,74,74,74,74,74,74,74,74,74,74,74,74,74,74,78,53,53,53,53,53,53,53,53,67,67,67,67,74,74,74,74,74,64,0,0],"gold":140,"neow_bonus":"THREE_ENEMY_KILL","is_daily":false,"chose_seed":false,"campfire_upgraded":3,"win_rate":0.0,"timestamp":1611742859,"path_taken":["M","M","M","?","M","E","?","E","T","?","E","?","M","M","R","BOSS","M","M","?","$","M","E","R","E","T","E","$","M","?","?","R","BOSS","M"],"items_purchased_type":["Card","Relic","Relic","Relic","Card","Relic","Relic","Card","Relic","Relic","Relic","Relic","Card","Relic"],"build_version":"2020-12-22","purchased_purges":4,"victory":false,"max_hp_per_floor":[74,74,74,74,74,74,74,74,74,74,74,74,74,74,74,78,53,53,53,53,53,53,53,53,67,67,67,67,74,74,74,74,74,64,64,64],"card_choices":[{"not_picked":[],"picked":"ChaosCard","floor":0.0},{"not_picked":["Heel Hook+1","PiercingWail"],"picked":"Cloak And Dagger","floor":1.0},{"not_picked":["Deflect","Tactician","Crippling Poison+1"],"picked":"SKIP","floor":2.0},{"not_picked":["Eviscerate","Acrobatics"],"picked":"Bomb","floor":3.0},{"not_picked":["Bouncing Flask","Calculated Gamble"],"picked":"Bomb","floor":5.0},{"not_picked":["Flying Knee","Heel Hook"],"picked":"Night Terror","floor":6.0},{"not_picked":["Finisher","Reflex+1"],"picked":"Cloak And Dagger","floor":6.0},{"not_picked":["Flying Knee","Prepared"],"picked":"Noxious Fumes","floor":8.0},{"not_picked":["Endless Agony","Noxious Fumes"],"picked":"Backflip+1","floor":8.0},{"not_picked":["Heel Hook+1","Well Laid Plans+1"],"picked":"Quick Slash","floor":10.0},{"not_picked":["PiercingWail","Flechettes"],"picked":"Doppelganger","floor":11.0},{"not_picked":["Underhanded Strike","Crippling Poison+1","PiercingWail"],"picked":"SKIP","floor":11.0},{"not_picked":["PiercingWail","Flechettes"],"picked":"Backstab","floor":13.0},{"not_picked":["PiercingWail","Bane+1"],"picked":"Blade Dance","floor":14.0},{"not_picked":["Tools of the Trade","Venomology"],"picked":"A Thousand Cuts","floor":16.0},{"not_picked":["Dodge and Roll","Dagger Throw","Underhanded Strike+1"],"picked":"SKIP","floor":18.0},{"not_picked":["Blur","Deflect","Quick Slash"],"picked":"SKIP","floor":18.0},{"not_picked":["Deadly Poison+1","Masterful Stab"],"picked":"Acrobatics+1","floor":19.0},{"not_picked":["Underhanded Strike+1","Deadly Poison+1","Bullet Time"],"picked":"SKIP","floor":19.0},{"not_picked":["Expertise","Bane"],"picked":"Well Laid Plans+1","floor":20.0},{"not_picked":["Underhanded Strike","Heel Hook+1"],"picked":"Accuracy+1","floor":22.0},{"not_picked":["Setup+1","Cloak And Dagger"],"picked":"Terror","floor":22.0},{"not_picked":["Deadly Poison","Eviscerate","Quick Slash+1"],"picked":"SKIP","floor":23.0},{"not_picked":["Blur+1","Expertise+1"],"picked":"Choke+1","floor":25.0},{"not_picked":["Riddle With Holes","Underhanded Strike","Crippling Poison+1"],"picked":"SKIP","floor":27.0},{"not_picked":["Flying Knee+1","Reflex","Quick Slash"],"picked":"SKIP","floor":29.0},{"not_picked":["Blur+1","Quick Slash","Deflect+1"],"picked":"SKIP","floor":29.0}],"player_experience":318230,"relics_obtained":[{"floor":1.0,"key":"PreservedInsect"},{"floor":2.0,"key":"Meat on the Bone"},{"floor":3.0,"key":"Pen Nib"},{"floor":5.0,"key":"SalivaCoin"},{"floor":6.0,"key":"hexamod:CandleOfCauterizing"},{"floor":6.0,"key":"MawBank"},{"floor":8.0,"key":"Sundial"},{"floor":8.0,"key":"GnawedLeaf"},{"floor":9.0,"key":"Incense Burner"},{"floor":10.0,"key":"bronze:DecasWashers"},{"floor":10.0,"key":"Art of War"},{"floor":10.0,"key":"Shuriken"},{"floor":11.0,"key":"testmod-Maize"},{"floor":11.0,"key":"YumHeart"},{"floor":13.0,"key":"Slimebound:StickyStick"},{"floor":13.0,"key":"StoneCalendar"},{"floor":14.0,"key":"Oddly Smooth Stone"},{"floor":16.0,"key":"Prayer Wheel"},{"floor":18.0,"key":"MealTicket"},{"floor":18.0,"key":"Frozen Egg 2"},{"floor":19.0,"key":"Eternal Feather"},{"floor":19.0,"key":"Bronze Scales"},{"floor":20.0,"key":"Red Mask"},{"floor":20.0,"key":"Centennial Puzzle"},{"floor":20.0,"key":"Kunai"},{"floor":22.0,"key":"Juzu Bracelet"},{"floor":22.0,"key":"Philosopher\u0027s Stone"},{"floor":22.0,"key":"Slimebound:PreparedRelic"},{"floor":23.0,"key":"Vajra"},{"floor":23.0,"key":"ChampionBelt"},{"floor":25.0,"key":"Mango"},{"floor":25.0,"key":"Coffee Dripper"},{"floor":25.0,"key":"White Beast Statue"},{"floor":26.0,"key":"Gremlin Horn"},{"floor":26.0,"key":"Inserter"},{"floor":26.0,"key":"testmod-Nine"},{"floor":27.0,"key":"Red Skull"},{"floor":27.0,"key":"Omamori"},{"floor":29.0,"key":"testmod-BouquetWithThorns"},{"floor":29.0,"key":"MagicMushroom"},{"floor":29.0,"key":"Snake Skull"}],"event_choices":[{"damage_healed":0.0,"max_hp_gain":0.0,"max_hp_loss":0.0,"gold_gain":51.0,"event_name":"Golden Wing","player_choice":"Gained Gold","floor":7.0,"gold_loss":0.0,"damage_taken":0.0},{"damage_healed":0.0,"max_hp_gain":0.0,"max_hp_loss":0.0,"gold_gain":0.0,"event_name":"HidenRoomEvent","player_choice":"Fight","floor":10.0,"gold_loss":0.0,"damage_taken":0.0},{"damage_healed":0.0,"max_hp_gain":0.0,"max_hp_loss":0.0,"gold_gain":0.0,"event_name":"Masked Bandits","player_choice":"Fought Bandits","floor":20.0,"gold_loss":0.0,"damage_taken":0.0},{"damage_healed":0,"gold_gain":0,"player_choice":"Ignored","damage_taken":0,"max_hp_gain":0,"max_hp_loss":0,"event_name":"The Mausoleum","floor":30,"gold_loss":0}],"is_beta":false,"boss_relics":[{"not_picked":["testmod-Prudence","testmod-KeyOfTheVoid"],"picked":"SlaversCollar"},{"not_picked":[]},{"not_picked":["WingedGreaves","Paper Crane"],"picked":"Thread and Needle"},{"not_picked":[]}],"items_purged_floors":[4,12,17,28],"is_endless":false,"potions_floor_spawned":[2,5,8,11,14,18,20,23,27,29,33],"killed_by":"3 Shapes","ascension_level":20}}