{"host":"juoup3p5tvzzktl5","time":1611714236,"event":{"mods":["Aspiration","BaseMod","Better Vampires","BetterRewards","Colored Map","Colored Powertips","Friendly Minions","GifTheSpireLib","Hermit","Hubris","Infinite Spire","KinomotoSakuraMod(ƒæ÷Æ±æ”£)","Koishi","KomeijiMod","Marisa£®ÏF”Í°°ƒß¿Ì…≥£©","Minty Spire (QoL Compilation)","Quick Restart","Reimu£®≤©¿ˆ¡È√Œ£©","Replay The Spire","Shop Mod","StSLib","The Administrix","The Alterego","The Bug Knight","The Construct","The Cursed","The Jungle","The Mystic","The Runesmith","The Senshi","Youmu£®ªÍ∆«—˝√Œ£©","Yuyuko"],"gold_per_floor":[109,109,126,140,150,170,170,198,198,221,239,239,239,239],"floor_reached":13,"language":"ZHS","playtime":863,"items_purged":[],"score":174,"play_id":"50bf2617-c27c-4a3f-858e-e018f41d23ef","local_time":"20210127112356","is_ascension_mode":true,"campfire_choices":[{"data":"Replay:Sssssssssshield","floor":7.0,"key":"SMITH"}],"circlet_count":0,"master_deck":["AscendersBane","Strike_R","Strike_R","Strike_R","Strike_R","Strike_R","Defend_R","Defend_R","Defend_R","Defend_R","Bash","Replay:Sssssssssshield+1","Pommel Strike","Dual Wield","Impervious","Run Through","Inflame","ReplayTheSpireMod:Muscle Training","infinitespire:OneForAll"],"relics":["Burning Blood","WarpedTongs","hubris:CrystalStatue","aspiration:BabyByrd","aspiration:HiddenCompartment"],"acts_visited":["Exordium"],"potions_floor_usage":[13],"damage_taken":[{"damage":11.0,"enemies":"Jaw Worm","floor":1.0,"turns":4.0},{"damage":2.0,"enemies":"Cultist","floor":3.0,"turns":3.0},{"damage":1.0,"enemies":"2 Louse","floor":4.0,"turns":2.0},{"damage":14.0,"enemies":"Blue Slaver","floor":5.0,"turns":4.0},{"damage":32.0,"enemies":"Gremlin Gang","floor":6.0,"turns":5.0},{"damage":37.0,"enemies":"Lagavulin","floor":8.0,"turns":7.0},{"damage":1,"enemies":"2 Fungi Beasts","floor":11,"turns":3},{"damage":16,"enemies":"3 Sentries","floor":13,"turns":2}],"seed_played":"501288967289954745","potions_obtained":[{"floor":3.0,"key":"UndeadPotion"},{"floor":5.0,"key":"GamblersBrew"},{"floor":8.0,"key":"PowerPotion"}],"is_trial":false,"path_per_floor":["M","?","M","M","M","M","R","E","?","T","M","?","E"],"character_chosen":"IRONCLAD","items_purchased":["Replay:Sssssssssshield"],"campfire_rested":0,"item_purchase_floors":[0],"current_hp_per_floor":[63,63,67,72,64,38,38,7,7,7,12,12,0,0],"gold":239,"neow_bonus":"","is_daily":false,"chose_seed":false,"campfire_upgraded":1,"win_rate":0.0,"timestamp":1611714236,"path_taken":["M","?","M","?","M","M","R","E","?","T","M","?","E"],"items_purchased_type":["Card"],"build_version":"2020-12-22","purchased_purges":0,"victory":false,"max_hp_per_floor":[75,75,75,75,75,75,75,65,65,65,65,65,65,65],"card_choices":[{"not_picked":["Blood for Blood","Body Slam"],"picked":"Pommel Strike","floor":1.0},{"not_picked":["Sword Boomerang","Thunderclap"],"picked":"Dual Wield","floor":3.0},{"not_picked":["ReplayReversal","Heavy Blade"],"picked":"Impervious","floor":4.0},{"not_picked":["Perfected Strike","Clothesline"],"picked":"Run Through","floor":5.0},{"not_picked":["Sentinel","ReplayTheSpireMod:Strike From Hell"],"picked":"Inflame","floor":6.0},{"not_picked":["Replay:Undeath\u0027s Touch","Run Through"],"picked":"ReplayTheSpireMod:Muscle Training","floor":8.0},{"not_picked":["Clash","Feel No Pain"],"picked":"infinitespire:OneForAll","floor":11}],"player_experience":1025462,"relics_obtained":[{"floor":8.0,"key":"hubris:CrystalStatue"},{"floor":10,"key":"aspiration:HiddenCompartment"}],"event_choices":[{"damage_healed":0.0,"max_hp_gain":0.0,"max_hp_loss":0.0,"gold_gain":0.0,"event_name":"Accursed Blacksmith","player_choice":"Rummage","floor":2.0,"gold_loss":0.0,"damage_taken":0.0,"relics_obtained":["WarpedTongs"],"cards_obtained":["Pain"]},{"cards_removed":["Pain"],"damage_healed":0,"gold_gain":0,"player_choice":"Forget","damage_taken":0,"max_hp_gain":0,"max_hp_loss":0,"event_name":"Living Wall","floor":12,"gold_loss":0}],"is_beta":false,"boss_relics":[],"items_purged_floors":[],"is_endless":false,"potions_floor_spawned":[3,5,8],"killed_by":"3 Sentries","ascension_level":20}}