{"host":"7nivcca86uhzq8pw","time":1611719948,"event":{"mods":["BaseMod","Better Altar","Better Skull","Better Third Choice","Downfall","Gremlin Mod","Hermit","Minty Spire (QoL Compilation)","RRrroohrrRGHHhhh!!","Spicy Shops","StSLib","The Cursed"],"gold_per_floor":[99,99,114,127,37,37,37,37,55,90,110,125,141,126,137,137,137,137],"floor_reached":16,"language":"ENG","playtime":1391,"items_purged":["Pain"],"score":104,"play_id":"bb4bed46-1f20-4579-86e1-1706424202eb","local_time":"20210127005908","is_ascension_mode":false,"campfire_choices":[{"data":"bronze:Goto","floor":1.0,"key":"SMITH"},{"floor":6.0,"key":"RECALL"}],"circlet_count":0,"master_deck":["bronze:Strike","bronze:Strike","bronze:Defend","bronze:Defend","bronze:Defend","bronze:Replicate","bronze:Goto+1","bronze:Iterate","bronze:Branch","bronze:Branch","Pain","bronze:RecursiveStrike","bronze:FineTuning","bronze:Allocate","bronze:Boost","bronze:ChildClass","bronze:Shell","bronze:ChosenStrike"],"relics":["bronze:BronzeCore","WarpedTongs","Question Card","Anchor"],"acts_visited":[],"potions_floor_usage":[],"damage_taken":[{"damage":10.0,"enemies":"Jaw Worm","floor":3.0,"turns":5.0},{"damage":2.0,"enemies":"Cultist","floor":4.0,"turns":3.0},{"damage":3.0,"enemies":"downfall:FleeingMerchant","floor":5.0,"turns":4.0},{"damage":1.0,"enemies":"2 Louse","floor":9.0,"turns":3.0},{"damage":11.0,"enemies":"3 Sentries","floor":10.0,"turns":4.0},{"damage":3.0,"enemies":"Red Slaver","floor":11.0,"turns":2.0},{"damage":8.0,"enemies":"Exordium Thugs","floor":12.0,"turns":4.0},{"damage":3.0,"enemies":"Large Slime","floor":13.0,"turns":5.0},{"damage":12.0,"enemies":"downfall:FleeingMerchant","floor":14.0,"turns":4.0},{"damage":6.0,"enemies":"2 Fungi Beasts","floor":15.0,"turns":6.0},{"damage":0,"enemies":"SI_SHIV_ARCHETYPE","floor":16,"turns":1}],"seed_played":"8559242487239253491","potions_obtained":[{"floor":3.0,"key":"PowerPotion"},{"floor":4.0,"key":"Ancient Potion"},{"floor":10.0,"key":"EntropicBrew"},{"floor":11.0,"key":"LiquidBronze"}],"is_trial":false,"path_per_floor":["R","?","M","M","$","R","T","?","M","E","M","M","M","$","M","B"],"character_chosen":"THE_AUTOMATON","items_purchased":[],"campfire_rested":0,"item_purchase_floors":[],"current_hp_per_floor":[77,77,67,65,62,62,62,62,61,50,47,39,36,24,18,18,18,18],"gold":137,"neow_bonus":"TEN_PERCENT_HP_BONUS","is_daily":false,"chose_seed":false,"campfire_upgraded":1,"win_rate":0.0,"timestamp":1611719948,"path_taken":["R","?","?","M","$","R","T","?","M","E","M","?","M","?","M","BOSS"],"items_purchased_type":[],"build_version":"2020-12-22","purchased_purges":1,"victory":false,"max_hp_per_floor":[77,77,77,77,77,77,77,77,77,77,77,77,77,77,77,77,77,77],"card_choices":[{"not_picked":["bronze:CloningBeam","bronze:NullPointer"],"picked":"bronze:Iterate","floor":3.0},{"not_picked":["bronze:DelayedGuard","bronze:BuggyMess"],"picked":"bronze:Branch","floor":4.0},{"not_picked":["bronze:Turbo","bronze:Iterate"],"picked":"bronze:Branch","floor":5.0},{"not_picked":["bronze:FollowUp","bronze:CloningBeam","bronze:Invalidate"],"picked":"bronze:RecursiveStrike","floor":9.0},{"not_picked":["bronze:Flail","bronze:BronzeArmor","bronze:WhirlingStrike"],"picked":"bronze:FineTuning","floor":10.0},{"not_picked":["bronze:CloningBeam","bronze:WildBeam","bronze:Branch"],"picked":"bronze:Allocate","floor":11.0},{"not_picked":["bronze:Iterate","bronze:Branch","bronze:Overheat"],"picked":"bronze:Boost","floor":12.0},{"not_picked":["bronze:Philosophize","bronze:Verify","bronze:CutThrough"],"picked":"bronze:ChildClass","floor":13.0},{"not_picked":["bronze:CloningBeam","bronze:BitShift","bronze:Deprecate"],"picked":"bronze:Shell","floor":14.0},{"not_picked":["bronze:Overheat","bronze:DelayedSlice","bronze:Frontload"],"picked":"bronze:ChosenStrike","floor":15.0}],"player_experience":255539,"relics_obtained":[{"floor":7.0,"key":"Question Card"},{"floor":10.0,"key":"Anchor"}],"event_choices":[],"is_beta":false,"boss_relics":[],"items_purged_floors":[5],"is_endless":false,"potions_floor_spawned":[3,4,10,11,15],"killed_by":"SI_SHIV_ARCHETYPE","ascension_level":0}}