{"host":"jx3f6ezc0g3s9edc","time":1611714219,"event":{"mods":["AchievementEnabler","BaseMod","Bestiary","Colored Map","Highlight Path","Minty Spire (QoL Compilation)","StSLib"],"gold_per_floor":[109,34,51,51,69,95,95,129,129,129,141,196,196,207,207,309,309,324,324,338,351,49,74,74,74,128,162,162,193,193,44,44,149,149,168,168,181,181,200,200,230,244,244,89,89,116,140,157,157,157],"floor_reached":51,"language":"ENG","playtime":4671,"items_purged":["Strike_B","Strike_B"],"score":962,"play_id":"27f4bf18-d488-4b9f-b714-c9936f08680f","local_time":"20210126212339","is_ascension_mode":true,"campfire_choices":[{"data":"Dualcast","floor":7.0,"key":"SMITH"},{"data":"Self Repair","floor":10.0,"key":"SMITH"},{"data":"Go for the Eyes","floor":13.0,"key":"SMITH"},{"floor":15.0,"key":"REST"},{"data":"Defragment","floor":24.0,"key":"SMITH"},{"data":"Buffer","floor":28.0,"key":"SMITH"},{"data":"Conserve Battery","floor":30.0,"key":"SMITH"},{"data":"Zap","floor":32.0,"key":"SMITH"},{"data":"Buffer","floor":40.0,"key":"SMITH"},{"data":"Conserve Battery","floor":45.0,"key":"SMITH"},{"data":"Force Field","floor":49,"key":"SMITH"}],"circlet_count":0,"master_deck":["Strike_B","Strike_B","Defend_B","Defend_B","Defend_B","Defend_B","Zap+1","Dualcast+1","Flash of Steel","Self Repair+1","Tempest","Streamline","Cold Snap","Ball Lightning","Go for the Eyes+1","Cold Snap","Machine Learning","Darkness+1","Conserve Battery+1","Conserve Battery+1","Defragment+1","Buffer+1","Buffer+1","Blind","Force Field+1","White Noise+1","Glacier+1","Parasite","Electrodynamics"],"relics":["Cracked Core","Singing Bowl","Girya","Ice Cream","Potion Belt","Nuclear Battery","Toy Ornithopter","Art of War","Tiny Chest","Eternal Feather","Ancient Tea Set","SlaversCollar","White Beast Statue","InkBottle","HornCleat","Lee\u0027s Waffle","PreservedInsect","Bag of Marbles"],"acts_visited":["Exordium","TheCity","TheBeyond"],"potions_floor_usage":[50,50,50,50,50],"damage_taken":[{"damage":1.0,"enemies":"Cultist","floor":1.0,"turns":3.0},{"damage":0.0,"enemies":"2 Louse","floor":3.0,"turns":4.0},{"damage":4.0,"enemies":"Jaw Worm","floor":5.0,"turns":4.0},{"damage":30.0,"enemies":"Lagavulin","floor":6.0,"turns":5.0},{"damage":22.0,"enemies":"Gremlin Nob","floor":8.0,"turns":4.0},{"damage":9.0,"enemies":"Blue Slaver","floor":11.0,"turns":4.0},{"damage":10.0,"enemies":"Exordium Thugs","floor":14.0,"turns":5.0},{"damage":15.0,"enemies":"Hexaghost","floor":16.0,"turns":10.0},{"damage":33.0,"enemies":"2 Thieves","floor":18.0,"turns":4.0},{"damage":5.0,"enemies":"Chosen","floor":20.0,"turns":3.0},{"damage":35.0,"enemies":"Snake Plant","floor":21.0,"turns":5.0},{"damage":17.0,"enemies":"Gremlin Leader","floor":23.0,"turns":6.0},{"damage":58.0,"enemies":"Slavers","floor":27.0,"turns":5.0},{"damage":15.0,"enemies":"Book of Stabbing","floor":29.0,"turns":4.0},{"damage":29.0,"enemies":"Automaton","floor":33.0,"turns":9.0},{"damage":9.0,"enemies":"3 Shapes","floor":35.0,"turns":4.0},{"damage":0.0,"enemies":"Orb Walker","floor":37.0,"turns":5.0},{"damage":21.0,"enemies":"Sphere and 2 Shapes","floor":39.0,"turns":8.0},{"damage":71.0,"enemies":"Reptomancer","floor":41.0,"turns":5.0},{"damage":9.0,"enemies":"Writhing Mass","floor":42.0,"turns":9.0},{"damage":17.0,"enemies":"Nemesis","floor":46.0,"turns":11.0},{"damage":0,"enemies":"4 Shapes","floor":48,"turns":3},{"damage":35,"enemies":"Awakened One","floor":50,"turns":16}],"seed_played":"9201986880248577788","potions_obtained":[{"floor":5.0,"key":"Swift Potion"},{"floor":6.0,"key":"Weak Potion"},{"floor":14.0,"key":"PowerPotion"},{"floor":18.0,"key":"ColorlessPotion"},{"floor":21.0,"key":"Weak Potion"},{"floor":27.0,"key":"BlessingOfTheForge"},{"floor":35.0,"key":"Strength Potion"},{"floor":39.0,"key":"Block Potion"},{"floor":41.0,"key":"AttackPotion"},{"floor":42.0,"key":"PowerPotion"},{"floor":46.0,"key":"PotionOfCapacity"},{"floor":48,"key":"ColorlessPotion"}],"is_trial":false,"path_per_floor":["M","$","M","$","M","E","R","E","T","R","M","T","R","M","R","B",null,"M","?","M","M","$","E","R","?","T","E","R","E","R","$","R","B",null,"M","?","M","T","M","R","E","M","T","$","R","E","T","M","R","B",null],"character_chosen":"DEFECT","items_purchased":["Toy Ornithopter","EntropicBrew","Conserve Battery","FocusPotion","Lee\u0027s Waffle"],"campfire_rested":1,"item_purchase_floors":[22,22,22,31,44],"current_hp_per_floor":[67,67,74,74,75,52,52,37,37,37,38,38,38,38,60,55,70,47,47,52,29,29,42,42,42,42,23,35,32,44,44,56,47,71,74,74,81,81,70,81,20,23,23,90,90,83,83,92,92,77],"gold":157,"neow_bonus":"RANDOM_COLORLESS","is_daily":false,"chose_seed":false,"campfire_upgraded":10,"win_rate":0.0,"timestamp":1611714219,"path_taken":["M","?","M","$","M","E","R","E","T","R","M","?","R","M","R","BOSS","M","?","M","M","$","E","R","?","T","E","R","E","R","$","R","BOSS","M","?","M","?","M","R","E","M","T","?","R","E","?","M","R","BOSS"],"items_purchased_type":["Relic","Potion","Card","Potion","Relic"],"build_version":"2020-12-22","purchased_purges":2,"victory":true,"max_hp_per_floor":[75,75,75,75,75,75,75,75,75,75,75,75,75,75,75,75,75,75,75,75,77,77,77,77,77,77,77,77,79,79,79,79,79,79,81,81,81,81,81,81,81,83,83,90,90,90,90,92,92,92],"card_choices":[{"not_picked":["Blind","Discovery"],"picked":"Flash of Steel","floor":0.0},{"not_picked":["Stack","Coolheaded"],"picked":"Self Repair","floor":1.0},{"not_picked":["Compile Driver","Steam"],"picked":"Tempest","floor":3.0},{"not_picked":["Leap","Buffer"],"picked":"Streamline","floor":5.0},{"not_picked":["Rebound","Scrape"],"picked":"Cold Snap","floor":6.0},{"not_picked":["Sweeping Beam","Streamline"],"picked":"Ball Lightning","floor":8.0},{"not_picked":["Ball Lightning","Gash"],"picked":"Go for the Eyes","floor":11.0},{"not_picked":["Scrape","BootSequence"],"picked":"Cold Snap","floor":14.0},{"not_picked":["Amplify","All For One"],"picked":"Machine Learning","floor":16.0},{"not_picked":["Sweeping Beam","Storm"],"picked":"Darkness+1","floor":18.0},{"not_picked":["Skim+1","Capacitor"],"picked":"Conserve Battery","floor":20.0},{"not_picked":["Auto Shields","Undo+1","Streamline"],"picked":"Singing Bowl","floor":21.0},{"not_picked":["Steam","Hologram"],"picked":"Defragment","floor":23.0},{"not_picked":["FTL","Streamline+1"],"picked":"Buffer","floor":27.0},{"not_picked":["Darkness","Coolheaded","Sweeping Beam"],"picked":"Singing Bowl","floor":29.0},{"not_picked":["All For One","Hyperbeam"],"picked":"Buffer","floor":33.0},{"not_picked":["Chill","Barrage","Coolheaded"],"picked":"Singing Bowl","floor":35.0},{"not_picked":["HandOfGreed","Mind Blast"],"picked":"Blind","floor":36.0},{"not_picked":["Go for the Eyes+1","Compile Driver+1"],"picked":"Force Field","floor":37.0},{"not_picked":["Loop","Skim+1"],"picked":"White Noise+1","floor":39.0},{"not_picked":["Heatsinks","Blizzard"],"picked":"Glacier+1","floor":41.0},{"not_picked":["Steam+1","Undo+1","Gash"],"picked":"Singing Bowl","floor":42.0},{"not_picked":["Fusion","Steam+1"],"picked":"Electrodynamics","floor":46.0},{"not_picked":["Conserve Battery+1","Sweeping Beam","Compile Driver"],"picked":"Singing Bowl","floor":48}],"player_experience":774619,"relics_obtained":[{"floor":6.0,"key":"Singing Bowl"},{"floor":8.0,"key":"Girya"},{"floor":9.0,"key":"Ice Cream"},{"floor":12.0,"key":"Potion Belt"},{"floor":23.0,"key":"Art of War"},{"floor":26.0,"key":"Tiny Chest"},{"floor":27.0,"key":"Eternal Feather"},{"floor":29.0,"key":"Ancient Tea Set"},{"floor":38.0,"key":"White Beast Statue"},{"floor":41.0,"key":"InkBottle"},{"floor":43.0,"key":"HornCleat"},{"floor":46.0,"key":"PreservedInsect"},{"floor":47.0,"key":"Bag of Marbles"}],"event_choices":[{"damage_healed":0.0,"max_hp_gain":0.0,"max_hp_loss":0.0,"gold_gain":0.0,"event_name":"Ghosts","player_choice":"Ignored","floor":19.0,"gold_loss":0.0,"damage_taken":0.0},{"damage_healed":0.0,"max_hp_gain":0.0,"max_hp_loss":0.0,"gold_gain":0.0,"event_name":"SensoryStone","player_choice":"Memory 1","floor":36.0,"gold_loss":0.0,"damage_taken":0.0}],"is_beta":false,"boss_relics":[{"not_picked":["Philosopher\u0027s Stone","Empty Cage"],"picked":"Nuclear Battery"},{"not_picked":["Velvet Choker","Inserter"],"picked":"SlaversCollar"}],"items_purged_floors":[2,31],"is_endless":false,"potions_floor_spawned":[5,6,14,18,21,27,35,39,41,42,46,48],"ascension_level":6}}