{"host":"l4kdldlios54gl54","time":1611721394,"event":{"mods":["AchievementEnabler","BaseMod","Colored Map","Colored Powertips","Minty Spire (QoL Compilation)","Random Character Button"],"gold_per_floor":[112,122,141,141,161,161,188,198,198,198,198,198,198,66,66,162,162,176,17,17,31,31,54,54,1,1,1,1,14,30,30,30],"floor_reached":31,"language":"ENG","playtime":926,"items_purged":["Parasite","Strike_R"],"score":470,"play_id":"2e1737d3-8888-4204-bdad-de22a355ed40","local_time":"20210127052314","is_ascension_mode":true,"campfire_choices":[{"data":"Clothesline","floor":6,"key":"SMITH"},{"data":"Demon Form","floor":13,"key":"SMITH"},{"data":"Cleave","floor":15,"key":"SMITH"},{"floor":28,"key":"REST"}],"circlet_count":0,"master_deck":["AscendersBane","Strike_R+1","Defend_R+1","Defend_R+1","Defend_R+1","Defend_R+1","Bash","Clothesline+1","Cleave+1","Demon Form+1","Shrug It Off","Brutality","True Grit","Heavy Blade","Rupture","Impervious"],"relics":["Burning Blood","Red Skull","Anchor","Boot","Golden Idol","SlaversCollar","Bird Faced Urn"],"acts_visited":["Exordium","TheCity"],"potions_floor_usage":[16,21,31],"damage_taken":[{"damage":7,"enemies":"Jaw Worm","floor":1,"turns":5},{"damage":0,"enemies":"Cultist","floor":2,"turns":4},{"damage":4,"enemies":"Small Slimes","floor":3,"turns":4},{"damage":12,"enemies":"Looter","floor":5,"turns":3},{"damage":24,"enemies":"Gremlin Nob","floor":7,"turns":4},{"damage":19,"enemies":"Large Slime","floor":8,"turns":8},{"damage":42,"enemies":"Slime Boss","floor":16,"turns":9},{"damage":22,"enemies":"Shell Parasite","floor":18,"turns":7},{"damage":7,"enemies":"3 Byrds","floor":21,"turns":7},{"damage":16,"enemies":"Snake Plant","floor":23,"turns":4},{"damage":2,"enemies":"Snecko","floor":29,"turns":5},{"damage":34,"enemies":"Cultist and Chosen","floor":30,"turns":7},{"damage":39,"enemies":"Chosen and Byrds","floor":31,"turns":4}],"seed_played":"-8663413933567044685","potions_obtained":[{"floor":2,"key":"GamblersBrew"},{"floor":5,"key":"ColorlessPotion"},{"floor":7,"key":"HeartOfIron"},{"floor":18,"key":"SteroidPotion"}],"is_trial":false,"path_per_floor":["M","M","M","?","M","R","E","M","T","?","?","?","R","$","R","B",null,"M","$","?","M","$","M","?","$","T","?","R","M","M","M"],"character_chosen":"IRONCLAD","items_purchased":["Shrug It Off","True Grit","Dexterity Potion"],"campfire_rested":1,"item_purchase_floors":[14,19,25],"current_hp_per_floor":[67,73,75,75,69,69,51,38,38,38,38,55,55,55,55,19,54,38,38,38,37,37,27,27,27,27,27,46,54,30,0,0],"gold":30,"neow_bonus":"REMOVE_CARD","is_daily":false,"chose_seed":false,"campfire_upgraded":3,"win_rate":0.0,"timestamp":1611721394,"path_taken":["M","M","M","?","?","R","E","M","T","?","?","?","R","?","R","BOSS","M","$","?","M","$","M","?","$","T","?","R","M","M","M"],"items_purchased_type":["Card","Card","Potion"],"build_version":"2020-12-22","purchased_purges":2,"victory":false,"max_hp_per_floor":[75,75,75,75,75,75,75,75,75,75,68,68,68,65,65,65,65,65,65,65,65,65,65,65,65,65,65,65,65,65,65,65],"card_choices":[{"not_picked":["Body Slam","Warcry"],"picked":"Clothesline","floor":1},{"not_picked":["Warcry","Clothesline"],"picked":"Cleave","floor":2},{"not_picked":["Carnage","Heavy Blade","Headbutt"],"picked":"SKIP","floor":3},{"not_picked":["Body Slam","Pommel Strike","Twin Strike"],"picked":"SKIP","floor":5},{"not_picked":["Metallicize","Intimidate"],"picked":"Demon Form","floor":7},{"not_picked":["Clash","Clothesline","Metallicize"],"picked":"SKIP","floor":8},{"not_picked":["Berserk","Corruption"],"picked":"Brutality","floor":16},{"not_picked":["Sever Soul","Feel No Pain","Perfected Strike"],"picked":"SKIP","floor":18},{"not_picked":["Warcry","True Grit"],"picked":"Heavy Blade","floor":21},{"not_picked":["Clothesline","Barricade","Body Slam"],"picked":"SKIP","floor":23},{"not_picked":["Sword Boomerang","Sever Soul","Headbutt"],"picked":"SKIP","floor":29},{"not_picked":["Clash","Perfected Strike","Heavy Blade"],"picked":"SKIP","floor":30}],"player_experience":894569,"relics_obtained":[{"floor":4,"key":"Red Skull"},{"floor":7,"key":"Anchor"},{"floor":9,"key":"Boot"},{"floor":26,"key":"Bird Faced Urn"}],"event_choices":[{"damage_healed":0,"gold_gain":0,"player_choice":"Relic","damage_taken":0,"max_hp_gain":0,"max_hp_loss":0,"event_name":"Wheel of Change","floor":4,"gold_loss":0},{"damage_healed":0,"gold_gain":0,"player_choice":"Searched \u00270\u0027 times","damage_taken":0,"max_hp_gain":0,"max_hp_loss":0,"event_name":"Dead Adventurer","floor":10,"gold_loss":0},{"damage_healed":0,"gold_gain":0,"player_choice":"Lose Max HP","damage_taken":0,"relics_obtained":["Golden Idol"],"max_hp_gain":0,"max_hp_loss":7,"event_name":"Golden Idol","floor":11,"gold_loss":0},{"damage_healed":17,"gold_gain":0,"player_choice":"Healed and dodged fight","damage_taken":0,"max_hp_gain":0,"max_hp_loss":0,"event_name":"Mushrooms","floor":12,"gold_loss":0,"cards_obtained":["Parasite"]},{"damage_healed":0,"gold_gain":0,"player_choice":"Simplicity","damage_taken":0,"max_hp_gain":0,"max_hp_loss":0,"event_name":"Back to Basics","floor":20,"gold_loss":0,"cards_upgraded":["Strike_R","Strike_R","Strike_R","Defend_R","Defend_R","Defend_R","Defend_R"]},{"damage_healed":0,"gold_gain":0,"player_choice":"Ignored","damage_taken":0,"max_hp_gain":0,"max_hp_loss":0,"event_name":"Cursed Tome","floor":24,"gold_loss":0},{"damage_healed":0,"gold_gain":0,"cards_transformed":["Strike_R","Strike_R"],"player_choice":"Became Test Subject","damage_taken":0,"max_hp_gain":0,"max_hp_loss":0,"event_name":"Drug Dealer","floor":27,"gold_loss":0,"cards_obtained":["Rupture","Impervious"]}],"is_beta":false,"boss_relics":[{"not_picked":["Astrolabe","SacredBark"],"picked":"SlaversCollar"}],"items_purged_floors":[14,19],"is_endless":false,"potions_floor_spawned":[2,5,7,18,30],"killed_by":"Chosen and Byrds","ascension_level":20}}