{"host":"4kmvpqjeiacgn1pr","time":1611707143,"event":{"mods":["AchievementEnabler","BaseMod","Better Altar","Better Match","Better Note","Better Sensory Stone","Better Skull","Better Third Choice","Colored Map","Colored Powertips","Curses Come First","Highlight Path","Minty Spire (QoL Compilation)","Permanent Neow","Rare Cards Sparkle","Replay The Spire","Spicy Shops","StSLib"],"gold_per_floor":[109,128,3,3,3,3,3,3,56,89,99,124,9,35,35,139,139,152,72,12,27,27,61,71,71,71],"floor_reached":25,"language":"ENG","playtime":1756,"items_purged":["Strike_R"],"score":299,"play_id":"11bc6379-1774-40b4-a118-d9adb71a0559","local_time":"20210126192543","is_ascension_mode":true,"campfire_choices":[{"data":"Immolate","floor":6,"key":"SMITH"},{"data":"Apotheosis","floor":15,"key":"SMITH"}],"circlet_count":0,"master_deck":["Bash","Immolate+1","Havoc","Clash+1","Brilliance+1","ReplayReversal","Dark Embrace","Apotheosis+1","ReplayTheSpireMod:IOU","Feed","Feed","ReplayTheSpireMod:Limb From Limb","Immolate","Fire Breathing","Burning Pact","Abandon","Spot Weakness","Brutality","True Grit","Reckless Charge","Intimidate","Combust","Replay:Undeath\u0027s Touch+1"],"relics":["Burning Blood","Replay:Accelerometer","Blue Doll","Chameleon Ring","Replay:Rubber Ducky","Replay:Wax Seal","Replay:Towering Pillar of Hats","Membership Card","Lizard Tail","Toolbox","ReplayTheSpireMod:TigerMarble","Bottled Flame","Pandora\u0027s Box","ReplayTheSpireMod:Shallot","Omamori"],"acts_visited":["Exordium","TheCity"],"potions_floor_usage":[12,16,18,25,25],"damage_taken":[{"damage":0,"enemies":"Cultist","floor":1,"turns":2},{"damage":7,"enemies":"Jaw Worm","floor":2,"turns":2},{"damage":15,"enemies":"3 Sentries","floor":10,"turns":5},{"damage":0,"enemies":"Small Slimes","floor":11,"turns":2},{"damage":22,"enemies":"Lagavulin","floor":12,"turns":6},{"damage":10,"enemies":"Gremlin Nob","floor":14,"turns":3},{"damage":51,"enemies":"Fading Forest","floor":16,"turns":12},{"damage":10,"enemies":"2 Thieves","floor":18,"turns":2},{"damage":15,"enemies":"Shell Parasite","floor":19,"turns":3},{"damage":12,"enemies":"Shelled Parasite and Fungi","floor":21,"turns":4},{"damage":24,"enemies":"Slavers","floor":23,"turns":3},{"damage":12,"enemies":"Snake Plant","floor":24,"turns":3},{"damage":65,"enemies":"Book of Stabbing","floor":25,"turns":4}],"seed_played":"3532861449276085533","potions_obtained":[{"floor":2,"key":"PowerPotion"},{"floor":12,"key":"PowerPotion"},{"floor":16,"key":"Fire Potion"},{"floor":19,"key":"Elixir"},{"floor":23,"key":"BloodPotion"}],"is_trial":false,"path_per_floor":["M","M","$","?","?","R","T","?","T","E","M","E","$","E","R","B",null,"M","M","?","M","T","E","M","E"],"character_chosen":"IRONCLAD","items_purchased":["Replay:Accelerometer","Membership Card","Lizard Tail","Apotheosis","Feed","Toolbox","ReplayTheSpireMod:TigerMarble"],"campfire_rested":0,"item_purchase_floors":[3,13,13,13,13,13,13],"current_hp_per_floor":[72,71,71,71,62,62,62,62,62,53,59,43,43,39,39,42,65,61,52,52,50,50,40,38,0,0],"gold":71,"neow_bonus":"THREE_RARE_CARDS","is_daily":false,"chose_seed":false,"campfire_upgraded":2,"win_rate":0.0,"timestamp":1611707143,"path_taken":["M","M","?","?","?","R","?","?","T","E","?","E","$","E","R","BOSS","M","M","?","M","?","E","?","E"],"items_purchased_type":["Relic","Relic","Relic","Card","Card","Relic","Relic"],"build_version":"2020-12-22","purchased_purges":1,"victory":false,"max_hp_per_floor":[72,72,72,72,72,72,72,72,72,72,72,72,72,72,72,72,72,72,72,72,76,76,84,88,88,88],"card_choices":[{"not_picked":["Eclipse","Demon Form"],"picked":"Immolate","floor":0},{"not_picked":["Whirlwind","Twin Strike"],"picked":"Havoc","floor":1},{"not_picked":["Pommel Strike","Wild Strike"],"picked":"Clash","floor":2},{"not_picked":["Clash","True Grit"],"picked":"ReplayReversal","floor":10},{"not_picked":["Sword Boomerang","Clothesline","Thunderclap"],"picked":"SKIP","floor":11},{"not_picked":["Power Through","Thunderclap"],"picked":"Dark Embrace","floor":12},{"not_picked":["Dropkick","Fiend Fire"],"picked":"ReplayTheSpireMod:Limb From Limb","floor":14},{"not_picked":["Offering","Fiend Fire"],"picked":"Immolate","floor":16},{"not_picked":["Sever Soul+1","Shrug It Off+1","Power Through+1"],"picked":"SKIP","floor":18},{"not_picked":["Armaments","Warcry"],"picked":"Intimidate","floor":19},{"not_picked":["Iron Wave+1","Clothesline"],"picked":"Combust","floor":21},{"not_picked":["Clash","Thunderclap"],"picked":"Replay:Undeath\u0027s Touch+1","floor":23},{"not_picked":["Shrug It Off","Replay:Undeath\u0027s Touch","Clothesline"],"picked":"SKIP","floor":24}],"player_experience":353969,"relics_obtained":[{"floor":7,"key":"Chameleon Ring"},{"floor":9,"key":"Replay:Rubber Ducky"},{"floor":10,"key":"Replay:Wax Seal"},{"floor":12,"key":"Replay:Towering Pillar of Hats"},{"floor":14,"key":"Bottled Flame"},{"floor":22,"key":"ReplayTheSpireMod:Shallot"},{"floor":23,"key":"Omamori"}],"event_choices":[{"cards_removed":["Strike_R"],"damage_healed":0,"gold_gain":0,"player_choice":"Offered Basic","damage_taken":0,"max_hp_gain":0,"max_hp_loss":0,"event_name":"Bonfire Elementals","floor":8,"gold_loss":0}],"is_beta":false,"boss_relics":[{"not_picked":["Black Star","Snecko Eye"],"picked":"Pandora\u0027s Box"}],"items_purged_floors":[13],"is_endless":false,"potions_floor_spawned":[2,12,16,19,23,24],"killed_by":"Book of Stabbing","ascension_level":5}}