{"host":"9eojso4kl4lidi9b","time":1611778807,"event":{"mods":["BaseMod","Beaked The Cultist","Better Skull","Colored Map","Colored Powertips","Conspire","Downfall","GifTheSpireLib","Minty Spire (QoL Compilation)","Random Character Button","Small Relic Pack","StSLib","Stuff the Spire","The Blackbeard","The Necromancer","The Poker Player","The Wild Card","Trackpad","Unceasing Turn Reminder","Yuri Mod"],"gold_per_floor":[114,189,204,204,219,219,234,234,234,309,309,191,206,221,221,321,371,386,586,601,581,596,596,611,182,182,197,197,212,127,127,127,227,227,242,257,272,272,272,272,272],"floor_reached":40,"language":"ENG","playtime":1630,"items_purged":[],"score":430,"play_id":"4e2f328d-d3c0-4a77-afbc-cb5760e93a39","local_time":"20210127142007","daily_mods":["SealedDeck","Green Cards","Lethality"],"is_ascension_mode":false,"campfire_choices":[{"floor":6,"key":"REST"},{"data":"Dodge and Roll","floor":15,"key":"SMITH"},{"floor":23,"key":"REST"},{"floor":28,"key":"REST"},{"floor":32,"key":"REST"}],"circlet_count":0,"master_deck":["Blur","Clothesline+1","Poisoned Stab","Infernal Blade","Pummel","Sword Boomerang","Shrug It Off","Dodge and Roll+1","StuffTheSpire:Injection","Cleave","Perfected Strike","Dagger Spray","Uppercut+1","StuffTheSpire:Incineration","PokerPlayerMod:Club2","PokerPlayerMod:Club3","PokerPlayerMod:Club4","PokerPlayerMod:Club5","PokerPlayerMod:Club6","Deflect","Escape Plan","Dagger Throw","Thunderclap","Limit Break","Skewer","Warcry+1","Deadly Poison+1","Cloak And Dagger+1","Dagger Throw","Sucker Punch","Shrug It Off","Infinite Blades","Prepared","Jack Of All Trades","Flying Knee","Ghostly Armor+1","Bash","Immolate","relicPack:ZaWorld","Heavy Blade+1","Caltrops+1"],"relics":["Burning Blood","trackpad:Compendium","Omamori","bronze:BronzeIdol","Tiny House","relicPack:SpireResearchBook","Regal Pillow","Torii","relicPack:StarArrow"],"acts_visited":["Exordium","TheCity","TheBeyond"],"potions_floor_usage":[17,22,27,33,40],"damage_taken":[{"damage":0,"enemies":"2 Louse","floor":1,"turns":2},{"damage":0,"enemies":"Small Slimes","floor":3,"turns":1},{"damage":0,"enemies":"Cultist","floor":5,"turns":1},{"damage":3,"enemies":"Large Slime","floor":7,"turns":3},{"damage":0,"enemies":"Looter","floor":13,"turns":2},{"damage":0,"enemies":"2 Fungi Beasts","floor":14,"turns":2},{"damage":15,"enemies":"Slime Boss","floor":16,"turns":6},{"damage":29,"enemies":"conspire:FuzzyDice","floor":18,"turns":3},{"damage":12,"enemies":"Chosen","floor":20,"turns":3},{"damage":32,"enemies":"Centurion and Healer","floor":22,"turns":5},{"damage":41,"enemies":"Snake Plant","floor":24,"turns":4},{"damage":18,"enemies":"Snecko","floor":27,"turns":3},{"damage":20,"enemies":"Centurion and Healer","floor":29,"turns":5},{"damage":79,"enemies":"Collector","floor":33,"turns":9},{"damage":20,"enemies":"Orb Walker","floor":35,"turns":5},{"damage":32,"enemies":"3 Shapes","floor":36,"turns":2},{"damage":20,"enemies":"Spire Growth","floor":37,"turns":3},{"damage":43,"enemies":"Giant Head","floor":40,"turns":6}],"seed_played":"-8653540479942029245","potions_obtained":[{"floor":1,"key":"FearPotion"},{"floor":3,"key":"SteroidPotion"},{"floor":17,"key":"Fruit Juice"},{"floor":20,"key":"conspire:TimeTravelPotion"},{"floor":22,"key":"champ:CounterPotion"},{"floor":27,"key":"Swift Potion"},{"floor":35,"key":"Ancient Potion"}],"is_trial":false,"path_per_floor":["M","?","M","?","M","R","M","?","T","?","?","$","M","M","R","B",null,"M","?","M","?","M","R","M","$","T","M","R","M","?","?","R","B",null,"M","M","M","?","?","E"],"character_chosen":"IRONCLAD","items_purchased":["Deflect","Escape Plan","relicPack:SpireResearchBook","Sucker Punch","Shrug It Off","Infinite Blades","Prepared","Jack Of All Trades"],"campfire_rested":4,"item_purchase_floors":[12,12,25,25,25,25,25,25],"current_hp_per_floor":[80,80,80,29,35,59,62,62,62,51,51,51,57,63,63,54,90,67,67,61,61,50,77,42,42,42,30,72,58,58,58,90,17,90,76,50,36,36,36,0,0],"gold":272,"neow_bonus":"","is_daily":true,"chose_seed":false,"campfire_upgraded":1,"win_rate":0.0,"timestamp":1611778807,"path_taken":["M","?","M","?","?","R","M","?","T","?","?","$","M","?","R","BOSS","M","?","?","?","M","R","M","?","T","M","R","?","?","?","R","BOSS","M","M","?","?","?","E"],"items_purchased_type":["Card","Card","Relic","Card","Card","Card","Card","Card"],"build_version":"2020-12-22","purchased_purges":0,"victory":false,"max_hp_per_floor":[80,80,80,80,80,80,80,80,80,80,80,80,80,80,80,80,90,90,90,90,90,90,90,90,90,90,90,90,90,90,90,90,90,90,90,90,90,90,90,90,90],"card_choices":[{"not_picked":["Headbutt","Fire Breathing"],"picked":"Perfected Strike","floor":1},{"not_picked":["StuffTheSpire:RockThrow","Thunderclap"],"picked":"Dagger Spray","floor":3},{"not_picked":["Choke","conspire:Charge"],"picked":"Uppercut","floor":5},{"not_picked":["Clothesline","Blade Dance"],"picked":"StuffTheSpire:Incineration","floor":7},{"not_picked":["StuffTheSpire:Incineration","Infernal Blade"],"picked":"Dagger Throw","floor":13},{"not_picked":["Dagger Throw","StuffTheSpire:Slingshot"],"picked":"Thunderclap","floor":14},{"not_picked":["Bludgeon","After Image"],"picked":"Limit Break","floor":16},{"not_picked":["Headbutt","StuffTheSpire:RockThrow"],"picked":"Skewer","floor":17},{"not_picked":["Catalyst","Deflect"],"picked":"Warcry+1","floor":18},{"not_picked":["Distraction","Rage"],"picked":"Deadly Poison+1","floor":20},{"not_picked":["Acrobatics","Havoc+1"],"picked":"Cloak And Dagger+1","floor":22},{"not_picked":["Tactician","Brutality"],"picked":"Dagger Throw","floor":24},{"not_picked":["Wild Strike","Distraction"],"picked":"Flying Knee","floor":27},{"not_picked":["Searing Blow","Battle Trance"],"picked":"Ghostly Armor+1","floor":29},{"not_picked":["Burst","Tools of the Trade"],"picked":"Immolate","floor":33},{"not_picked":["Fire Breathing","Seeing Red"],"picked":"Heavy Blade+1","floor":35},{"not_picked":["Catalyst","StuffTheSpire:Incineration+1","Warcry"],"picked":"SKIP","floor":36},{"not_picked":["conspire:Charge","StuffTheSpire:Slingshot+1"],"picked":"Caltrops+1","floor":37}],"player_experience":1082987,"relics_obtained":[{"floor":9,"key":"bronze:BronzeIdol"},{"floor":26,"key":"Regal Pillow"}],"event_choices":[{"damage_healed":0,"gold_gain":75,"player_choice":"Gained Gold","damage_taken":0,"max_hp_gain":0,"max_hp_loss":0,"event_name":"Golden Wing","floor":2,"gold_loss":0},{"damage_healed":0,"gold_gain":0,"player_choice":"RE RE UP ","damage_taken":57,"relics_obtained":["trackpad:Compendium","Omamori"],"max_hp_gain":0,"max_hp_loss":0,"event_name":"betterSkull:BetterSkull","floor":4,"gold_loss":0,"cards_upgraded":["Clothesline"]},{"damage_healed":0,"gold_gain":0,"player_choice":"Jackpot","damage_taken":0,"max_hp_gain":0,"max_hp_loss":0,"event_name":"PokerPlayerMod:ExordiumClub","floor":8,"gold_loss":0,"cards_obtained":["PokerPlayerMod:Club2","PokerPlayerMod:Club3","PokerPlayerMod:Club4","PokerPlayerMod:Club5","PokerPlayerMod:Club6"]},{"damage_healed":0,"gold_gain":0,"player_choice":"Jackpot","damage_taken":0,"max_hp_gain":0,"max_hp_loss":0,"event_name":"PokerPlayerMod:ExordiumClub","floor":8,"gold_loss":0,"cards_obtained":["PokerPlayerMod:Club2","PokerPlayerMod:Club3","PokerPlayerMod:Club4","PokerPlayerMod:Club5","PokerPlayerMod:Club6"]},{"damage_healed":0,"gold_gain":0,"player_choice":"Jackpot","damage_taken":0,"max_hp_gain":0,"max_hp_loss":0,"event_name":"PokerPlayerMod:ExordiumClub","floor":8,"gold_loss":0,"cards_obtained":["PokerPlayerMod:Club2","PokerPlayerMod:Club3","PokerPlayerMod:Club4","PokerPlayerMod:Club5","PokerPlayerMod:Club6"]},{"damage_healed":0,"gold_gain":0,"player_choice":"Jackpot","damage_taken":0,"max_hp_gain":0,"max_hp_loss":0,"event_name":"PokerPlayerMod:ExordiumClub","floor":8,"gold_loss":0,"cards_obtained":["PokerPlayerMod:Club2","PokerPlayerMod:Club3","PokerPlayerMod:Club4","PokerPlayerMod:Club5","PokerPlayerMod:Club6"]},{"damage_healed":0,"gold_gain":0,"player_choice":"Jackpot","damage_taken":0,"max_hp_gain":0,"max_hp_loss":0,"event_name":"PokerPlayerMod:ExordiumClub","floor":8,"gold_loss":0,"cards_obtained":["PokerPlayerMod:Club2","PokerPlayerMod:Club3","PokerPlayerMod:Club4","PokerPlayerMod:Club5","PokerPlayerMod:Club6"]},{"damage_healed":0,"gold_gain":75,"player_choice":"Gather Gold","damage_taken":11,"max_hp_gain":0,"max_hp_loss":0,"event_name":"World of Goop","floor":10,"gold_loss":0},{"damage_healed":0,"gold_gain":0,"player_choice":"Ignored","damage_taken":0,"max_hp_gain":0,"max_hp_loss":0,"event_name":"Purifier","floor":11,"gold_loss":0},{"damage_healed":0,"gold_gain":200,"player_choice":"Gold","damage_taken":0,"max_hp_gain":0,"max_hp_loss":0,"event_name":"Wheel of Change","floor":19,"gold_loss":0},{"damage_healed":0,"gold_gain":0,"player_choice":"Bought 1 Potion","damage_taken":0,"max_hp_gain":0,"max_hp_loss":0,"event_name":"The Woman in Blue","floor":21,"gold_loss":0},{"damage_healed":0,"gold_gain":0,"player_choice":"Obtained Relic","damage_taken":0,"relics_obtained":["Torii"],"max_hp_gain":0,"max_hp_loss":0,"event_name":"Addict","floor":30,"gold_loss":85},{"damage_healed":0,"gold_gain":0,"player_choice":"1 cards matched","damage_taken":0,"max_hp_gain":0,"max_hp_loss":0,"event_name":"Match and Keep!","floor":31,"gold_loss":0,"cards_obtained":["Bash"]},{"damage_healed":0,"gold_gain":0,"player_choice":"Leave","damage_taken":0,"max_hp_gain":0,"max_hp_loss":0,"event_name":"conspire:Investor","floor":39,"gold_loss":0}],"is_beta":false,"boss_relics":[{"not_picked":["relicPack:ShieldShield","StuffTheSpire:Kangaroo"],"picked":"Tiny House"},{"not_picked":["Runic Cube","Fusion Hammer"],"picked":"relicPack:StarArrow"}],"items_purged_floors":[],"is_endless":false,"potions_floor_spawned":[1,3,20,22,27,29,35],"killed_by":"Giant Head","ascension_level":0}}