{"host":"npaoev7ccr7c867s","time":1611783421,"event":{"mods":["AchievementEnabler","Act Like it!","Aspiration","Bard","BaseMod","Beaked The Cultist","Better Altar","Better Match","Better Note","Better Sensory Stone","Better Skull","Better Third Choice","BetterRewards","CCEM2","Clawfect","Colored Map","Conspire","Downfall","GifTheSpireLib","Googly Eyes","Halation","Hallownest","Hermit","Highlight Path","Hubris","Hunter ??","Infinite Spire","Jedi Mod","Jorbs\u0027s Wanderer Trilogy","Mad Scientist","Marisa????????","Mimic Mod","Minty Spire (QoL Compilation)","Permanent Neow","Replay The Spire","SIMod","SOS???????","Shade Mod","Shop Mod","Spicy Shops","StSLib","Stuff the Spire","The Administrix","The Animator","The Blackbeard","The Bug Knight","The Construct","The Cursed","The Disciple","The Gatherer","The Hierophant","The IronCluck","The Jungle","The Mystic","The Necromancer","The Problem Sleuth","The Runesmith","The Servant 0.9.4","The Spell Scribe","The Wild Card","The Witch","TheSurvivalist","TheVacant","Unceasing Turn Reminder","Warlord Emblem","[IsaacMod]????","everything is the same but u backflip on backflip","slay the spire mod where everything is the same but ironclad has a cowboy hat"],"gold_per_floor":[109,26,26,40,40,40,54,54,84,14,59,94,94,144,144,279,279,330,403,478,53,117,117,191,264,264,338,338,372,372,7,7,163,163,204,307,307,307,347,347,409,34,103,103,103,150,150,220,220,379,379,395,54,75,93,93,93,137,153,153,12,12,42,73,91,91,91,91,91],"floor_reached":67,"language":"ENG","playtime":5902,"items_purged":[],"score":966,"play_id":"3c2d8ffe-769b-4492-8e87-b8fb558a89e5","local_time":"20210127133701","is_ascension_mode":false,"campfire_choices":[{"data":"theWildCard:Scathach","floor":6,"key":"SMITH"},{"data":"blackbeard:Cutlass","floor":8,"key":"SMITH"},{"data":"blackbeard:Rum","floor":13,"key":"SMITH"},{"data":"blackbeard:DangerousBlow","floor":15,"key":"SMITH"},{"data":"blackbeard:Salvager","floor":23,"key":"SMITH"},{"data":"blackbeard:FinalBarrage","floor":28,"key":"SMITH"},{"data":"blackbeard:DoubleCannonball","floor":30,"key":"SMITH"},{"floor":32,"key":"DIG"},{"data":"blackbeard:HumongousCannonball","floor":40,"key":"SMITH"},{"data":"blackbeard:FishingNets","floor":47,"key":"SMITH"},{"data":"blackbeard:Parrot","floor":57,"key":"SMITH"},{"data":"blackbeard:PowderKeg","floor":66,"key":"SMITH"}],"circlet_count":0,"master_deck":["blackbeard:BlackbeardStrike","blackbeard:BlackbeardStrike","blackbeard:BlackbeardStrike","blackbeard:BlackbeardStrike","blackbeard:IntimidatingStrike","blackbeard:BlackbeardDefend","blackbeard:BlackbeardDefend","blackbeard:BlackbeardDefend","blackbeard:BlackbeardDefend","blackbeard:Cutlass+1","blackbeard:Spear","blackbeard:DangerousBlow+1","blackbeard:Sword","blackbeard:Dagger","theWildCard:Scathach+1","blackbeard:CloakAndCannonball","blackbeard:Salvager+1","blackbeard:Bandana","blackbeard:Rum+1","blackbeard:FinalBarrage+1","blackbeard:BrownPants","blackbeard:WeaponMastery","blackbeard:BuriedTreasure","blackbeard:FieryDefense+1","blackbeard:Spear+1","blackbeard:Halberd","blackbeard:GoldenCannonball","blackbeard:AgileStrike","blackbeard:CloakAndCannonball","blackbeard:Rum","blackbeard:Toast+1","blackbeard:GhostInTheRum+1","blackbeard:InfiniteBarrage+1","blackbeard:ReapersScythe","blackbeard:DoubleCannonball+1","blackbeard:RearmingStrike","blackbeard:FieryDefense+1","blackbeard:TacticalRetreat+1","blackbeard:GoldenStrike","blackbeard:HumongousCannonball+1","blackbeard:GoldenStrike+1","blackbeard:BeatUp","blackbeard:DoubleBottom+1","blackbeard:GoldenDefense+1","blackbeard:Dagger","blackbeard:PirateEarring","blackbeard:DoubleCannonball","blackbeard:DoubleCannonball","blackbeard:BlindAttacks","blackbeard:FishingNets+1","ReplayTheSpireMod:Echoes of Time","blackbeard:Fencing+1","blackbeard:WeaponProficiency+1","blackbeard:Parrot+1","blackbeard:WeaponMastery","blackbeard:GoldenCannonball","blackbeard:Spear","blackbeard:GoldenCannonball","blackbeard:Shrapnel","blackbeard:BrownPants","blackbeard:PiratesWill","Pride","blackbeard:DangerousBlow","blackbeard:BeatUp","Pot Of Greed","Pot Of Greed","Pot Of Greed","Pot Of Greed","Pot Of Greed","Pot Of Greed","blackbeard:CannonBarrage","blackbeard:GoldenStrike","blackbeard:PowderKeg+1","blackbeard:CatONineTails","blackbeard:DoubleCannonball","blackbeard:SmithingHammer","blackbeard:WiseDefense"],"relics":["blackbeard:LoadTheCannons","HushsDoor","KeepersGift","aspiration:Nostalgia","StuffTheSpire:OccultApparatus","Bag of Preparation","Bronze Scales","blackbeard:TreasureChest","hubris:BundleOfHerbs","blackbeard:Spearhead","Lantern","CCEMRelics:DarkMatter","CatCart","jedi:purplefairy","Replay:WaspNest","conspire:SlowCooker","Anchor","Grinning Jar","CCEMRelics:IronFruit","CCEMRelics:OverlyComfyChair"],"acts_visited":["Exordium","TheCity","TheBeyond","Exordium"],"potions_floor_usage":[36,36,48,50,50,58],"damage_taken":[{"damage":1,"enemies":"Cultist","floor":1,"turns":4},{"damage":0,"enemies":"Small Slimes","floor":4,"turns":2},{"damage":1,"enemies":"2 Louse","floor":7,"turns":2},{"damage":0,"enemies":"Looter","floor":9,"turns":6},{"damage":4,"enemies":"Gremlin Nob","floor":11,"turns":3},{"damage":0,"enemies":"Looter","floor":12,"turns":3},{"damage":2,"enemies":"Blue Slaver","floor":14,"turns":3},{"damage":12,"enemies":"Hexaghost","floor":16,"turns":9},{"damage":0,"enemies":"3 Byrds","floor":18,"turns":3},{"damage":0,"enemies":"Snecko","floor":19,"turns":6},{"damage":11,"enemies":"Centurion and Healer","floor":20,"turns":5},{"damage":5,"enemies":"3 Cultists","floor":22,"turns":5},{"damage":0,"enemies":"Cultist and Chosen","floor":24,"turns":5},{"damage":0,"enemies":"Centurion and Healer","floor":25,"turns":5},{"damage":0,"enemies":"conspire:HollyBat","floor":27,"turns":9},{"damage":0,"enemies":"Cultist and Chosen","floor":29,"turns":4},{"damage":0,"enemies":"conspire:MysteriousRune","floor":33,"turns":10},{"damage":7,"enemies":"3 Shapes","floor":35,"turns":3},{"damage":0,"enemies":"Orin","floor":36,"turns":7},{"damage":9,"enemies":"3 Darklings","floor":39,"turns":4},{"damage":68,"enemies":"Nightmare","floor":41,"turns":6},{"damage":10,"enemies":"Jaw Worm Horde","floor":46,"turns":3},{"damage":0,"enemies":"Maw","floor":48,"turns":6},{"damage":43,"enemies":"conspire:OrnateMirror","floor":50,"turns":9},{"damage":9,"enemies":"Jaw Worm","floor":52,"turns":2},{"damage":0,"enemies":"Small Slimes","floor":54,"turns":2},{"damage":0,"enemies":"Cultist","floor":55,"turns":2},{"damage":13,"enemies":"Gremlin Nob","floor":58,"turns":3},{"damage":7,"enemies":"Gremlin Gang","floor":59,"turns":3},{"damage":32,"enemies":"3 Sentries","floor":63,"turns":4},{"damage":7,"enemies":"Blue Slaver","floor":64,"turns":2},{"damage":2,"enemies":"3 Louse","floor":65,"turns":3},{"damage":0,"enemies":"Delirium","floor":67,"turns":1}],"seed_played":"5391889735831456899","potions_obtained":[{"floor":11,"key":"FairyPotion"},{"floor":12,"key":"Energy Potion"},{"floor":14,"key":"LifebloodPotion"},{"floor":22,"key":"Fire Potion"},{"floor":33,"key":"Slimebound:ThreeZeroPotion"},{"floor":41,"key":"ColorlessPotion"},{"floor":46,"key":"FearPotion"},{"floor":49,"key":"jedi:hoardpotion"},{"floor":49,"key":"Regen Potion"},{"floor":50,"key":"PowerPotion"},{"floor":54,"key":"Guardian:BlockOnCardUsePotion"},{"floor":59,"key":"Milkshake"}],"is_trial":false,"path_per_floor":["M","$","?","M","?","R","M","R","MIM","$","E","M","R","M","R","B",null,"M","M","M","$","M","R","M","M","T","M","R","M","R","$","R_BF","B",null,"M","?","?","?","M","R","NM","$","T","?","AVR","M","R","M","R_BF","B",null,"M","$","M","M","?","R","E","M","T","$","?","E","M","M","R","B"],"character_chosen":"BLACKBEARD_CLASS","items_purchased":["blackbeard:DangerousBlow","blackbeard:Sword","blackbeard:Bandana","blackbeard:Halberd","blackbeard:GoldenCannonball","blackbeard:AgileStrike","blackbeard:CloakAndCannonball","blackbeard:Rum","blackbeard:RearmingStrike","blackbeard:FieryDefense+1","blackbeard:TacticalRetreat","blackbeard:GoldenStrike","blackbeard:Spearhead","blackbeard:Dagger","blackbeard:PirateEarring","blackbeard:DoubleCannonball","blackbeard:BlindAttacks","blackbeard:FishingNets","blackbeard:WeaponMastery","blackbeard:Spear","blackbeard:GoldenCannonball","blackbeard:Shrapnel","blackbeard:BrownPants","blackbeard:PiratesWill","Anchor","blackbeard:PowderKeg","blackbeard:CatONineTails"],"campfire_rested":0,"item_purchase_floors":[2,2,10,21,21,21,21,21,31,31,31,31,31,42,42,42,42,42,51,53,53,53,53,53,53,61,61],"current_hp_per_floor":[74,74,62,62,62,62,61,61,61,61,57,57,57,55,55,43,75,75,75,64,64,59,59,59,59,59,59,59,59,59,59,59,59,75,68,68,68,68,59,59,15,15,15,15,15,5,10,10,10,39,71,62,62,62,62,62,63,50,43,48,48,48,16,9,7,12,12,12,12],"gold":91,"neow_bonus":"NOSTALGIA","is_daily":false,"chose_seed":false,"campfire_upgraded":11,"win_rate":0.0,"timestamp":1611783421,"path_taken":["M","$","?","?","?","R","M","R","MIM","$","E","?","R","M","R","BOSS","M","?","M","?","M","R","M","M","T","M","R","?","R","$","R_BF","BOSS","M","?","?","?","?","R","NM","?","T","?","AVR","M","R","M","R_BF","BOSS","M","$","?","M","?","R","E","M","T","$","?","E","M","M","R","BOSS"],"items_purchased_type":["Card","Card","Card","Card","Card","Card","Card","Card","Card","Card","Card","Card","Relic","Card","Card","Card","Card","Card","Card","Card","Card","Card","Card","Card","Relic","Card","Card"],"build_version":"2020-12-22","purchased_purges":0,"victory":false,"max_hp_per_floor":[75,75,75,75,75,75,75,75,75,75,75,75,75,75,75,75,75,75,75,75,75,75,75,75,75,75,75,75,75,75,75,75,75,75,75,75,75,75,75,75,75,75,75,75,75,75,75,75,75,75,71,71,71,71,71,71,71,71,71,76,76,76,76,76,76,76,76,76,76],"card_choices":[{"not_picked":["blackbeard:InfiniteBarrage","blackbeard:Anchor"],"picked":"blackbeard:Spear","floor":1},{"not_picked":["blackbeard:TerrorOfTheSeas","blackbeard:GoldenDefense"],"picked":"blackbeard:Dagger","floor":4},{"not_picked":["blackbeard:Dagger","blackbeard:Sharpening"],"picked":"blackbeard:CloakAndCannonball","floor":7},{"not_picked":["blackbeard:TacticalRetreat","blackbeard:BlindAttacks"],"picked":"blackbeard:Salvager","floor":9},{"not_picked":["blackbeard:PiratesWill","blackbeard:Sharpening"],"picked":"blackbeard:Rum","floor":11},{"not_picked":["blackbeard:GoldenStrike","blackbeard:DeadlyArsenal"],"picked":"blackbeard:FinalBarrage","floor":12},{"not_picked":["Bomb","blackbeard:CloakAndCannonball"],"picked":"blackbeard:BrownPants","floor":14},{"not_picked":["blackbeard:TheDrunkenSailor","blackbeard:Murder"],"picked":"blackbeard:WeaponMastery","floor":16},{"not_picked":["blackbeard:Sword+1","blackbeard:Sharpening"],"picked":"blackbeard:BuriedTreasure","floor":18},{"not_picked":["blackbeard:FishingNets","blackbeard:PiratesWill+1"],"picked":"blackbeard:FieryDefense+1","floor":19},{"not_picked":["blackbeard:DeadlyArsenal","blackbeard:Sword"],"picked":"blackbeard:Spear+1","floor":20},{"not_picked":["blackbeard:DeadlyArsenal","blackbeard:Sharpening"],"picked":"blackbeard:Toast+1","floor":22},{"not_picked":["blackbeard:AgileStrike","blackbeard:Eyepatch"],"picked":"blackbeard:GhostInTheRum+1","floor":24},{"not_picked":["blackbeard:DangerousBlow+1","blackbeard:CannonballSupply+1"],"picked":"blackbeard:InfiniteBarrage+1","floor":25},{"not_picked":["blackbeard:Sharpening+1","blackbeard:Sword"],"picked":"blackbeard:ReapersScythe","floor":27},{"not_picked":["blackbeard:GoldenStrike","blackbeard:TacticalRetreat"],"picked":"blackbeard:DoubleCannonball","floor":29},{"not_picked":["blackbeard:ReapersScythe","blackbeard:UndeadForm"],"picked":"blackbeard:HumongousCannonball","floor":33},{"not_picked":["blackbeard:Sharpening+1","blackbeard:Rum+1"],"picked":"blackbeard:GoldenStrike+1","floor":35},{"not_picked":["blackbeard:CloakAndCannonball+1","blackbeard:TacticalRetreat+1"],"picked":"blackbeard:BeatUp","floor":36},{"not_picked":["blackbeard:WiseDefense+1","blackbeard:Scrap+1"],"picked":"blackbeard:DoubleBottom+1","floor":39},{"not_picked":["blackbeard:Recklessness+1","blackbeard:WeaponMastery"],"picked":"blackbeard:GoldenDefense+1","floor":41},{"not_picked":["blackbeard:Toast","blackbeard:DelayedPain"],"picked":"blackbeard:Fencing+1","floor":46},{"not_picked":["blackbeard:RearmingStrike","blackbeard:Sword+1"],"picked":"blackbeard:WeaponProficiency+1","floor":48},{"not_picked":["blackbeard:Lifeboat","blackbeard:GoldenRain"],"picked":"blackbeard:Parrot","floor":50},{"not_picked":["blackbeard:Sword","blackbeard:CloakAndCannonball"],"picked":"blackbeard:GoldenCannonball","floor":52},{"not_picked":["blackbeard:WiseDefense","blackbeard:Eyepatch"],"picked":"blackbeard:DangerousBlow","floor":54},{"not_picked":["blackbeard:TheDrunkenSailor","blackbeard:FishingNets"],"picked":"blackbeard:BeatUp","floor":55},{"not_picked":["blackbeard:RemoveScurvy","blackbeard:BeatUp"],"picked":"blackbeard:CannonBarrage","floor":58},{"not_picked":["blackbeard:DoubleCannonball","blackbeard:PiratesWill"],"picked":"blackbeard:GoldenStrike","floor":59},{"not_picked":["blackbeard:Sword","blackbeard:CloakAndCannonball"],"picked":"blackbeard:DoubleCannonball","floor":63},{"not_picked":["blackbeard:GoldenDefense","blackbeard:PiratesWill"],"picked":"blackbeard:SmithingHammer","floor":64},{"not_picked":["blackbeard:TacticalRetreat","blackbeard:Sharpening"],"picked":"blackbeard:WiseDefense","floor":65}],"player_experience":191381,"relics_obtained":[{"floor":9,"key":"Bronze Scales"},{"floor":11,"key":"blackbeard:TreasureChest"},{"floor":26,"key":"hubris:BundleOfHerbs"},{"floor":32,"key":"Lantern"},{"floor":36,"key":"CatCart"},{"floor":41,"key":"jedi:purplefairy"},{"floor":43,"key":"Replay:WaspNest"},{"floor":58,"key":"Grinning Jar"},{"floor":60,"key":"CCEMRelics:IronFruit"},{"floor":63,"key":"CCEMRelics:OverlyComfyChair"}],"event_choices":[{"damage_healed":0,"gold_gain":0,"player_choice":"Relic ","damage_taken":12,"max_hp_gain":0,"max_hp_loss":0,"event_name":"betterThird:BetterScrap","floor":3,"gold_loss":0,"cards_obtained":["WaveOfTheHand"]},{"damage_healed":0,"gold_gain":0,"player_choice":"Fight","damage_taken":0,"max_hp_gain":0,"max_hp_loss":0,"event_name":"OrinTheCat","floor":36,"gold_loss":0},{"damage_healed":0,"gold_gain":0,"player_choice":"Leave","damage_taken":0,"max_hp_gain":0,"max_hp_loss":0,"event_name":"conspire:Investor","floor":56,"gold_loss":0}],"is_beta":false,"boss_relics":[{"not_picked":["hubris:CrackedHourglass","conspire:SeveredTorchhead","Velvet Choker"]},{"not_picked":["Runic Dome","jedi:battlestandard"],"picked":"CCEMRelics:DarkMatter"},{"not_picked":[]},{"not_picked":["CCEMRelics:GreenEgg","halation:Yufonium"],"picked":"conspire:SlowCooker"},{"not_picked":[]}],"items_purged_floors":[],"is_endless":true,"potions_floor_spawned":[11,12,14,19,20,22,29,33,35,41,46,50,54,59,63,64,65],"killed_by":"Delirium","ascension_level":0}}