{"host":"opyh6vr790e42ffe","time":1611784417,"event":{"mods":["BaseMod","Bestiary","Colored Map","Downfall","Highlight Path","Minty Spire (QoL Compilation)","Relic Stats","StSLib"],"gold_per_floor":[99,111,127,127,144,174,198,98,98,116,16,34,51,80,90,187,187,87,103,103,103,115,134,134,167,167,167,177,177,277,2,17,120,120,120,139,139,208,228,228,228,228,273,303,318,318,331,351,363,363,363,391,137,137,137,137],"floor_reached":57,"language":"ENG","playtime":4815,"items_purged":["bronze:Defend","bronze:Replicate"],"score":1166,"play_id":"64cc4035-b5d8-4071-bad7-ffc8ab13ceda","local_time":"20210127135337","is_ascension_mode":false,"campfire_choices":[{"floor":1,"key":"RECALL"},{"floor":8,"key":"REST"},{"data":"bronze:Philosophize","floor":11,"key":"SMITH"},{"data":"bronze:Goto","floor":18,"key":"SMITH"},{"floor":27,"key":"REST"},{"data":"bronze:Optimize","floor":29,"key":"SMITH"},{"data":"bronze:Assembly","floor":35,"key":"SMITH"},{"data":"downfall:Aged","floor":42,"key":"PURGE"},{"data":"Pride","floor":46,"key":"PURGE"},{"data":"bronze:Fortify","floor":54,"key":"SMITH"}],"circlet_count":0,"master_deck":["bronze:Defend+1","bronze:Goto+1","bronze:Flail","bronze:GetLatest","bronze:Optimize+1","bronze:BitShift","bronze:DelayedGuard","bronze:Assembly+1","bronze:FollowUp","bronze:Library","bronze:Shell","bronze:CloningBeam","bronze:FollowUp","bronze:TinkerersToolbox+1","bronze:Refactor+1","bronze:Turbo+1","bronze:Repair+1","bronze:Repulsor+1","bronze:Overload+1","bronze:ForceShield+1","bronze:CleanCode+1","bronze:DarkDash+1","bronze:Assembly+1","bronze:FunctionCard","bronze:MaxOutput+1","bronze:Repulsor+1","bronze:DigitalCarnage+1","bronze:Fortify+1","bronze:ForceShield+1","bronze:Boost+1","Parasite","bronze:MaxOutput+1","bronze:InfiniteBeams+1","bronze:Deprecate+1","bronze:DigitalCarnage"],"relics":["Empty Cage","Nunchaku","Regal Pillow","downfall:HeartBlessingBlue","downfall:HeartBlessingRed","Guardian:PocketSentry","Snecko Eye","downfall:HeartBlessingGreen","Toxic Egg 2","Frozen Egg 2","Omamori","Sozu","Gremlin Horn","downfall:ExtraCursedBell","Ancient Tea Set","Meat on the Bone","Peace Pipe","Prayer Wheel","Unceasing Top","War Paint","Centennial Puzzle"],"acts_visited":["Exordium","TheCity","TheBeyond","TheEnding"],"potions_floor_usage":[14,19,25,32,32,33,44,56],"damage_taken":[{"damage":9,"enemies":"2 Louse","floor":2,"turns":3},{"damage":8,"enemies":"Small Slimes","floor":3,"turns":3},{"damage":8,"enemies":"Cultist","floor":5,"turns":3},{"damage":10,"enemies":"3 Sentries","floor":6,"turns":4},{"damage":0,"enemies":"Exordium Wildlife","floor":10,"turns":2},{"damage":12,"enemies":"2 Fungi Beasts","floor":12,"turns":2},{"damage":9,"enemies":"Blue Slaver","floor":13,"turns":3},{"damage":1,"enemies":"Lagavulin","floor":14,"turns":5},{"damage":18,"enemies":"Exordium Wildlife","floor":15,"turns":3},{"damage":30,"enemies":"DF_ARCHETYPE_STREAMLINE","floor":16,"turns":8},{"damage":4,"enemies":"3 Byrds","floor":19,"turns":4},{"damage":10,"enemies":"Chosen","floor":22,"turns":3},{"damage":39,"enemies":"Snake Plant","floor":23,"turns":4},{"damage":31,"enemies":"Gremlin Leader","floor":25,"turns":5},{"damage":16,"enemies":"Chosen and Byrds","floor":28,"turns":5},{"damage":5,"enemies":"downfall:FleeingMerchant","floor":31,"turns":4},{"damage":28,"enemies":"Centurion and Healer","floor":32,"turns":6},{"damage":35,"enemies":"SI_MIRROR_ARCHETYPE","floor":33,"turns":9},{"damage":0,"enemies":"3 Shapes","floor":36,"turns":5},{"damage":11,"enemies":"Orb Walker","floor":39,"turns":3},{"damage":20,"enemies":"2 Orb Walkers","floor":43,"turns":5},{"damage":74,"enemies":"Reptomancer","floor":44,"turns":9},{"damage":7,"enemies":"Jaw Worm Horde","floor":45,"turns":3},{"damage":1,"enemies":"Spire Growth","floor":47,"turns":4},{"damage":36,"enemies":"4 Shapes","floor":48,"turns":6},{"damage":2,"enemies":"Writhing Mass","floor":49,"turns":6},{"damage":38,"enemies":"IC_BLOCK_ARCHETYPE","floor":50,"turns":10},{"damage":33,"enemies":"downfall:CharBossMerchant","floor":52,"turns":8},{"damage":46,"enemies":"downfall:NeowBoss","floor":55,"turns":16},{"damage":15,"enemies":"downfall:NeowBossFinal","floor":56,"turns":10}],"seed_played":"-3156352066235485242","potions_obtained":[{"floor":2,"key":"DuplicationPotion"},{"floor":13,"key":"ColorlessPotion"},{"floor":14,"key":"bronze:CleanCodePotion"},{"floor":15,"key":"sneckomod:MuddlingPotion"},{"floor":19,"key":"Regen Potion"},{"floor":25,"key":"Explosive Potion"},{"floor":32,"key":"GamblersBrew"},{"floor":33,"key":"Ancient Potion"}],"is_trial":false,"path_per_floor":["R","M","M","?","M","E","T","R","?","M","R","M","M","E","M","B",null,"R","M","?","?","M","M","T","E","?","R","M","R","?","$","M","B",null,"R","M","?","T","M","?","T","R","?","E","M","R","M","M","M","B",null,"E","$","R","B","B",null],"character_chosen":"THE_AUTOMATON","items_purchased":["bronze:Repair+1","bronze:Repulsor+1","bronze:Overload+1","bronze:InfiniteBeams+1","bronze:Deprecate+1","bronze:DigitalCarnage"],"campfire_rested":2,"item_purchase_floors":[31,31,31,53,53,53],"current_hp_per_floor":[70,61,53,50,42,32,32,80,80,80,80,68,59,58,40,10,80,80,76,76,76,66,27,27,10,10,49,43,43,43,58,50,35,80,80,80,80,80,80,80,80,80,80,38,51,51,50,36,46,30,80,54,54,54,30,37],"gold":137,"neow_bonus":"BOSS_RELIC","is_daily":false,"chose_seed":false,"campfire_upgraded":5,"win_rate":0.0,"timestamp":1611784417,"path_taken":["R","M","M","?","M","E","T","R","?","M","R","M","M","E","M","BOSS","R","M","?","?","M","M","T","E","?","R","M","R","?","$","M","BOSS","R","M","?","?","M","?","T","R","?","E","M","R","M","?","M","BOSS","E","$","R","BOSS","BOSS"],"items_purchased_type":["Card","Card","Card","Card","Card","Card"],"build_version":"2020-12-22","purchased_purges":2,"victory":true,"max_hp_per_floor":[70,70,70,70,70,70,70,80,80,80,80,80,80,80,80,80,80,80,80,80,80,80,80,80,80,80,80,80,80,80,80,80,80,80,80,80,80,80,80,80,80,80,80,80,80,80,80,80,80,80,80,80,80,80,80,80],"relic_stats":{"Regal Pillow":29,"Gremlin Horn":[20,20],"counters":[30,158],"War Paint":["bronze:Defend","bronze:Shell"],"Sozu":4,"Peace Pipe":2,"Nunchaku":[42],"Centennial Puzzle":[6],"Snecko Eye":[257,229,254,266],"Prayer Wheel":4,"obtain_stats":[{"Regal Pillow":6,"bronze:BronzeCore":0,"downfall:HeartBlessingRed":11,"Gremlin Horn":38,"downfall:HeartBlessingGreen":18,"Guardian:PocketSentry":14,"Omamori":25,"Frozen Egg 2":24,"War Paint":44,"Empty Cage":0,"Ancient Tea Set":40,"Sozu":34,"Peace Pipe":40,"Nunchaku":4,"Centennial Puzzle":52,"downfall:HeartBlessingBlue":8,"Snecko Eye":17,"Prayer Wheel":41,"Toxic Egg 2":21,"downfall:ExtraCursedBell":40,"Unceasing Top":43,"Meat on the Bone":40},{"Regal Pillow":4,"bronze:BronzeCore":0,"downfall:HeartBlessingRed":5,"Gremlin Horn":19,"downfall:HeartBlessingGreen":10,"Guardian:PocketSentry":8,"Omamori":14,"Frozen Egg 2":13,"War Paint":22,"Empty Cage":0,"Ancient Tea Set":20,"Sozu":18,"Peace Pipe":20,"Nunchaku":2,"Centennial Puzzle":28,"downfall:HeartBlessingBlue":4,"Snecko Eye":10,"Prayer Wheel":20,"Toxic Egg 2":11,"downfall:ExtraCursedBell":20,"Unceasing Top":21,"Meat on the Bone":20},{"Regal Pillow":13,"bronze:BronzeCore":0,"downfall:HeartBlessingRed":15,"Gremlin Horn":79,"downfall:HeartBlessingGreen":36,"Guardian:PocketSentry":25,"Omamori":52,"Frozen Egg 2":47,"War Paint":95,"Empty Cage":0,"Ancient Tea Set":82,"Sozu":74,"Peace Pipe":82,"Nunchaku":6,"Centennial Puzzle":132,"downfall:HeartBlessingBlue":13,"Snecko Eye":36,"Prayer Wheel":82,"Toxic Egg 2":40,"downfall:ExtraCursedBell":82,"Unceasing Top":86,"Meat on the Bone":82}],"Unceasing Top":[0],"Meat on the Bone":72},"card_choices":[{"not_picked":["bronze:DarkDash","bronze:Overheat"],"picked":"bronze:Philosophize","floor":2},{"not_picked":["bronze:BuggyMess","bronze:WildBeam"],"picked":"bronze:Flail","floor":3},{"not_picked":["bronze:FineTuning","bronze:Repulsor"],"picked":"bronze:GetLatest","floor":5},{"not_picked":["bronze:Frontload","bronze:BronzeOrb"],"picked":"bronze:Optimize","floor":6},{"not_picked":["bronze:Branch","bronze:Turbo","bronze:WhirlingStrike"],"picked":"SKIP","floor":10},{"not_picked":["bronze:DelayedSlice","bronze:GetLatest"],"picked":"bronze:BitShift","floor":12},{"not_picked":["bronze:WildBeam","bronze:CutThrough"],"picked":"bronze:DelayedGuard","floor":13},{"not_picked":["bronze:Repulsor","bronze:BuggyMess"],"picked":"bronze:Assembly","floor":14},{"not_picked":["bronze:WildBeam","bronze:GetLatest"],"picked":"bronze:FollowUp","floor":15},{"not_picked":["bronze:BurnOut","bronze:Format"],"picked":"bronze:Library","floor":16},{"not_picked":["bronze:Iterate","bronze:WildBeam"],"picked":"bronze:Shell","floor":19},{"not_picked":["bronze:NullPointer","bronze:Iterate+1"],"picked":"bronze:CloningBeam","floor":22},{"not_picked":["bronze:BugBarrage","bronze:WhirlingStrike"],"picked":"bronze:FollowUp","floor":23},{"not_picked":["bronze:Break","bronze:Deprecate+1"],"picked":"bronze:Repair+1","floor":25},{"not_picked":["bronze:WildBeam+1","bronze:Branch+1"],"picked":"bronze:Refactor+1","floor":28},{"not_picked":["bronze:OilSpill","bronze:FineTuning+1"],"picked":"bronze:Turbo+1","floor":31},{"not_picked":["bronze:Branch+1","bronze:AlphaBuild"],"picked":"bronze:ForceShield+1","floor":32},{"not_picked":["bronze:Assembly+1","bronze:ThunderWave"],"picked":"bronze:CleanCode+1","floor":33},{"not_picked":["bronze:Turbo+1","bronze:Backtrace+1","bronze:Shell+1"],"picked":"SKIP","floor":36},{"not_picked":["bronze:ChosenStrike","bronze:Optimize+1"],"picked":"bronze:DarkDash+1","floor":39},{"not_picked":["bronze:WhirlingStrike+1","bronze:Deprecate+1"],"picked":"bronze:Hardcode+1","floor":44},{"not_picked":["bronze:NullPointer+1","bronze:Invalidate+1"],"picked":"bronze:MaxOutput+1","floor":45},{"not_picked":["bronze:FineTuning+1","bronze:DelayedSlice+1"],"picked":"bronze:Repulsor+1","floor":45},{"not_picked":["bronze:ChildClass+1","bronze:ClassDefault+1"],"picked":"bronze:DigitalCarnage+1","floor":47},{"not_picked":["bronze:BitShift+1","bronze:Branch"],"picked":"bronze:Fortify","floor":47},{"not_picked":["bronze:FineTuning+1","bronze:Shell+1"],"picked":"bronze:ForceShield+1","floor":48},{"not_picked":["bronze:CutThrough","bronze:DelayedSlice+1"],"picked":"bronze:Boost+1","floor":48},{"not_picked":["bronze:Optimize+1","bronze:CloningBeam"],"picked":"bronze:MaxOutput+1","floor":49},{"not_picked":["bronze:FineTuning+1","bronze:Iterate","bronze:NullPointer+1"],"picked":"SKIP","floor":49},{"not_picked":["bronze:Overload+1","bronze:ShipIt","bronze:DelayedGuard+1"],"picked":"SKIP","floor":52}],"player_experience":2664410,"relics_obtained":[{"floor":6,"key":"Regal Pillow"},{"floor":14,"key":"Guardian:PocketSentry"},{"floor":24,"key":"Frozen Egg 2"},{"floor":25,"key":"Omamori"},{"floor":38,"key":"Gremlin Horn"},{"floor":40,"key":"Ancient Tea Set"},{"floor":40,"key":"Meat on the Bone"},{"floor":40,"key":"Peace Pipe"},{"floor":41,"key":"Prayer Wheel"},{"floor":43,"key":"Unceasing Top"},{"floor":44,"key":"War Paint"},{"floor":52,"key":"Centennial Puzzle"}],"event_choices":[{"damage_healed":0,"gold_gain":0,"player_choice":"Success","damage_taken":3,"relics_obtained":["Nunchaku"],"max_hp_gain":0,"max_hp_loss":0,"event_name":"Scrap Ooze","floor":4,"gold_loss":0},{"damage_healed":0,"gold_gain":0,"player_choice":"Stole Relic","damage_taken":0,"relics_obtained":["Toxic Egg 2"],"max_hp_gain":0,"max_hp_loss":0,"event_name":"Addict","floor":21,"gold_loss":0,"cards_obtained":["Pride"]},{"damage_healed":0,"gold_gain":0,"cards_transformed":["bronze:Strike","bronze:Strike"],"player_choice":"Became Test Subject","damage_taken":0,"max_hp_gain":0,"max_hp_loss":0,"event_name":"Drug Dealer","floor":26,"gold_loss":0,"cards_obtained":["bronze:TinkerersToolbox","bronze:Iterate"]},{"cards_removed":["bronze:Iterate"],"damage_healed":0,"gold_gain":0,"player_choice":"Removed Attack","damage_taken":0,"max_hp_gain":0,"max_hp_loss":0,"event_name":"Falling","floor":37,"gold_loss":0},{"damage_healed":0,"gold_gain":0,"player_choice":"Fight","damage_taken":0,"max_hp_gain":0,"max_hp_loss":0,"event_name":"Mysterious Sphere","floor":43,"gold_loss":0}],"is_beta":false,"boss_relics":[{"not_picked":["SlaversCollar","Pandora\u0027s Box"],"picked":"Snecko Eye"},{"not_picked":["Runic Pyramid","Runic Dome"],"picked":"Sozu"}],"items_purged_floors":[31,53],"is_endless":false,"potions_floor_spawned":[2,13,14,15,19,25,32,33,43,44,47,48],"ascension_level":0}}