{"host":"ddnlm33rmqyizb8g","time":1611705629,"event":{"mods":["BaseMod","Colored Map","Colored Powertips","Minty Spire (QoL Compilation)"],"gold_per_floor":[118,131,146,157,157,186,186,198,223,242,242,17,33,50,50,155,155,170,185,185,185,185,29,61,61,61,61,61,61],"floor_reached":28,"language":"ENG","playtime":756,"items_purged":["Defend_R"],"score":290,"play_id":"73f19d30-24ff-441d-a420-a68e918f7a7e","local_time":"20210126190029","is_ascension_mode":false,"campfire_choices":[{"data":"Perfected Strike","floor":7,"key":"SMITH"},{"data":"Inflame","floor":11,"key":"SMITH"},{"floor":15,"key":"REST"},{"floor":27,"key":"REST"}],"circlet_count":0,"master_deck":["Strike_R","Strike_R","Strike_R","Strike_R","Strike_R","Defend_R+1","Defend_R+1","Bash","Perfected Strike+1","Inflame+1","Warcry","Sword Boomerang","Twin Strike","Second Wind","Perfected Strike","Armaments","Limit Break+1","Flex+1","Fire Breathing"],"relics":["Burning Blood","NeowsBlessing","Tiny Chest","Toy Ornithopter","TheAbacus","Philosopher\u0027s Stone","Lantern","War Paint","Unceasing Top"],"acts_visited":["Exordium","TheCity"],"potions_floor_usage":[10,16,16,24,24],"damage_taken":[{"damage":0,"enemies":"Jaw Worm","floor":1,"turns":1},{"damage":0,"enemies":"Cultist","floor":2,"turns":1},{"damage":0,"enemies":"Small Slimes","floor":3,"turns":1},{"damage":3,"enemies":"2 Fungi Beasts","floor":4,"turns":4},{"damage":36,"enemies":"Gremlin Nob","floor":6,"turns":4},{"damage":26,"enemies":"Gremlin Gang","floor":8,"turns":4},{"damage":7,"enemies":"Large Slime","floor":10,"turns":3},{"damage":12,"enemies":"Blue Slaver","floor":13,"turns":2},{"damage":21,"enemies":"Exordium Wildlife","floor":14,"turns":3},{"damage":0,"enemies":"Slime Boss","floor":16,"turns":5},{"damage":34,"enemies":"2 Thieves","floor":18,"turns":3},{"damage":25,"enemies":"Spheric Guardian","floor":19,"turns":4},{"damage":23,"enemies":"Slavers","floor":24,"turns":4},{"damage":35,"enemies":"Snake Plant","floor":28,"turns":2}],"seed_played":"-5031410559197894724","potions_obtained":[{"floor":2,"key":"ColorlessPotion"},{"floor":4,"key":"Block Potion"},{"floor":8,"key":"DistilledChaos"},{"floor":10,"key":"DuplicationPotion"},{"floor":14,"key":"PowerPotion"},{"floor":19,"key":"LiquidBronze"}],"is_trial":false,"path_per_floor":["M","M","M","M","?","E","R","M","T","M","R","$","M","M","R","B",null,"M","M","?","?","T","$","E","?","T","R","M"],"character_chosen":"IRONCLAD","items_purchased":["TheAbacus","Lantern"],"campfire_rested":2,"item_purchase_floors":[12,23],"current_hp_per_floor":[80,80,80,80,80,50,50,30,30,34,34,34,28,13,37,53,80,52,33,17,17,17,17,10,10,10,34,0,0],"gold":61,"neow_bonus":"THREE_ENEMY_KILL","is_daily":false,"chose_seed":false,"campfire_upgraded":2,"win_rate":0.0,"timestamp":1611705629,"path_taken":["M","M","M","M","?","E","R","M","T","M","R","$","?","M","R","BOSS","M","M","?","?","?","$","E","?","T","R","?"],"items_purchased_type":["Relic","Relic"],"build_version":"2020-12-22","purchased_purges":1,"victory":false,"max_hp_per_floor":[80,80,80,80,80,80,80,80,80,80,80,80,80,80,80,80,80,80,80,80,80,80,80,80,80,80,80,80,80],"card_choices":[{"not_picked":["Warcry","Seeing Red","Entrench"],"picked":"SKIP","floor":1},{"not_picked":["Iron Wave","Flame Barrier"],"picked":"Perfected Strike","floor":2},{"not_picked":["Flex","Carnage"],"picked":"Inflame","floor":3},{"not_picked":["Clothesline","Uppercut"],"picked":"Warcry","floor":4},{"not_picked":["Double Tap","Shrug It Off"],"picked":"Twin Strike","floor":6},{"not_picked":["Cleave","Clothesline"],"picked":"Second Wind","floor":8},{"not_picked":["Second Wind","Sever Soul","Fiend Fire"],"picked":"SKIP","floor":10},{"not_picked":["Feel No Pain","Hemokinesis"],"picked":"Perfected Strike","floor":13},{"not_picked":["Clothesline","Thunderclap"],"picked":"Armaments","floor":14},{"not_picked":["Fiend Fire","Bludgeon"],"picked":"Limit Break","floor":16},{"not_picked":["Sword Boomerang","Searing Blow","Carnage"],"picked":"SKIP","floor":18},{"not_picked":["Whirlwind+1","Heavy Blade+1"],"picked":"Flex+1","floor":19},{"not_picked":["Offering","Iron Wave+1","Cleave+1"],"picked":"SKIP","floor":24}],"player_experience":140205,"relics_obtained":[{"floor":6,"key":"Tiny Chest"},{"floor":9,"key":"Toy Ornithopter"},{"floor":24,"key":"War Paint"},{"floor":26,"key":"Unceasing Top"}],"event_choices":[{"damage_healed":0,"gold_gain":0,"cards_transformed":["Defend_R"],"player_choice":"Transformed","damage_taken":0,"max_hp_gain":0,"max_hp_loss":0,"event_name":"Transmorgrifier","floor":5,"gold_loss":0,"cards_obtained":["Sword Boomerang"]},{"damage_healed":0,"gold_gain":0,"player_choice":"Obtained Book","damage_taken":16,"max_hp_gain":0,"max_hp_loss":0,"event_name":"Cursed Tome","floor":20,"gold_loss":0},{"damage_healed":0,"gold_gain":0,"player_choice":"Upgraded","damage_taken":0,"max_hp_gain":0,"max_hp_loss":0,"event_name":"Upgrade Shrine","floor":21,"gold_loss":0,"cards_upgraded":["Limit Break"]},{"damage_healed":0,"gold_gain":0,"player_choice":"Read","damage_taken":0,"max_hp_gain":0,"max_hp_loss":0,"event_name":"The Library","floor":25,"gold_loss":0,"cards_obtained":["Fire Breathing"]}],"is_beta":false,"boss_relics":[{"not_picked":["Cursed Key","SlaversCollar"],"picked":"Philosopher\u0027s Stone"}],"items_purged_floors":[12],"is_endless":false,"potions_floor_spawned":[2,4,8,10,14,19],"killed_by":"Snake Plant","ascension_level":0}}