{"host":"3po7ngt2j61s4rmj","time":1611775102,"event":{"mods":["Act Like it!","BaseMod","Elementarium","JesterMod","Minty Spire (QoL Compilation)","Relic Stats","Shade Mod","StSLib"],"gold_per_floor":[15,29,48,48,68,68,100,100,100,118,138,165,195,236,236,344,344,363,382,382,42,87,87,137,166,166,45,80,80,123,149,149,149,149],"floor_reached":33,"language":"ENG","playtime":3399,"items_purged":["Shade:Strike_Shade"],"score":464,"play_id":"4d8e4b7f-d36a-4c98-bf35-3dfda9c3939f","local_time":"20210127121822","is_ascension_mode":true,"campfire_choices":[{"data":"Shade:GreyBargain","floor":6,"key":"SMITH"},{"floor":8,"key":"REST"},{"floor":15,"key":"REST"},{"data":"Elementarium:VoidblessedBlade","floor":23,"key":"SMITH"},{"floor":29,"key":"REST"},{"data":"Elementarium:WindblessedBlade","floor":32,"key":"SMITH"}],"circlet_count":0,"master_deck":["AscendersBane","Shade:Strike_Shade+1","Shade:Defend_Shade","Shade:Defend_Shade","Shade:Defend_Shade","Shade:Defend_Shade","Shade:AnimateDead","Shade:CarefulCut","Shade:AuraOfUnlife","Shade:GreyBargain+1","Shade:FuneraryJewels","Shade:FingerOfDeath","Shade:WallOfFlesh","Shade:LoseControl","Shade:FingerOfDeath","Shade:CloudOfShrapnel","Shade:DangerousRitual","Shade:ExtraLimbs","Shade:FleshLikeOak","Shade:SelfBurial","Shade:Premonition","Shade:Premonition","Shade:Brains","Shade:GreyBargain","Elementarium:FireblessedBlade","Elementarium:WindblessedBlade+1","Elementarium:EarthblessedBlade","Elementarium:IceblessedBlade","Elementarium:VoidblessedBlade+1","Shade:MadHubris","Shade:SpontaneousRitual","Shade:Premonition"],"relics":["Shade:YorickSkull","The Courier","Ginger","Lizard Tail","Gremlin Horn","CeramicFish","SacredBark","Matryoshka","Tiny Chest","InkBottle","Bronze Scales","Pen Nib","PreservedInsect"],"acts_visited":["Exordium","Exordium"],"potions_floor_usage":[7,7,11,30,30,33],"damage_taken":[{"damage":0,"enemies":"Small Slimes","floor":1,"turns":5},{"damage":4,"enemies":"2 Louse","floor":2,"turns":3},{"damage":0,"enemies":"Jaw Worm","floor":3,"turns":4},{"damage":0,"enemies":"Exordium Wildlife","floor":5,"turns":7},{"damage":45,"enemies":"Gremlin Nob","floor":7,"turns":6},{"damage":0,"enemies":"Red Slaver","floor":10,"turns":5},{"damage":0,"enemies":"Looter","floor":11,"turns":3},{"damage":3,"enemies":"3 Sentries","floor":12,"turns":5},{"damage":12,"enemies":"Lagavulin","floor":14,"turns":7},{"damage":13,"enemies":"Slime Boss","floor":16,"turns":8},{"damage":0,"enemies":"Elementarium:2_ELEMENTALS","floor":18,"turns":6},{"damage":4,"enemies":"Elementarium:MUD_AND_TAR_GOLEMS","floor":19,"turns":4},{"damage":0,"enemies":"Elementarium:Hydrostalker","floor":25,"turns":7},{"damage":31,"enemies":"Elementarium:FIRE_NOBILITY","floor":28,"turns":7},{"damage":5,"enemies":"Elementarium:ElementalPortal","floor":30,"turns":4},{"damage":0,"enemies":"Elementarium:3_ELEMENTALS","floor":31,"turns":3},{"damage":127,"enemies":"Elementarium:PHOENIXES","floor":33,"turns":10}],"seed_played":"3775219535033309989","potions_obtained":[{"floor":1,"key":"Dexterity Potion"},{"floor":2,"key":"DistilledChaos"},{"floor":10,"key":"SteroidPotion"},{"floor":14,"key":"DuplicationPotion"},{"floor":19,"key":"Regen Potion"},{"floor":28,"key":"Explosive Potion"},{"floor":31,"key":"Regen Potion"}],"is_trial":false,"path_per_floor":["M","M","M","?","M","R","E","R","T","M","M","E","?","E","R","B",null,"M","M","?","$","?","R","?","M","T","$","E","R","E","M","R","B"],"character_chosen":"SHADE","items_purchased":["Matryoshka","Shade:Premonition","Shade:Brains","Shade:GreyBargain","Bronze Scales"],"campfire_rested":3,"item_purchase_floors":[21,21,21,21,27],"current_hp_per_floor":[59,55,55,48,48,48,3,22,22,22,22,19,19,7,26,13,52,52,48,48,48,39,39,39,39,39,39,8,19,39,39,39,0,0],"gold":149,"neow_bonus":"TRANSFORM_TWO_CARDS","is_daily":false,"chose_seed":false,"campfire_upgraded":3,"win_rate":0.0,"timestamp":1611775102,"path_taken":["M","M","M","?","M","R","E","R","T","M","M","E","?","E","R","BOSS","M","M","?","$","?","R","?","M","T","?","E","R","E","M","R","BOSS"],"items_purchased_type":["Relic","Card","Card","Card","Relic"],"build_version":"2020-12-22","purchased_purges":1,"victory":false,"max_hp_per_floor":[65,65,65,65,65,65,65,65,65,65,65,65,65,65,65,65,65,65,65,65,65,39,39,39,39,39,39,39,39,39,39,39,39,39],"relic_stats":{"Lizard Tail":19,"Gremlin Horn":[13,13],"counters":[17,94],"CeramicFish":135,"Bronze Scales":[150],"Tiny Chest":0,"Pen Nib":[2],"PreservedInsect":0,"Ginger":[5],"obtain_stats":[{"Gremlin Horn":12,"Shade:YorickSkull":0,"CeramicFish":14,"SacredBark":17,"The Courier":4,"Pen Nib":28,"PreservedInsect":30,"Ginger":7,"Lizard Tail":9,"Matryoshka":21,"Bronze Scales":27,"Tiny Chest":26,"InkBottle":26},{"Gremlin Horn":8,"Shade:YorickSkull":0,"CeramicFish":9,"SacredBark":10,"The Courier":3,"Pen Nib":14,"PreservedInsect":15,"Ginger":5,"Lizard Tail":5,"Matryoshka":12,"Bronze Scales":13,"Tiny Chest":13,"InkBottle":13},{"Gremlin Horn":38,"Shade:YorickSkull":0,"CeramicFish":45,"SacredBark":53,"The Courier":12,"Pen Nib":77,"PreservedInsect":81,"Ginger":25,"Lizard Tail":25,"Matryoshka":63,"Bronze Scales":70,"Tiny Chest":70,"InkBottle":70}],"InkBottle":[9]},"card_choices":[{"not_picked":["Shade:AblativeArmor","Shade:Bonestorm"],"picked":"Shade:FuneraryJewels","floor":1},{"not_picked":["Shade:Trample","Shade:Awaken"],"picked":"Shade:FingerOfDeath","floor":2},{"not_picked":["Shade:FreshBones","Shade:Frenzy"],"picked":"Shade:WallOfFlesh","floor":3},{"not_picked":["Shade:SkeletonHug","Shade:BoneShards"],"picked":"Shade:LoseControl","floor":5},{"not_picked":["Shade:OpenGraves","Shade:LoseControl"],"picked":"Shade:FingerOfDeath","floor":7},{"not_picked":["Shade:TouchOfTheGrave","Shade:PressTheAttack"],"picked":"Shade:CloudOfShrapnel","floor":10},{"not_picked":["Shade:SoulToxin","Shade:WallOfFlesh"],"picked":"Shade:DangerousRitual","floor":11},{"not_picked":["Shade:CoffinDance","Shade:SkeletonArmy"],"picked":"Shade:ExtraLimbs","floor":12},{"not_picked":["Shade:LyeBath","Shade:Asphyxiate"],"picked":"Shade:FleshLikeOak","floor":14},{"not_picked":["Shade:SoulPierce","Shade:Putrefaction"],"picked":"Shade:SelfBurial","floor":16},{"not_picked":["Shade:FuneraryArmor","Shade:AuraOfUnlife"],"picked":"Shade:Premonition","floor":18},{"not_picked":["Shade:FleshToFlesh","Shade:PressTheAttack","Shade:SkeletonHug"],"picked":"SKIP","floor":19},{"not_picked":["Shade:CommandSoldier","Shade:SoulToxin"],"picked":"Shade:MadHubris","floor":25},{"not_picked":["Shade:PressTheAttack","Shade:FuneraryArmor","Shade:AncientSpear+1"],"picked":"SKIP","floor":28},{"not_picked":["Shade:StitchTogether","Shade:Trample"],"picked":"Shade:SpontaneousRitual","floor":30},{"not_picked":["Shade:FuneraryArmor","Shade:FeralStrike"],"picked":"Shade:Premonition","floor":31}],"player_experience":1104783,"relics_obtained":[{"floor":7,"key":"Ginger"},{"floor":9,"key":"Lizard Tail"},{"floor":12,"key":"Gremlin Horn"},{"floor":14,"key":"CeramicFish"},{"floor":26,"key":"Tiny Chest"},{"floor":26,"key":"InkBottle"},{"floor":28,"key":"Pen Nib"},{"floor":30,"key":"PreservedInsect"}],"event_choices":[{"damage_healed":0,"gold_gain":0,"player_choice":"Success","damage_taken":7,"relics_obtained":["The Courier"],"max_hp_gain":0,"max_hp_loss":0,"event_name":"Scrap Ooze","floor":4,"gold_loss":0},{"damage_healed":0,"gold_gain":30,"player_choice":"Searched \u00271\u0027 times","damage_taken":0,"max_hp_gain":0,"max_hp_loss":0,"event_name":"Dead Adventurer","floor":13,"gold_loss":0},{"damage_healed":0,"gold_gain":0,"player_choice":"Pray","damage_taken":0,"max_hp_gain":0,"max_hp_loss":0,"event_name":"Elementarium:VoidShrine","floor":20,"gold_loss":0,"cards_upgraded":["Shade:Strike_Shade"]},{"damage_healed":0,"gold_gain":0,"player_choice":"Touch","damage_taken":0,"max_hp_gain":0,"max_hp_loss":26,"event_name":"Elementarium:ElementalBlades","floor":22,"gold_loss":0,"cards_obtained":["Elementarium:FireblessedBlade","Elementarium:WindblessedBlade","Elementarium:EarthblessedBlade","Elementarium:IceblessedBlade","Elementarium:VoidblessedBlade"]},{"damage_healed":0,"gold_gain":50,"player_choice":"Take","damage_taken":0,"max_hp_gain":0,"max_hp_loss":0,"event_name":"Elementarium:StickySituation","floor":24,"gold_loss":0}],"is_beta":false,"boss_relics":[{"not_picked":["Pandora\u0027s Box","Busted Crown"],"picked":"SacredBark"}],"items_purged_floors":[21],"is_endless":false,"potions_floor_spawned":[1,2,10,14,19,25,28,31],"killed_by":"Elementarium:PHOENIXES","ascension_level":12}}