{"host":"95ip98gf8c4vrv08","time":1611747641,"event":{"mods":["100% Spire Juice","ATMod(??Mod)","Arknights The Spire","BaseMod","Energized Spire","Lobotomy","LobotomyExtend","Minty Spire (QoL Compilation)","Quick Restart","Reimu??????","Relic Stats","Spicy Shops","StSLib","??????REMEMod","????"],"gold_per_floor":[113,113,59,59,70,99,165,165,165,125,146,210,228,243,243,344,344,287,208,208,228,75,120,165,165,165,165,165,188,205,255,255,356,356,376,118,137,137,137,137,163,190,215,238,264,301,324,347,347,350,350,350,48,80,92,92],"floor_reached":55,"language":"ZHS","playtime":3139,"items_purged":[],"score":757,"play_id":"e45e7c66-8965-4214-a56a-eb9115def5e5","local_time":"20210127194041","is_ascension_mode":false,"campfire_choices":[{"data":"ats:Serious Mode","floor":8.0,"key":"SMITH"},{"floor":15.0,"key":"RECALL"},{"data":"ats:Shadow Assault","floor":28.0,"key":"SMITH"},{"data":"ats:Emotion Absorption","floor":32.0,"key":"SMITH"},{"data":"ats:Disruption Kick","floor":40.0,"key":"SMITH"},{"data":"Demon Form","floor":49.0,"key":"SMITH"},{"data":"ats:Encircling Forest","floor":52.0,"key":"SMITH"}],"circlet_count":0,"master_deck":["ats:Strike C","ats:Strike G","ats:Strike S","ats:Strike V","ats:Armor Crushing Shot","ats:Defend","ats:Defend","ats:Defend","ats:Defend","ats:Emotion Absorption+1","Demon Form+1","ats:Sashimi Platter+1","ats:Apocalypse","ats:Serious Mode+1","ats:Shell Defense","ats:Soul Absorption","ats:Guard Mode","ats:Counter Healing Mode+1","ats:Shadow Assault+1","ats:Flexible Camouflage","ats:Roar Of Ursus+1","ats:Chain Hook","ats:Assault Order","ats:Hammer On","ats:Closed Bolt Burst Fire","ats:Disruption Kick+1","ats:Demon Strength+1","ats:Revitalization+1","ats:Burning Ground+1","ats:Blood Oath","ats:Apocalypse+1","ats:True Silver Slash","ats:Serious Mode+1","Madness","Madness","ats:Closed Bolt Burst Fire","ats:Nebulous Foxfire","ats:Soul Rend+1","ats:Encircling Forest+1","ats:Encircling Forest","ats:Defend Order+1","ats:Thorns+1","ats:Composite Medical Shells+1","ats:Calcification"],"relics":["ats:Sanity","REME_ComplimentaryCards","AT_ATBox","Smiling Mask","LetterFromLob","Art of War","ats:Originium","REME_ArchaeologicalTools","Odd Mushroom","Frozen Egg 2","PaintedHorse:ReiMu","AT_ImmortalShieldbow","energizedSpire:MagnifyingGlass","ats:Arts","Ornamental Fan","energizedSpire:RedRose","AT_ForceNature","ats:Rhine Circuitry","PreservedInsect","Bag of Marbles","Membership Card","Pen Nib","Strawberry","CaptainsWheel"],"acts_visited":["Exordium","TheCity","TheBeyond","TheEnding"],"potions_floor_usage":[55],"damage_taken":[{"damage":7.0,"enemies":"2 Louse","floor":1.0,"turns":5.0},{"damage":0.0,"enemies":"Small Slimes","floor":5.0,"turns":4.0},{"damage":57.0,"enemies":"Lagavulin","floor":6.0,"turns":7.0},{"damage":5.0,"enemies":"The Mushroom Lair","floor":7.0,"turns":5.0},{"damage":7.0,"enemies":"Jaw Worm","floor":11.0,"turns":5.0},{"damage":22.0,"enemies":"3 Sentries","floor":12.0,"turns":7.0},{"damage":20.0,"enemies":"Looter","floor":13.0,"turns":4.0},{"damage":8.0,"enemies":"Blue Slaver","floor":14.0,"turns":4.0},{"damage":44.0,"enemies":"Slime Boss","floor":16.0,"turns":12.0},{"damage":26.0,"enemies":"2 Thieves","floor":18.0,"turns":4.0},{"damage":25.0,"enemies":"3 Byrds","floor":21.0,"turns":6.0},{"damage":27.0,"enemies":"Slavers","floor":23.0,"turns":4.0},{"damage":48.0,"enemies":"Cultist and Chosen","floor":24.0,"turns":7.0},{"damage":14.0,"enemies":"3 Cultists","floor":29.0,"turns":6.0},{"damage":36.0,"enemies":"Centurion and Healer","floor":30.0,"turns":7.0},{"damage":71.0,"enemies":"Automaton","floor":33.0,"turns":7.0},{"damage":49.0,"enemies":"3 Darklings","floor":35.0,"turns":5.0},{"damage":46.0,"enemies":"3 Shapes","floor":37.0,"turns":4.0},{"damage":19.0,"enemies":"Transient","floor":41.0,"turns":5.0},{"damage":74.0,"enemies":"Giant Head","floor":42.0,"turns":9.0},{"damage":24.0,"enemies":"Spire Growth","floor":44.0,"turns":5.0},{"damage":33.0,"enemies":"4 Shapes","floor":45.0,"turns":4.0},{"damage":59.0,"enemies":"Nemesis","floor":46.0,"turns":8.0},{"damage":48.0,"enemies":"3 Darklings","floor":47.0,"turns":5.0},{"damage":42.0,"enemies":"Spire Growth","floor":48.0,"turns":5.0},{"damage":78.0,"enemies":"Time Eater","floor":50.0,"turns":8.0},{"damage":70.0,"enemies":"Shield and Spear","floor":54.0,"turns":5.0},{"damage":115,"enemies":"The Heart","floor":55,"turns":6}],"seed_played":"-2324811067598091823","potions_obtained":[{"floor":1.0,"key":"ZuzhouPotion:ReiMu"},{"floor":11.0,"key":"AttackPotion"},{"floor":12.0,"key":"SteroidPotion"},{"floor":30.0,"key":"REME_GoldPotion"},{"floor":33.0,"key":"GamblersBrew"},{"floor":45.0,"key":"Weak Potion"},{"floor":47.0,"key":"Fire Potion"}],"is_trial":false,"path_per_floor":["M","?","$","?","M","E","?","R","T","?","M","E","M","M","R","B",null,"M","$","?","M","$","E","M","?","T","?","R","M","M","?","R","B",null,"M","$","M","?","?","R","M","E","T","M","M","E","M","M","R","B",null,"R","$","E","B"],"character_chosen":"DOCTOR_CLASS","items_purchased":["ats:Apocalypse","ats:Assault Order","ats:Hammer On","ats:Arts","ats:Disruption Kick","AT_ForceNature","Membership Card","Pen Nib","Strawberry"],"campfire_rested":0,"item_purchase_floors":[3,19,19,22,22,36,53,53,53],"current_hp_per_floor":[65,58,58,58,72,66,70,70,70,70,71,72,66,69,69,72,72,62,62,49,51,51,49,44,44,44,44,44,64,65,65,65,32,77,77,77,41,31,31,31,58,77,77,69,39,60,57,64,64,53,77,77,84,50,0,0],"gold":92,"neow_bonus":"RANDOM_COMMON_RELIC","is_daily":false,"chose_seed":false,"campfire_upgraded":6,"win_rate":0.0,"timestamp":1611747641,"path_taken":["M","?","$","?","M","E","?","R","T","?","M","E","M","?","R","BOSS","M","$","?","M","$","E","M","?","T","?","R","M","?","?","R","BOSS","M","$","M","?","?","R","M","E","T","M","M","E","M","?","R","BOSS","R","$","E","BOSS"],"items_purchased_type":["Card","Card","Card","Relic","Card","Relic","Relic","Relic","Relic"],"build_version":"2020-12-22","purchased_purges":0,"victory":false,"max_hp_per_floor":[72,72,72,72,72,72,72,72,72,72,72,72,72,72,72,72,72,72,72,77,77,77,77,77,77,77,77,77,77,77,77,77,77,77,77,77,77,77,77,77,77,77,77,77,77,77,77,77,77,77,77,77,84,84,84,84],"relic_stats":{"counters":[28,163],"Ornamental Fan":[68],"PreservedInsect":143,"Pen Nib":[1],"Art of War":[21],"Smiling Mask":0,"obtain_stats":[{"energizedSpire:RedRose":34,"AT_ForceNature":36,"AT_ATBox":0,"PreservedInsect":43,"Pen Nib":53,"Odd Mushroom":7,"Frozen Egg 2":9,"Smiling Mask":0,"AT_ImmortalShieldbow":12,"CaptainsWheel":54,"ats:Originium":6,"PaintedHorse:ReiMu":10,"Ornamental Fan":23,"Strawberry":53,"ats:Arts":22,"LetterFromLob":1,"Art of War":2,"REME_ArchaeologicalTools":6,"energizedSpire:MagnifyingGlass":17,"Bag of Marbles":46,"ats:Sanity":0,"Membership Card":53,"ats:Rhine Circuitry":42,"REME_ComplimentaryCards":0},{"energizedSpire:RedRose":16,"AT_ForceNature":17,"AT_ATBox":0,"PreservedInsect":20,"Pen Nib":26,"Odd Mushroom":4,"Frozen Egg 2":4,"Smiling Mask":0,"AT_ImmortalShieldbow":6,"CaptainsWheel":27,"ats:Originium":3,"PaintedHorse:ReiMu":4,"Ornamental Fan":12,"Strawberry":26,"ats:Arts":11,"LetterFromLob":1,"Art of War":1,"REME_ArchaeologicalTools":3,"energizedSpire:MagnifyingGlass":9,"Bag of Marbles":23,"ats:Sanity":0,"Membership Card":26,"ats:Rhine Circuitry":20,"REME_ComplimentaryCards":0},{"energizedSpire:RedRose":94,"AT_ForceNature":99,"AT_ATBox":0,"PreservedInsect":117,"Pen Nib":152,"Odd Mushroom":21,"Frozen Egg 2":21,"Smiling Mask":0,"AT_ImmortalShieldbow":33,"CaptainsWheel":157,"ats:Originium":16,"PaintedHorse:ReiMu":21,"Ornamental Fan":67,"Strawberry":152,"ats:Arts":63,"LetterFromLob":5,"Art of War":5,"REME_ArchaeologicalTools":16,"energizedSpire:MagnifyingGlass":53,"Bag of Marbles":134,"ats:Sanity":0,"Membership Card":152,"ats:Rhine Circuitry":117,"REME_ComplimentaryCards":0}]},"card_choices":[{"not_picked":["ats:Revitalization","ats:Hammer On"],"picked":"ats:Sashimi Platter","floor":1.0},{"not_picked":["ats:Flexible Camouflage","ats:Assault Order"],"picked":"ats:Serious Mode","floor":5.0},{"not_picked":["ats:Powerful Strike","ats:Charging Defense"],"picked":"ats:Shell Defense","floor":6.0},{"not_picked":["ats:Cat Scratch","ats:Serious Mode"],"picked":"ats:Soul Absorption","floor":7.0},{"not_picked":["ats:Soul Absorption","ats:Curse Doll"],"picked":"ats:Guard Mode","floor":11.0},{"not_picked":["ats:Leaping Hammer","ats:Sunburst"],"picked":"ats:Counter Healing Mode+1","floor":12.0},{"not_picked":["ats:Guardian Obelisk","ats:Cat Scratch"],"picked":"ats:Shadow Assault","floor":13.0},{"not_picked":["ats:Thermite Blade","ats:Consecutive Shot Auto"],"picked":"ats:Flexible Camouflage","floor":14.0},{"not_picked":["ats:Shadow Assault","ats:Fractured Body"],"picked":"ats:Roar Of Ursus+1","floor":16.0},{"not_picked":["ats:Automatic Cover+1","ats:Leaping Hammer+1"],"picked":"ats:Chain Hook","floor":18.0},{"not_picked":["ats:Blood Oath","ats:Flexible Camouflage"],"picked":"ats:Closed Bolt Burst Fire","floor":21.0},{"not_picked":["ats:Leaping Hammer","ats:LN2 Cannon"],"picked":"ats:Demon Strength+1","floor":23.0},{"not_picked":["ats:Leaping Hammer","ats:Flexible Camouflage"],"picked":"ats:Revitalization+1","floor":24.0},{"not_picked":["ats:Phantom+1","ats:Soul Absorption"],"picked":"ats:Blood Oath","floor":29.0},{"not_picked":["ats:Phantom+1","ats:Curse Doll"],"picked":"ats:Apocalypse+1","floor":30.0},{"not_picked":["ats:Fractured Body","ats:Disruption Kick"],"picked":"ats:True Silver Slash","floor":33.0},{"not_picked":["ats:Powerful Strike","ats:Guardian Obelisk+1","ats:Consecutive Shot Auto+1"],"picked":"SKIP","floor":35.0},{"not_picked":["ats:Powerful Strike","ats:Revitalization"],"picked":"ats:Serious Mode+1","floor":37.0},{"not_picked":["ats:Mental Burst","ats:Automatic Cover","ats:Leaping Hammer"],"picked":"SKIP","floor":41.0},{"not_picked":["ats:Magnetic Hammer","ats:Curse Doll"],"picked":"ats:Soul Rend+1","floor":42.0},{"not_picked":["ats:Support Order","ats:Revitalization"],"picked":"ats:Encircling Forest","floor":44.0},{"not_picked":["ats:Guard Mode","ats:Cat Scratch"],"picked":"ats:Encircling Forest","floor":45.0},{"not_picked":["ats:Collapsing Strike+1","ats:Burning Ground+1"],"picked":"ats:Defend Order+1","floor":46.0},{"not_picked":["ats:Encircling Forest","ats:Revitalization"],"picked":"ats:Thorns+1","floor":47.0},{"not_picked":["ats:Shell Defense","ats:Flexible Camouflage"],"picked":"ats:Composite Medical Shells+1","floor":48.0},{"not_picked":["ats:Overload","ats:LN2 Cannon"],"picked":"ats:Calcification","floor":54.0}],"player_experience":213518,"relics_obtained":[{"floor":1.0,"key":"LetterFromLob"},{"floor":6.0,"key":"ats:Originium"},{"floor":6.0,"key":"REME_ArchaeologicalTools"},{"floor":7.0,"key":"Odd Mushroom"},{"floor":9.0,"key":"Frozen Egg 2"},{"floor":12.0,"key":"ats:Originium"},{"floor":12.0,"key":"AT_ImmortalShieldbow"},{"floor":23.0,"key":"ats:Originium"},{"floor":23.0,"key":"Ornamental Fan"},{"floor":42.0,"key":"ats:Originium"},{"floor":42.0,"key":"ats:Rhine Circuitry"},{"floor":43.0,"key":"PreservedInsect"},{"floor":46.0,"key":"Bag of Marbles"},{"floor":54.0,"key":"CaptainsWheel"}],"event_choices":[{"damage_healed":0.0,"max_hp_gain":0.0,"max_hp_loss":0.0,"gold_gain":0.0,"event_name":"Scrap Ooze","player_choice":"Success","floor":2.0,"gold_loss":0.0,"damage_taken":7.0,"relics_obtained":["Art of War"]},{"damage_healed":0.0,"max_hp_gain":0.0,"max_hp_loss":0.0,"gold_gain":0.0,"event_name":"Living Wall","player_choice":"Grow","floor":4.0,"gold_loss":0.0,"damage_taken":0.0,"cards_upgraded":["ats:Sashimi Platter"]},{"damage_healed":0.0,"max_hp_gain":0.0,"max_hp_loss":0.0,"gold_gain":0.0,"event_name":"Mushrooms","player_choice":"Fought Mushrooms","floor":7.0,"gold_loss":0.0,"damage_taken":0.0},{"damage_healed":0.0,"max_hp_gain":0.0,"max_hp_loss":0.0,"gold_gain":0.0,"event_name":"yidonshenshe","player_choice":"??","floor":10.0,"gold_loss":40.0,"damage_taken":0.0,"relics_obtained":["PaintedHorse:ReiMu"]},{"damage_healed":0.0,"max_hp_gain":5.0,"max_hp_loss":0.0,"gold_gain":0.0,"event_name":"Forgotten Altar","player_choice":"Shed Blood","floor":20.0,"gold_loss":0.0,"damage_taken":18.0},{"damage_healed":0.0,"max_hp_gain":0.0,"max_hp_loss":0.0,"gold_gain":0.0,"event_name":"Vampires","player_choice":"Ignored","floor":25.0,"gold_loss":0.0,"damage_taken":0.0},{"damage_healed":0.0,"max_hp_gain":0.0,"max_hp_loss":0.0,"gold_gain":0.0,"cards_transformed":["AT_WaterDrop"],"event_name":"Transmorgrifier","player_choice":"Transformed","floor":27.0,"gold_loss":0.0,"damage_taken":0.0,"cards_obtained":["ats:Burning Ground"]},{"damage_healed":0.0,"max_hp_gain":0.0,"max_hp_loss":0.0,"gold_gain":100.0,"event_name":"The Joust","player_choice":"Bet on Murderer","floor":31.0,"gold_loss":50.0,"damage_taken":0.0},{"damage_healed":0.0,"max_hp_gain":0.0,"max_hp_loss":0.0,"gold_gain":0.0,"event_name":"Winding Halls","player_choice":"Embrace Madness","floor":38.0,"gold_loss":0.0,"damage_taken":10.0,"cards_obtained":["Madness","Madness"]},{"damage_healed":0.0,"max_hp_gain":0.0,"max_hp_loss":0.0,"gold_gain":0.0,"event_name":"Match and Keep!","player_choice":"2 cards matched","floor":39.0,"gold_loss":0.0,"damage_taken":0.0,"cards_obtained":["ats:Closed Bolt Burst Fire","ats:Nebulous Foxfire"]}],"is_beta":false,"boss_relics":[{"not_picked":["energizedSpire:SpiderWeb","Snecko Eye"],"picked":"energizedSpire:MagnifyingGlass"},{"not_picked":["Busted Crown","Cursed Key"],"picked":"energizedSpire:RedRose"}],"items_purged_floors":[],"is_endless":false,"potions_floor_spawned":[1,11,12,30,33,37,44,45,47,48],"killed_by":"The Heart","ascension_level":0}}