{"host":"0ueeacaatm8t6jyh","time":1611751975,"event":{"mods":["AchievementEnabler","BaseMod","Colored Powertips","Minty Spire (QoL Compilation)","Quick Restart","Rare Cards Sparkle","Shop Mod","StSLib"],"gold_per_floor":[113,127,52,52,67,85,85,110,123,123,137,190,190,190,190,265,284,314,314,392,392,406,456,475,485,485,485],"floor_reached":26,"language":"ZHS","playtime":774,"items_purged":["Strike_R"],"score":440,"play_id":"f72ee2fa-a05e-4b8c-99f9-00bcaf4c7454","local_time":"20210127205255","is_ascension_mode":true,"campfire_choices":[{"data":"Whirlwind","floor":7.0,"key":"SMITH"},{"data":"Fiend Fire","floor":10.0,"key":"SMITH"},{"data":"Armaments","floor":19.0,"key":"SMITH"}],"circlet_count":0,"master_deck":["AscendersBane","Strike_R+1","Strike_R","Strike_R","Defend_R","Defend_R","Defend_R+1","Defend_R","Bash","Thunderclap","Dropkick","Fiend Fire+1","Whirlwind+1","Dark Embrace","Evolve","Armaments+1","Exhume","Power Through"],"relics":["Burning Blood","NeowsBlessing","Strawberry","Eternal Feather","Self Forming Clay","Runic Cube"],"acts_visited":["Exordium","TheCity"],"potions_floor_usage":[25],"damage_taken":[{"damage":0.0,"enemies":"Jaw Worm","floor":1.0,"turns":1.0},{"damage":0.0,"enemies":"2 Louse","floor":2.0,"turns":1.0},{"damage":0.0,"enemies":"Cultist","floor":5.0,"turns":1.0},{"damage":31.0,"enemies":"Gremlin Gang","floor":6.0,"turns":4.0},{"damage":30.0,"enemies":"3 Sentries","floor":8.0,"turns":5.0},{"damage":21.0,"enemies":"Blue Slaver","floor":9.0,"turns":3.0},{"damage":0.0,"enemies":"3 Louse","floor":11.0,"turns":2.0},{"damage":6.0,"enemies":"Looter","floor":17.0,"turns":3.0},{"damage":20.0,"enemies":"Lagavulin","floor":18.0,"turns":5.0},{"damage":12.0,"enemies":"Slime Boss","floor":20.0,"turns":6.0},{"damage":38.0,"enemies":"2 Thieves","floor":22.0,"turns":4.0},{"damage":24.0,"enemies":"Spheric Guardian","floor":24.0,"turns":4.0},{"damage":43,"enemies":"Shelled Parasite and Fungi","floor":25,"turns":4},{"damage":16,"enemies":"Sentry and Sphere","floor":26,"turns":3}],"seed_played":"506625238245739696","potions_obtained":[{"floor":2.0,"key":"BloodPotion"},{"floor":6.0,"key":"FairyPotion"},{"floor":9.0,"key":"SmokeBomb"},{"floor":18.0,"key":"AttackPotion"},{"floor":20.0,"key":"LiquidBronze"}],"is_trial":false,"path_per_floor":["M","M","$","?","M","M","R","E","M","R","M","T","T","?","?","?","M","E","R","B",null,"M","?","M","M","M"],"character_chosen":"IRONCLAD","items_purchased":[],"campfire_rested":0,"item_purchase_floors":[],"current_hp_per_floor":[74,75,75,75,75,50,50,48,33,33,39,39,39,14,41,30,30,16,25,19,66,34,34,16,8,0,0],"gold":485,"neow_bonus":"THREE_ENEMY_KILL","is_daily":false,"chose_seed":false,"campfire_upgraded":3,"win_rate":0.0,"timestamp":1611751975,"path_taken":["M","M","$","?","M","M","R","E","M","R","M","T","T","?","?","?","M","E","R","BOSS","M","?","?","M","M"],"items_purchased_type":[],"build_version":"2020-12-22","purchased_purges":1,"victory":false,"max_hp_per_floor":[75,75,75,75,75,75,75,82,82,82,82,82,82,82,82,82,82,82,82,82,82,82,82,82,82,82,82],"card_choices":[{"not_picked":["Warcry","Clash"],"picked":"Thunderclap","floor":1.0},{"not_picked":["Thunderclap","Sword Boomerang"],"picked":"Dropkick","floor":2.0},{"not_picked":["Armaments","Flame Barrier"],"picked":"Fiend Fire","floor":5.0},{"not_picked":["Dark Embrace","Disarm"],"picked":"Whirlwind","floor":6.0},{"not_picked":["Twin Strike","Perfected Strike","Reckless Charge"],"picked":"SKIP","floor":8.0},{"not_picked":["Anger","Hemokinesis","Infernal Blade"],"picked":"SKIP","floor":9.0},{"not_picked":["Carnage","Seeing Red"],"picked":"Dark Embrace","floor":11.0},{"not_picked":["Heavy Blade","True Grit"],"picked":"Evolve","floor":17.0},{"not_picked":["Havoc","Exhume"],"picked":"Armaments","floor":18.0},{"not_picked":["Fiend Fire","Bludgeon"],"picked":"Exhume","floor":20.0},{"not_picked":["Headbutt","Clothesline","Dual Wield+1"],"picked":"SKIP","floor":22.0},{"not_picked":["Sword Boomerang","Armaments","Headbutt"],"picked":"SKIP","floor":24.0},{"not_picked":["Havoc","True Grit"],"picked":"Power Through","floor":25}],"player_experience":475427,"relics_obtained":[{"floor":8.0,"key":"Strawberry"},{"floor":13.0,"key":"Eternal Feather"},{"floor":18.0,"key":"Self Forming Clay"}],"event_choices":[{"cards_removed":["Strike_R"],"damage_healed":0.0,"max_hp_gain":0.0,"max_hp_loss":0.0,"gold_gain":0.0,"event_name":"Living Wall","player_choice":"Forget","floor":4.0,"gold_loss":0.0,"damage_taken":0.0},{"damage_healed":0.0,"max_hp_gain":0.0,"max_hp_loss":0.0,"gold_gain":0.0,"event_name":"Shining Light","player_choice":"Entered Light","floor":14.0,"gold_loss":0.0,"damage_taken":25.0,"cards_upgraded":["Strike_R","Defend_R"]},{"damage_healed":27.0,"max_hp_gain":0.0,"max_hp_loss":0.0,"gold_gain":0.0,"event_name":"Big Fish","player_choice":"Banana","floor":15.0,"gold_loss":0.0,"damage_taken":0.0},{"damage_healed":0.0,"max_hp_gain":0.0,"max_hp_loss":0.0,"gold_gain":75.0,"event_name":"World of Goop","player_choice":"Gather Gold","floor":16.0,"gold_loss":0.0,"damage_taken":11.0},{"damage_healed":0.0,"max_hp_gain":0.0,"max_hp_loss":0.0,"gold_gain":50.0,"event_name":"Golden Shrine","player_choice":"Pray","floor":23.0,"gold_loss":0.0,"damage_taken":0.0}],"is_beta":false,"boss_relics":[{"not_picked":["Ectoplasm","Sozu"],"picked":"Runic Cube"}],"items_purged_floors":[3],"is_endless":false,"potions_floor_spawned":[2,6,9,11,18,20],"killed_by":"Sentry and Sphere","ascension_level":20}}