{"host":"gzk4gkgy3zij1c51","time":1611772855,"event":{"mods":["BaseMod","Colored Map","Downfall","Highlight Path","Marked Mod","Minty Spire (QoL Compilation)","Relic Stats","StSLib","everything is the same but u backflip on backflip"],"gold_per_floor":[99,112,15,28,478,495,495,515,415,449,349,29,29,29,39,39,39,39],"floor_reached":16,"language":"ENG","playtime":936,"items_purged":["downfall:Icky"],"score":160,"play_id":"93d8bf21-3ee2-4acf-957f-027b01898c68","local_time":"20210127184055","is_ascension_mode":true,"campfire_choices":[{"floor":1,"key":"RECALL"},{"data":"Guardian:BaubleBeam","floor":9,"key":"SMITH"},{"data":"Guardian:BodySlam","floor":11,"key":"SMITH"}],"circlet_count":0,"master_deck":["AscendersBane","Guardian:Strike_Guardian","Guardian:Strike_Guardian","Guardian:Strike_Guardian","Guardian:Defend_Guardian","Guardian:Defend_Guardian","Guardian:Defend_Guardian+1","Guardian:Defend_Guardian","Guardian:CurlUp+1","Guardian:TwinSlam+1","Guardian:ArmoredProtocol","Guardian:PiercingHide","Guardian:BaubleBeam+1","Guardian:BodySlam+1","downfall:Icky","downfall:Icky","Guardian:Reroute","Guardian:PolyBeam","Guardian:SentryBeam","Guardian:ShieldCharger"],"relics":["Guardian:ModeShifter","Question Card","downfall:HeartBlessingRed","Bottled Flame","downfall:HeartBlessingGreen","Blood Vial"],"acts_visited":["Exordium"],"potions_floor_usage":[10],"damage_taken":[{"damage":0,"enemies":"Small Slimes","floor":2,"turns":5},{"damage":0,"enemies":"downfall:FleeingMerchant","floor":3,"turns":4},{"damage":4,"enemies":"2 Louse","floor":4,"turns":3},{"damage":12,"enemies":"Jaw Worm","floor":6,"turns":3},{"damage":22,"enemies":"Large Slime","floor":8,"turns":12},{"damage":25,"enemies":"Lagavulin","floor":10,"turns":7},{"damage":0,"enemies":"downfall:FleeingMerchant","floor":12,"turns":4},{"damage":7,"enemies":"Exordium Wildlife","floor":15,"turns":3},{"damage":12,"enemies":"DF_ARCHETYPE_STREAMLINE","floor":16,"turns":4}],"seed_played":"7207866474978641393","potions_obtained":[{"floor":6,"key":"sneckomod:MuddlingPotion"},{"floor":8,"key":"bronze:BurnAndBuffPotion"},{"floor":10,"key":"DuplicationPotion"}],"is_trial":false,"path_per_floor":["R","M","$","M","?","M","T","M","R","E","R","$","?","?","M","B"],"character_chosen":"GUARDIAN","items_purchased":["Guardian:BodySlam","Guardian:Gem_Lightblue","Blood Vial","Guardian:SentryBeam"],"campfire_rested":0,"item_purchase_floors":[3,3,12,12],"current_hp_per_floor":[72,72,72,68,68,56,56,34,34,9,9,9,9,9,4,0,0,0],"gold":39,"neow_bonus":"TRANSFORM_CARD","is_daily":false,"chose_seed":false,"campfire_upgraded":2,"win_rate":0.0,"timestamp":1611772855,"path_taken":["R","M","$","M","?","M","T","M","R","E","R","$","?","?","M","BOSS"],"items_purchased_type":["Card","Card","Relic","Card"],"build_version":"2020-12-22","purchased_purges":1,"victory":false,"max_hp_per_floor":[80,80,80,80,80,80,80,80,80,80,80,80,80,80,80,80,80,80],"relic_stats":{"Blood Vial":4,"counters":[9,45],"Question Card":4,"obtain_stats":[{"Blood Vial":12,"Bottled Flame":10,"downfall:HeartBlessingRed":9,"Guardian:ModeShifter":0,"downfall:HeartBlessingGreen":11,"Question Card":7},{"Blood Vial":7,"Bottled Flame":6,"downfall:HeartBlessingRed":5,"Guardian:ModeShifter":0,"downfall:HeartBlessingGreen":6,"Question Card":4},{"Blood Vial":38,"Bottled Flame":34,"downfall:HeartBlessingRed":27,"Guardian:ModeShifter":0,"downfall:HeartBlessingGreen":34,"Question Card":15}]},"card_choices":[{"not_picked":["Guardian:Emergency","Guardian:VentSteam"],"picked":"Guardian:PiercingHide","floor":2},{"not_picked":["Guardian:Gem_Lightblue","Guardian:Gem_Cyan"],"picked":"Guardian:BaubleBeam","floor":3},{"not_picked":["Guardian:Gem_Crimson","Guardian:BodySlam"],"picked":"Guardian:Gem_Yellow","floor":4},{"not_picked":["Guardian:Recover","Guardian:RollAttack"],"picked":"Guardian:Gem_Fragmented","floor":6},{"not_picked":["Guardian:Gem_Red","Guardian:Orbwalk","Guardian:ShieldSpikes"],"picked":"Guardian:Reroute","floor":8},{"not_picked":["Guardian:GatlingBeam","Guardian:Gem_Red","Guardian:TemporalStrike"],"picked":"Guardian:PolyBeam","floor":10},{"not_picked":["Guardian:Gem_Lightblue","Guardian:PrismaticBarrier","Guardian:Gem_Red"],"picked":"Guardian:Gem_Yellow","floor":12},{"not_picked":["Guardian:DonusPower","Guardian:RefractedBeam","Guardian:WalkerClaw"],"picked":"Guardian:ShieldCharger","floor":15}],"player_experience":1082866,"relics_obtained":[{"floor":7,"key":"Question Card"},{"floor":10,"key":"Bottled Flame"}],"event_choices":[],"is_beta":false,"boss_relics":[],"items_purged_floors":[12],"is_endless":false,"potions_floor_spawned":[6,8,10,15],"killed_by":"DF_ARCHETYPE_STREAMLINE","ascension_level":12}}