{"host":"meib18gsulage5jw","time":1611749778,"event":{"mods":["AchievementEnabler","Aspiration","BaseMod","BetterRewards","Clockwork Mod","Colored Map","Colored Powertips","Conspire","Defuse TimeMaze Blight","Energized Spire","Halation","Highlight Path","Hubris","Infinite Spire","Minty Spire (QoL Compilation)","Permanent Neow","Quick Restart","Relic Sorter","Reliquary","Replay The Spire","Spikes Relics","StSLib","The Blue Laboratory","The Jungle","Uncapped"],"gold_per_floor":[118,118,118,134,147,172,172,226,226,226,244,278,278,297,297,297,297],"floor_reached":16,"language":"ENG","playtime":990,"items_purged":[],"score":110,"play_id":"2e312e30-1a1c-4771-aaba-923e975eacd6","local_time":"20210127221618","is_ascension_mode":false,"campfire_choices":[{"data":"Clockwork:SmithsMallet","floor":7,"key":"SMITH"},{"data":"Clockwork:ChargingBlade","floor":10,"key":"SMITH"},{"floor":13,"key":"REST"},{"floor":15,"key":"REST"}],"circlet_count":0,"master_deck":["Clockwork:Strike+1","Clockwork:Strike","Clockwork:Strike","Clockwork:Strike+1","Clockwork:Shield","Clockwork:Shield","Clockwork:Shield+1","Clockwork:Shield","Clockwork:Tinker","Clockwork:WarmUp","Clockwork:ChargingBlade+1","Clockwork:CogBarrier","Clockwork:CogToss","Clockwork:SpurOn","Clockwork:HeadStart"],"relics":["Clockwork:MomentumEngine","halation:PinkSoulGem","halation:KoshaPiece","halation:SelfBoilingWater","Clockwork:Varja"],"acts_visited":["Exordium"],"potions_floor_usage":[],"damage_taken":[{"damage":0,"enemies":"Jaw Worm","floor":1,"turns":7},{"damage":0,"enemies":"2 Louse","floor":4,"turns":5},{"damage":2,"enemies":"Small Slimes","floor":5,"turns":5},{"damage":24,"enemies":"3 Sentries","floor":6,"turns":11},{"damage":12,"enemies":"3 Louse","floor":11,"turns":6},{"damage":46,"enemies":"Lagavulin","floor":12,"turns":9},{"damage":5,"enemies":"Large Slime","floor":14,"turns":6},{"damage":47,"enemies":"The Guardian","floor":16,"turns":5}],"seed_played":"-7587908074672428223","potions_obtained":[{"floor":1,"key":"blueLaboratory:NullPotion"},{"floor":5,"key":"blueLaboratory:BottledHope"}],"is_trial":false,"path_per_floor":["M","?","?","M","M","E","R","?","T","R","M","E","R","M","R","B"],"character_chosen":"CLOCKWORK","items_purchased":[],"campfire_rested":2,"item_purchase_floors":[],"current_hp_per_floor":[85,85,85,85,83,59,59,59,59,59,47,1,26,21,46,0,0],"gold":297,"neow_bonus":"THREE_CARDS","is_daily":false,"chose_seed":false,"campfire_upgraded":2,"win_rate":0.0,"timestamp":1611749778,"path_taken":["M","?","?","M","M","E","R","?","T","R","M","E","R","M","R","BOSS"],"items_purchased_type":[],"build_version":"2020-12-22","purchased_purges":0,"victory":false,"max_hp_per_floor":[85,85,85,85,85,85,85,85,85,85,85,85,85,85,85,85,85],"card_choices":[{"not_picked":["Clockwork:Friction","Clockwork:AdaptiveShield"],"picked":"Clockwork:ChargingBlade","floor":0},{"not_picked":["Clockwork:SystemScan","Clockwork:OccamsRazor","Clockwork:FalseStart"],"picked":"SKIP","floor":1},{"not_picked":["Clockwork:LiteraryArmor","Clockwork:CogShield"],"picked":"Clockwork:CraftVarja","floor":4},{"not_picked":["Clockwork:MechanicalBulk","Clockwork:SystemHardening"],"picked":"Clockwork:CogBarrier","floor":5},{"not_picked":["Clockwork:UnlimitedCogworks","Clockwork:SpurOn"],"picked":"Clockwork:SmithsMallet","floor":6},{"not_picked":["Clockwork:Friction","Clockwork:QuantumStrike"],"picked":"Clockwork:CogToss","floor":11},{"not_picked":["Clockwork:MechanicalMass","Clockwork:Friction"],"picked":"Clockwork:SpurOn","floor":12},{"not_picked":["Clockwork:SystemScan","Clockwork:Friction"],"picked":"Clockwork:HeadStart","floor":14}],"player_experience":333762,"relics_obtained":[{"floor":6,"key":"halation:KoshaPiece"},{"floor":12,"key":"halation:SelfBoilingWater"}],"event_choices":[{"damage_healed":0,"gold_gain":0,"player_choice":"Leave","damage_taken":0,"max_hp_gain":0,"max_hp_loss":0,"event_name":"conspire:Investor","floor":2,"gold_loss":0},{"damage_healed":0,"gold_gain":54,"player_choice":"Gained Gold","damage_taken":0,"max_hp_gain":0,"max_hp_loss":0,"event_name":"Golden Wing","floor":8,"gold_loss":0}],"is_beta":false,"boss_relics":[],"items_purged_floors":[],"is_endless":false,"potions_floor_spawned":[1,5],"killed_by":"The Guardian","ascension_level":0}}