{"host":"5p9hybygolzp0efr","time":1611753979,"event":{"mods":["AchievementEnabler","BaseMod","Bestiary","Colored Map","Minty Spire (QoL Compilation)","Relic Stats"],"gold_per_floor":[110,123,123,135,145,180,180,210,210,220,220,252,268,283,283,386,386,401,401,416,427,439,439,3,3,3,3,21,47,70,82,94,204,216,239,262,284,296,308,320,357,382,394,406,406],"floor_reached":44,"language":"ENG","playtime":2077,"items_purged":["Strike_G"],"score":628,"play_id":"ab939dec-c4dc-4f9f-b6b7-1bb01ac03220","local_time":"20210127212619","is_ascension_mode":true,"campfire_choices":[{"floor":7.0,"key":"REST"},{"floor":11.0,"key":"REST"},{"floor":15.0,"key":"REST"},{"floor":23,"key":"REST"},{"floor":25,"key":"REST"},{"floor":27,"key":"REST"},{"floor":32,"key":"REST"},{"floor":40,"key":"REST"}],"circlet_count":0,"master_deck":["Strike_G","Strike_G","Strike_G","Defend_G","Defend_G","Defend_G","Defend_G","Survivor","Neutralize","Flying Knee","Deflect","Deadly Poison","Bouncing Flask","Acrobatics","Sucker Punch","Choke","Dagger Spray","Acrobatics","Footwork","Bane","Wraith Form v2","Blade Dance","Phantasmal Killer","Neutralize","Riddle With Holes","Infinite Blades","Catalyst","Calculated Gamble","Corpse Explosion","After Image","Cloak And Dagger","Deadly Poison","Well Laid Plans+1","PiercingWail","Backflip","Night Terror","Blade Dance+1","Dash+1"],"relics":["Fusion Hammer","PreservedInsect","Dream Catcher","Bronze Scales","Blue Candle","WristBlade","Oddly Smooth Stone","Bottled Tornado","Art of War","MawBank","Nilry\u0027s Codex","Calling Bell","Blood Vial","Molten Egg 2","Torii","StrikeDummy","Meat on the Bone"],"acts_visited":["Exordium","TheCity","TheBeyond"],"potions_floor_usage":[16,22,33,33],"damage_taken":[{"damage":4.0,"enemies":"Small Slimes","floor":1.0,"turns":5.0},{"damage":3.0,"enemies":"Cultist","floor":2.0,"turns":4.0},{"damage":1.0,"enemies":"Jaw Worm","floor":4.0,"turns":5.0},{"damage":3.0,"enemies":"Large Slime","floor":5.0,"turns":8.0},{"damage":26.0,"enemies":"3 Sentries","floor":6.0,"turns":10.0},{"damage":12.0,"enemies":"Gremlin Nob","floor":8.0,"turns":3.0},{"damage":0.0,"enemies":"Exordium Thugs","floor":10.0,"turns":3.0},{"damage":15.0,"enemies":"Lagavulin","floor":12.0,"turns":5.0},{"damage":16.0,"enemies":"Exordium Wildlife","floor":13.0,"turns":4.0},{"damage":0.0,"enemies":"Large Slime","floor":14.0,"turns":4.0},{"damage":30,"enemies":"Slime Boss","floor":16,"turns":7},{"damage":8,"enemies":"Shell Parasite","floor":18,"turns":4},{"damage":27,"enemies":"2 Thieves","floor":20,"turns":4},{"damage":1,"enemies":"Cultist and Chosen","floor":21,"turns":6},{"damage":9,"enemies":"Centurion and Healer","floor":22,"turns":7},{"damage":21,"enemies":"Snecko","floor":28,"turns":4},{"damage":21,"enemies":"Book of Stabbing","floor":29,"turns":4},{"damage":29,"enemies":"Collector","floor":33,"turns":9},{"damage":2,"enemies":"3 Shapes","floor":35,"turns":5},{"damage":8,"enemies":"Orb Walker","floor":36,"turns":4},{"damage":2,"enemies":"Jaw Worm Horde","floor":37,"turns":3},{"damage":56,"enemies":"Reptomancer","floor":41,"turns":5},{"damage":2,"enemies":"4 Shapes","floor":42,"turns":6},{"damage":0,"enemies":"Writhing Mass","floor":44,"turns":1}],"seed_played":"-3928995051444634394","potions_obtained":[{"floor":1.0,"key":"FearPotion"},{"floor":4.0,"key":"FearPotion"},{"floor":12.0,"key":"PowerPotion"},{"floor":14.0,"key":"EntropicBrew"},{"floor":16,"key":"PowerPotion"}],"is_trial":false,"path_per_floor":["M","M","?","M","M","E","R","E","T","M","R","E","M","M","R","B",null,"M","?","M","M","M","R","$","R","T","R","M","E","T","?","R","B",null,"M","M","M","?","?","R","E","M","T","M"],"character_chosen":"THE_SILENT","items_purchased":["Corpse Explosion","Oddly Smooth Stone","After Image"],"campfire_rested":8,"item_purchase_floors":[24,24,24],"current_hp_per_floor":[66,63,63,62,59,33,54,42,42,42,63,48,32,32,53,23,58,50,50,23,22,13,34,34,55,55,70,49,28,28,12,33,4,54,54,48,48,48,48,69,14,14,14,16,16],"gold":406,"neow_bonus":"BOSS_RELIC","is_daily":false,"chose_seed":false,"campfire_upgraded":0,"win_rate":0.0,"timestamp":1611753979,"path_taken":["M","M","?","M","?","E","R","E","T","M","R","E","M","M","R","BOSS","M","?","M","M","?","R","$","R","T","R","?","E","?","?","R","BOSS","M","M","M","?","?","R","E","M","T","M"],"items_purchased_type":["Card","Relic","Card"],"build_version":"2020-12-22","purchased_purges":1,"victory":false,"max_hp_per_floor":[70,70,70,70,70,70,70,70,70,70,70,70,70,70,70,70,70,70,70,70,70,70,70,70,70,70,70,70,70,70,70,70,70,70,70,70,70,70,70,70,70,70,70,70,70],"relic_stats":{"Blood Vial":11,"Dream Catcher":7,"Torii":14,"counters":[24,120],"Bronze Scales":[176],"Blue Candle":[0],"PreservedInsect":148,"Art of War":[4],"MawBank":168,"obtain_stats":[{"Torii":34,"Nilry\u0027s Codex":31,"Blue Candle":12,"Oddly Smooth Stone":24,"PreservedInsect":6,"Bottled Tornado":26,"MawBank":30,"Calling Bell":34,"Blood Vial":34,"Dream Catcher":8,"WristBlade":17,"Bronze Scales":9,"Molten Egg 2":34,"Fusion Hammer":0,"Art of War":29,"StrikeDummy":41,"Ring of the Snake":0,"Meat on the Bone":43},{"Torii":18,"Nilry\u0027s Codex":17,"Blue Candle":8,"Oddly Smooth Stone":15,"PreservedInsect":5,"Bottled Tornado":15,"MawBank":17,"Calling Bell":18,"Blood Vial":18,"Dream Catcher":6,"WristBlade":11,"Bronze Scales":6,"Molten Egg 2":18,"Fusion Hammer":0,"Art of War":17,"StrikeDummy":22,"Ring of the Snake":0,"Meat on the Bone":23},{"Torii":96,"Nilry\u0027s Codex":87,"Blue Candle":43,"Oddly Smooth Stone":79,"PreservedInsect":32,"Bottled Tornado":79,"MawBank":87,"Calling Bell":96,"Blood Vial":96,"Dream Catcher":35,"WristBlade":58,"Bronze Scales":35,"Molten Egg 2":96,"Fusion Hammer":0,"Art of War":87,"StrikeDummy":113,"Ring of the Snake":0,"Meat on the Bone":119}],"Meat on the Bone":0},"card_choices":[{"not_picked":["Concentrate","Quick Slash"],"picked":"Flying Knee","floor":1.0},{"not_picked":["Outmaneuver","Slice"],"picked":"Deflect","floor":2.0},{"not_picked":["Setup","Backstab"],"picked":"Deadly Poison","floor":4.0},{"not_picked":["Deflect","Dodge and Roll"],"picked":"Bouncing Flask","floor":5.0},{"not_picked":["Setup","Burst"],"picked":"Acrobatics","floor":6.0},{"not_picked":["Acrobatics","Escape Plan","Flying Knee"],"picked":"SKIP","floor":8.0},{"not_picked":["Deflect","Predator"],"picked":"Sucker Punch","floor":10.0},{"not_picked":["Underhanded Strike","Outmaneuver"],"picked":"Choke","floor":11.0},{"not_picked":["Grand Finale","Deflect"],"picked":"Dagger Spray","floor":12.0},{"not_picked":["Dagger Spray","Deadly Poison"],"picked":"Acrobatics","floor":13.0},{"not_picked":["Dodge and Roll","Concentrate"],"picked":"Footwork","floor":14.0},{"not_picked":["Slice","Dodge and Roll"],"picked":"Bane","floor":15.0},{"not_picked":["Bullet Time","Doppelganger"],"picked":"Wraith Form v2","floor":16},{"not_picked":["Bane+1","Cloak And Dagger"],"picked":"Blade Dance","floor":18},{"not_picked":["Dagger Throw","Eviscerate"],"picked":"Riddle With Holes","floor":20},{"not_picked":["Poisoned Stab","Masterful Stab"],"picked":"Infinite Blades","floor":21},{"not_picked":["Bouncing Flask+1","Predator+1"],"picked":"Catalyst","floor":22},{"not_picked":["Escape Plan","Acrobatics"],"picked":"Calculated Gamble","floor":23},{"not_picked":["Dagger Throw+1","Dodge and Roll"],"picked":"Cloak And Dagger","floor":25},{"not_picked":["Infinite Blades","Tactician+1"],"picked":"Deadly Poison","floor":27},{"not_picked":["Deflect","Venomology"],"picked":"Well Laid Plans+1","floor":28},{"not_picked":["Well Laid Plans","Quick Slash+1"],"picked":"PiercingWail","floor":29},{"not_picked":["Quick Slash","Concentrate+1"],"picked":"Backflip","floor":32},{"not_picked":["Grand Finale","Unload"],"picked":"Night Terror","floor":33},{"not_picked":["Dodge and Roll","Outmaneuver+1","Backflip+1"],"picked":"SKIP","floor":35},{"not_picked":["Deadly Poison+1","Leg Sweep"],"picked":"Blade Dance+1","floor":36},{"not_picked":["Cloak And Dagger","After Image","Heel Hook+1"],"picked":"SKIP","floor":37},{"not_picked":["Expertise","Backflip","Well Laid Plans+1"],"picked":"SKIP","floor":41},{"not_picked":["Dagger Throw+1","Deadly Poison+1"],"picked":"Dash+1","floor":42}],"player_experience":538271,"relics_obtained":[{"floor":6.0,"key":"PreservedInsect"},{"floor":8.0,"key":"Dream Catcher"},{"floor":9.0,"key":"Bronze Scales"},{"floor":12.0,"key":"Blue Candle"},{"floor":26,"key":"Bottled Tornado"},{"floor":29,"key":"Art of War"},{"floor":30,"key":"MawBank"},{"floor":31,"key":"Nilry\u0027s Codex"},{"floor":34,"key":"Blood Vial"},{"floor":34,"key":"Molten Egg 2"},{"floor":34,"key":"Torii"},{"floor":41,"key":"StrikeDummy"},{"floor":43,"key":"Meat on the Bone"}],"event_choices":[{"cards_removed":["Strike_G"],"damage_healed":0.0,"max_hp_gain":0.0,"max_hp_loss":0.0,"gold_gain":0.0,"event_name":"Purifier","player_choice":"Purged","floor":3.0,"gold_loss":0.0,"damage_taken":0.0},{"damage_healed":0,"gold_gain":0,"player_choice":"2 cards matched","damage_taken":0,"max_hp_gain":0,"max_hp_loss":0,"event_name":"Match and Keep!","floor":19,"gold_loss":0,"cards_obtained":["Phantasmal Killer","Neutralize"]},{"damage_healed":0,"gold_gain":0,"player_choice":"Obtained Book","damage_taken":16,"max_hp_gain":0,"max_hp_loss":0,"event_name":"Cursed Tome","floor":31,"gold_loss":0},{"cards_removed":["Defend_G"],"damage_healed":0,"gold_gain":0,"player_choice":"Removed Skill","damage_taken":0,"max_hp_gain":0,"max_hp_loss":0,"event_name":"Falling","floor":38,"gold_loss":0},{"damage_healed":0,"gold_gain":0,"player_choice":"Ignored","damage_taken":0,"max_hp_gain":0,"max_hp_loss":0,"event_name":"Tomb of Lord Red Mask","floor":39,"gold_loss":0}],"is_beta":false,"boss_relics":[{"not_picked":["Black Star","Coffee Dripper"],"picked":"WristBlade"},{"not_picked":["Philosopher\u0027s Stone","Empty Cage"],"picked":"Calling Bell"}],"items_purged_floors":[24],"is_endless":false,"potions_floor_spawned":[1,4,12,14,16,20,21,37,41],"killed_by":"Writhing Mass","ascension_level":5}}