{"host":"hrn9sk6g3e0vcjdq","time":1611789193,"event":{"mods":["AchievementEnabler","BaseMod","BetterRewards","Colored Map","Colored Powertips","Hubris","Minty Spire (QoL Compilation)","Quick Restart","StSLib"],"gold_per_floor":[118,118,132,148,98,98,124,138,138,138,151,151,151,164,164,265,265,285,69,81,81,92,123,137,148,199,216,231,231,231,84,84,187,187,202,125,137,157,157,157,172,182,182,182,195,46,46,46,46,46],"floor_reached":51,"language":"ENG","playtime":1810,"items_purged":[],"score":873,"play_id":"eec3a5e2-b5e0-48d8-88a1-e1cfd04df079","local_time":"20210127231313","is_ascension_mode":false,"campfire_choices":[{"data":"Vigilance","floor":6,"key":"SMITH"},{"data":"ThirdEye","floor":10,"key":"SMITH"},{"data":"Defend_P","floor":13,"key":"SMITH"},{"floor":15,"key":"REST"},{"floor":29,"key":"REST"},{"data":"Crescendo","floor":32,"key":"SMITH"},{"floor":40,"key":"REST"},{"data":"Defend_P","floor":47,"key":"SMITH"},{"data":"Defend_P","floor":49,"key":"SMITH"}],"circlet_count":0,"master_deck":["Strike_P","Strike_P","Strike_P","Defend_P+1","Defend_P+1","Defend_P+1","Defend_P+1","Eruption+1","Vigilance+1","ThirdEye+1","Wallop+1","FlurryOfBlows+1","WheelKick+1","SashWhip+1","BowlingBash+1","Crescendo+1","Ragnarok+1","Tantrum+1","Wallop+1","JustLucky+1","Ragnarok+1","CurseOfTheBell","WaveOfTheHand+1","Writhe"],"relics":["PureWater","Molten Egg 2","Oddly Smooth Stone","Meat on the Bone","Velvet Choker","HandDrill","MealTicket","Regal Pillow","TeardropLocket","DollysMirror","Calling Bell","Nunchaku","Toxic Egg 2","Du-Vu Doll","hubris:Towel","Ornamental Fan","Bag of Preparation"],"acts_visited":["Exordium","TheCity","TheBeyond"],"potions_floor_usage":[7,25,33,33,33,33,37,37,38,50,50,50],"damage_taken":[{"damage":2,"enemies":"2 Louse","floor":1,"turns":3},{"damage":0,"enemies":"Jaw Worm","floor":3,"turns":4},{"damage":0,"enemies":"Cultist","floor":4,"turns":2},{"damage":7,"enemies":"Lagavulin","floor":7,"turns":7},{"damage":0,"enemies":"Red Slaver","floor":8,"turns":4},{"damage":0,"enemies":"Lots of Slimes","floor":11,"turns":4},{"damage":7,"enemies":"Large Slime","floor":14,"turns":4},{"damage":5,"enemies":"Hexaghost","floor":16,"turns":7},{"damage":0,"enemies":"Shell Parasite","floor":18,"turns":5},{"damage":0,"enemies":"Spheric Guardian","floor":20,"turns":1},{"damage":0,"enemies":"Cultist and Chosen","floor":22,"turns":3},{"damage":10,"enemies":"Slavers","floor":23,"turns":3},{"damage":0,"enemies":"Centurion and Healer","floor":24,"turns":3},{"damage":0,"enemies":"Snecko","floor":25,"turns":2},{"damage":32,"enemies":"Sentry and Sphere","floor":27,"turns":4},{"damage":15,"enemies":"Cultist and Chosen","floor":28,"turns":6},{"damage":32,"enemies":"Collector","floor":33,"turns":5},{"damage":0,"enemies":"3 Shapes","floor":35,"turns":3},{"damage":5,"enemies":"3 Darklings","floor":37,"turns":3},{"damage":29,"enemies":"Jaw Worm Horde","floor":38,"turns":4},{"damage":30,"enemies":"Writhing Mass","floor":41,"turns":4},{"damage":0,"enemies":"3 Darklings","floor":42,"turns":3},{"damage":4,"enemies":"Maw","floor":45,"turns":6},{"damage":50,"enemies":"Awakened One","floor":50,"turns":16}],"seed_played":"-2680704968224822668","potions_obtained":[{"floor":4,"key":"Fire Potion"},{"floor":7,"key":"SteroidPotion"},{"floor":11,"key":"Energy Potion"},{"floor":22,"key":"BottledMiracle"},{"floor":24,"key":"LiquidMemories"},{"floor":28,"key":"EntropicBrew"},{"floor":35,"key":"Fire Potion"},{"floor":38,"key":"EssenceOfSteel"},{"floor":42,"key":"Ambrosia"},{"floor":45,"key":"DuplicationPotion"}],"is_trial":false,"path_per_floor":["M","?","M","M","?","R","E","M","T","R","M","?","R","M","R","B",null,"M","$","M","?","M","E","M","M","T","M","M","R","$","$","R","B",null,"M","$","M","M","?","R","M","M","T","?","M","$","R","$","R","B",null],"character_chosen":"WATCHER","items_purchased":["Molten Egg 2","Tantrum+1","HandDrill","TeardropLocket","DollysMirror","WaveOfTheHand+1","Bag of Preparation"],"campfire_rested":3,"item_purchase_floors":[0,19,19,30,31,36,46],"current_hp_per_floor":[70,70,70,70,70,70,63,63,63,63,63,63,63,56,72,67,72,72,72,72,72,72,62,62,62,62,42,39,72,56,71,71,39,72,72,72,67,38,38,72,42,42,42,60,56,71,71,72,72,34],"gold":46,"neow_bonus":"","is_daily":false,"chose_seed":false,"campfire_upgraded":6,"win_rate":0.0,"timestamp":1611789193,"path_taken":["M","?","M","M","?","R","E","M","T","R","M","?","R","M","R","BOSS","M","$","M","?","?","E","M","M","T","M","M","R","?","$","R","BOSS","M","$","M","M","?","R","M","M","T","?","M","$","R","$","R","BOSS"],"items_purchased_type":["Relic","Card","Relic","Relic","Relic","Card","Relic"],"build_version":"2020-12-22","purchased_purges":0,"victory":true,"max_hp_per_floor":[72,72,72,72,72,72,72,72,72,72,72,72,72,72,72,72,72,72,72,72,72,72,72,72,72,72,72,72,72,72,72,72,72,72,72,72,72,72,72,72,72,72,72,72,72,72,72,72,72,72],"card_choices":[{"not_picked":["EmptyMind","DeceiveReality"],"picked":"ThirdEye","floor":1},{"not_picked":["FollowUp+1","JustLucky+1"],"picked":"Wallop+1","floor":3},{"not_picked":["Vengeance","Consecrate+1"],"picked":"FlurryOfBlows+1","floor":4},{"not_picked":["JustLucky+1","Omniscience"],"picked":"WheelKick+1","floor":7},{"not_picked":["CutThroughFate+1","Consecrate+1"],"picked":"SashWhip+1","floor":8},{"not_picked":["ReachHeaven+1","JustLucky+1"],"picked":"BowlingBash+1","floor":11},{"not_picked":["Halt","Consecrate+1"],"picked":"Crescendo","floor":14},{"not_picked":["MasterReality","Alpha"],"picked":"Ragnarok+1","floor":16},{"not_picked":["Consecrate+1","Collect","ForeignInfluence"],"picked":"SKIP","floor":18},{"not_picked":["EmptyBody","BowlingBash+1","EmptyMind"],"picked":"SKIP","floor":20},{"not_picked":["Sanctity+1","ThirdEye","FollowUp+1"],"picked":"SKIP","floor":22},{"not_picked":["Swivel+1","Meditate","FollowUp+1"],"picked":"SKIP","floor":23},{"not_picked":["ClearTheMind","ThirdEye"],"picked":"JustLucky+1","floor":24},{"not_picked":["SignatureMove+1","EmptyFist+1","Indignation"],"picked":"SKIP","floor":25},{"not_picked":["InnerPeace","Omniscience","CrushJoints+1"],"picked":"SKIP","floor":27},{"not_picked":["Nirvana+1","Prostrate+1","WheelKick+1"],"picked":"SKIP","floor":28},{"not_picked":["CutThroughFate+1","Tantrum+1","FearNoEvil+1"],"picked":"SKIP","floor":35},{"not_picked":["Weave+1","MentalFortress+1","ForeignInfluence+1"],"picked":"SKIP","floor":37},{"not_picked":["Vengeance+1","JustLucky+1","Halt+1"],"picked":"SKIP","floor":38},{"not_picked":["FollowUp+1","CutThroughFate+1","Nirvana"],"picked":"SKIP","floor":41},{"not_picked":["Conclude+1","Worship+1","Nirvana+1"],"picked":"SKIP","floor":42},{"not_picked":["SashWhip+1","LikeWater","EmptyMind+1"],"picked":"SKIP","floor":45}],"player_experience":619836,"relics_obtained":[{"floor":7,"key":"Oddly Smooth Stone"},{"floor":9,"key":"Meat on the Bone"},{"floor":23,"key":"MealTicket"},{"floor":26,"key":"Regal Pillow"},{"floor":34,"key":"Nunchaku"},{"floor":34,"key":"Toxic Egg 2"},{"floor":34,"key":"Du-Vu Doll"},{"floor":43,"key":"Ornamental Fan"}],"event_choices":[{"damage_healed":0,"gold_gain":0,"player_choice":"Grow","damage_taken":0,"max_hp_gain":0,"max_hp_loss":0,"event_name":"Living Wall","floor":2,"gold_loss":0,"cards_upgraded":["Eruption"]},{"cards_removed":["Strike_P"],"damage_healed":0,"gold_gain":0,"player_choice":"Card Removal","damage_taken":0,"max_hp_gain":0,"max_hp_loss":0,"event_name":"The Cleric","floor":5,"gold_loss":50},{"damage_healed":0,"gold_gain":0,"player_choice":"Upgraded","damage_taken":0,"max_hp_gain":0,"max_hp_loss":0,"event_name":"Upgrade Shrine","floor":12,"gold_loss":0,"cards_upgraded":["Defend_P"]},{"damage_healed":0,"gold_gain":0,"player_choice":"Copied","damage_taken":0,"max_hp_gain":0,"max_hp_loss":0,"event_name":"Duplicator","floor":21,"gold_loss":0,"cards_obtained":["Wallop"]},{"damage_healed":18,"gold_gain":0,"player_choice":"Writhe","damage_taken":0,"max_hp_gain":0,"max_hp_loss":0,"event_name":"Winding Halls","floor":44,"gold_loss":0,"cards_obtained":["Writhe"]}],"is_beta":false,"boss_relics":[{"not_picked":["Tiny House","hubris:TerracottaHorce"],"picked":"Velvet Choker"},{"not_picked":["Black Star","Fusion Hammer"],"picked":"Calling Bell"}],"items_purged_floors":[],"is_endless":false,"potions_floor_spawned":[4,7,11,22,24,28,35,38,42,45],"ascension_level":0}}