{"host":"8ef2eyqaps3igadt","time":1611763889,"event":{"mods":["AchievementEnabler","Act Like it!","Aspiration","BaseMod","Better Altar","Better Match","Better Skull","Better Third Choice","Better Vampires","BetterRewards","Conspire","Curses Come First","Defuse TimeMaze Blight","Disable Question Mark Monsters","Displayed Cursed Tome","Energized Spire","Fox Events","GifTheSpireLib","Hallownest","Highlight Path","Hubris","Infinite Spire","Marked Mod","Mimic Mod","Minty Spire (QoL Compilation)","Quick Restart","Replay The Spire","Shop Mod","Spicy Shops","Spikes Relics","StS++","StSLib","Stuff the Spire","SuperFastMode","The Marked","Trackpad","Unceasing Turn Reminder","Virulent Crown","Wandering Minibosses"],"gold_per_floor":[111,111,286,303,346,346,372,372,399,82,82,21,53,73,73,175,175,192,192,206,206,206],"floor_reached":21,"language":"ENG","playtime":458,"items_purged":["Doubt"],"score":204,"play_id":"8d3b9b9e-1f2b-4878-be0d-fd24ff770a94","local_time":"20210127171129","is_ascension_mode":true,"campfire_choices":[{"data":"StSpp:Vengeance","floor":6.0,"key":"SMITH"},{"floor":11,"key":"REST"},{"floor":15,"key":"DIG"}],"circlet_count":0,"master_deck":["Strike_R","Strike_R","Strike_R+1","Strike_R","Strike_R","Defend_R","Defend_R","Defend_R","Defend_R","Bash","conspire:Charge","StSpp:Vengeance+1","Heavy Blade","Regret","Carnage","Uppercut"],"relics":["Burning Blood","Torii","Snack Pack","Regal Pillow","Pen Nib","Rawhide","Membership Card","Replay:Accelerometer","hubris:ChampionShield","SlaversCollar","Eternal Feather"],"acts_visited":["Exordium","TheCity"],"potions_floor_usage":[21],"damage_taken":[{"damage":8.0,"enemies":"Jaw Worm","floor":1.0,"turns":4.0},{"damage":1.0,"enemies":"Cultist","floor":4.0,"turns":3.0},{"damage":36.0,"enemies":"conspire:MimicChest","floor":5.0,"turns":7.0},{"damage":50,"enemies":"Lagavulin","floor":7,"turns":9},{"damage":19,"enemies":"Gremlin Nob","floor":13,"turns":4},{"damage":0,"enemies":"2 Louse","floor":14,"turns":2},{"damage":41,"enemies":"Hexaghost","floor":16,"turns":9},{"damage":32,"enemies":"conspire:FuzzyDice","floor":18,"turns":6},{"damage":48,"enemies":"Shell Parasite","floor":20,"turns":5},{"damage":22,"enemies":"conspire:HollyBat","floor":21,"turns":3}],"seed_played":"-1840738919452570380","potions_obtained":[{"floor":7,"key":"Elixir"},{"floor":20,"key":"Adrenaline Potion"}],"is_trial":false,"path_per_floor":["M","?","?","M","?","R","E","?","T","$","R","$","E","M","R","B",null,"M","?","M","M"],"character_chosen":"IRONCLAD","items_purchased":["Rawhide","Membership Card"],"campfire_rested":1,"item_purchase_floors":[10,12],"current_hp_per_floor":[78,78,78,80,50,50,8,8,8,8,47,47,38,44,44,11,80,56,56,20,0,0],"gold":206,"neow_bonus":"ONE_RARE_RELIC","is_daily":false,"chose_seed":false,"campfire_upgraded":1,"win_rate":0.0,"timestamp":1611763889,"path_taken":["M","?","?","?","?","R","E","?","T","$","R","$","E","M","R","BOSS","M","?","M","M"],"items_purchased_type":["Relic","Relic"],"build_version":"2020-12-22","purchased_purges":1,"victory":false,"max_hp_per_floor":[80,80,80,80,80,80,80,80,80,80,80,80,80,80,80,80,80,80,80,80,80,80],"card_choices":[{"not_picked":["Twin Strike","Dual Wield"],"picked":"conspire:Charge","floor":1.0},{"not_picked":["StSpp:Sprint","Wild Strike"],"picked":"Absolvement","floor":4.0},{"not_picked":["True Grit","Shrug It Off"],"picked":"StSpp:Vengeance","floor":5.0},{"not_picked":["Defy Death","Abandon"],"picked":"Heavy Blade","floor":7},{"not_picked":["Defy Death","Combust"],"picked":"Carnage","floor":13},{"not_picked":["ReplayReversal","StSpp:Sprint","hubris:ReadiedAction"],"picked":"SKIP","floor":14},{"not_picked":["Flex+1","StSpp:Vengeance","Disarm"],"picked":"SKIP","floor":18},{"not_picked":["Flex","Cleave"],"picked":"Uppercut","floor":20}],"player_experience":4885,"relics_obtained":[{"floor":5.0,"key":"Snack Pack"},{"floor":7,"key":"Regal Pillow"},{"floor":9,"key":"Pen Nib"},{"floor":13,"key":"Replay:Accelerometer"},{"floor":15,"key":"hubris:ChampionShield"}],"event_choices":[{"cards_removed":["hubris:Disease"],"damage_healed":0.0,"max_hp_gain":0.0,"max_hp_loss":0.0,"gold_gain":0.0,"event_name":"Living Wall","player_choice":"Forget","floor":2.0,"gold_loss":0.0,"damage_taken":0.0},{"damage_healed":0.0,"max_hp_gain":0.0,"max_hp_loss":0.0,"gold_gain":175.0,"event_name":"betterThird:BetterSerpent","player_choice":"AGREE","floor":3.0,"gold_loss":0.0,"damage_taken":111.0},{"cards_removed":["Absolvement"],"damage_healed":0,"gold_gain":0,"player_choice":"Gave Card","damage_taken":0,"relics_obtained":["Eternal Feather"],"max_hp_gain":0,"max_hp_loss":0,"event_name":"WeMeetAgain","floor":19,"gold_loss":0}],"is_beta":false,"boss_relics":[{"not_picked":["Runic Pyramid","conspire:RoyalGoblet"],"picked":"SlaversCollar"}],"items_purged_floors":[10],"is_endless":false,"potions_floor_spawned":[7,16,20],"killed_by":"conspire:HollyBat","ascension_level":2}}