{"host":"c97twqu0op5dg8i4","time":1611729618,"event":{"mods":["AchievementEnabler","BaseMod","Colored Map","Minty Spire (QoL Compilation)","Permanent Neow"],"gold_per_floor":[117,136,136,136,136,136,136,136,185,212,287,43,67,85,110,110,233,233,258,13,26,26,26,61,61,101,128,140,172,199,235,263,275,287,287],"floor_reached":34,"language":"ENG","playtime":781,"items_purged":[],"score":446,"play_id":"56cfc924-dee5-4aa0-b00b-ad5854540e1d","local_time":"20210127014018","is_ascension_mode":true,"campfire_choices":[{"data":"Eruption","floor":6,"key":"SMITH"},{"data":"PathToVictory","floor":8,"key":"SMITH"},{"data":"Tantrum","floor":16,"key":"SMITH"},{"floor":25,"key":"REST"},{"floor":28,"key":"REST"},{"floor":33,"key":"REST"}],"circlet_count":0,"master_deck":["Strike_P","Strike_P","Strike_P","Defend_P","Defend_P","Defend_P","Defend_P","Eruption+1","Vigilance","CutThroughFate","Halt","PathToVictory+1","Protect","Tantrum+1","Tantrum","FlyingSleeves","ClearTheMind","Vault","EmptyFist","EmptyBody","PathToVictory","EmptyBody","DeusExMachina","Wallop","Protect"],"relics":["PureWater","Golden Idol","Omamori","Oddly Smooth Stone","Strawberry","Cursed Key","Akabeko","Bag of Preparation","MealTicket","MawBank","Bronze Scales"],"acts_visited":["Exordium","TheCity"],"potions_floor_usage":[26,29,34],"damage_taken":[{"damage":0,"enemies":"2 Louse","floor":1,"turns":2},{"damage":4,"enemies":"Jaw Worm","floor":2,"turns":4},{"damage":0,"enemies":"Small Slimes","floor":13,"turns":2},{"damage":0,"enemies":"Exordium Wildlife","floor":14,"turns":3},{"damage":7,"enemies":"Looter","floor":15,"turns":2},{"damage":0,"enemies":"Slime Boss","floor":17,"turns":5},{"damage":2,"enemies":"Shell Parasite","floor":19,"turns":3},{"damage":12,"enemies":"Chosen","floor":21,"turns":3},{"damage":34,"enemies":"Book of Stabbing","floor":24,"turns":4},{"damage":25,"enemies":"Gremlin Leader","floor":26,"turns":7},{"damage":22,"enemies":"Snake Plant","floor":29,"turns":3},{"damage":4,"enemies":"Chosen and Byrds","floor":30,"turns":4},{"damage":0,"enemies":"Centurion and Healer","floor":32,"turns":5},{"damage":14,"enemies":"Automaton","floor":34,"turns":5}],"seed_played":"-7505745861465256871","potions_obtained":[{"floor":1,"key":"SpeedPotion"},{"floor":19,"key":"PowerPotion"},{"floor":26,"key":"DuplicationPotion"}],"is_trial":false,"path_per_floor":["M","M","?","?","$","R","$","R","T","T","?","$","M","M","M","R","B",null,"M","$","M","?","$","E","R","E","T","R","M","M","T","M","R","B"],"character_chosen":"WATCHER","items_purchased":["Protect","Tantrum","Strawberry","Akabeko","EmptyBody","PathToVictory"],"campfire_rested":3,"item_purchase_floors":[12,12,12,20,20,20],"current_hp_per_floor":[65,61,61,61,61,61,61,61,61,61,50,57,57,57,50,50,50,68,66,66,54,54,54,20,42,17,17,39,17,13,13,13,35,21,21],"gold":287,"neow_bonus":"THREE_CARDS","is_daily":false,"chose_seed":false,"campfire_upgraded":3,"win_rate":0.0,"timestamp":1611729618,"path_taken":["M","M","?","?","$","R","?","R","T","T","?","$","M","?","M","R","BOSS","M","$","M","?","$","E","R","E","T","R","M","M","?","M","R","BOSS"],"items_purchased_type":["Card","Card","Relic","Relic","Card","Card"],"build_version":"2020-12-22","purchased_purges":0,"victory":false,"max_hp_per_floor":[72,72,72,67,67,67,67,67,67,67,67,74,74,74,74,74,74,74,74,74,74,74,74,74,74,74,74,74,74,74,74,74,74,74,74],"card_choices":[{"not_picked":["Halt","ThirdEye"],"picked":"CutThroughFate","floor":0},{"not_picked":["Nirvana","ThirdEye"],"picked":"Halt","floor":1},{"not_picked":["CutThroughFate","EmptyFist"],"picked":"PathToVictory","floor":2},{"not_picked":["Collect","WaveOfTheHand"],"picked":"Tantrum","floor":13},{"not_picked":["ConjureBlade","SashWhip"],"picked":"FlyingSleeves","floor":14},{"not_picked":["SashWhip","Prostrate"],"picked":"ClearTheMind","floor":15},{"not_picked":["Establishment","SpiritShield"],"picked":"Vault","floor":17},{"not_picked":["EmptyBody","FlurryOfBlows"],"picked":"EmptyFist","floor":19},{"not_picked":["Pray","WheelKick","Consecrate+1"],"picked":"SKIP","floor":21},{"not_picked":["Consecrate","Adaptation"],"picked":"EmptyBody","floor":24},{"not_picked":["FearNoEvil+1","Consecrate"],"picked":"DeusExMachina","floor":26},{"not_picked":["InnerPeace","Crescendo+1"],"picked":"Wallop","floor":29},{"not_picked":["JustLucky","SandsOfTime","Prostrate+1"],"picked":"SKIP","floor":30},{"not_picked":["Meditate","FlyingSleeves+1"],"picked":"Protect","floor":32}],"player_experience":311715,"relics_obtained":[{"floor":9,"key":"Omamori"},{"floor":10,"key":"Oddly Smooth Stone"},{"floor":24,"key":"Bag of Preparation"},{"floor":26,"key":"MealTicket"},{"floor":27,"key":"MawBank"},{"floor":31,"key":"Bronze Scales"}],"event_choices":[{"damage_healed":0,"gold_gain":0,"player_choice":"Leave","damage_taken":0,"max_hp_gain":0,"max_hp_loss":0,"event_name":"The Cleric","floor":3,"gold_loss":0},{"damage_healed":0,"gold_gain":0,"player_choice":"Lose Max HP","damage_taken":0,"relics_obtained":["Golden Idol"],"max_hp_gain":0,"max_hp_loss":5,"event_name":"Golden Idol","floor":4,"gold_loss":0},{"damage_healed":0,"gold_gain":75,"player_choice":"Gather Gold","damage_taken":11,"max_hp_gain":0,"max_hp_loss":0,"event_name":"World of Goop","floor":11,"gold_loss":0},{"cards_removed":["Strike_P"],"damage_healed":0,"gold_gain":0,"player_choice":"Elegance","damage_taken":0,"max_hp_gain":0,"max_hp_loss":0,"event_name":"Back to Basics","floor":22,"gold_loss":0}],"is_beta":false,"boss_relics":[{"not_picked":["Ectoplasm","Empty Cage"],"picked":"Cursed Key"}],"items_purged_floors":[],"is_endless":false,"potions_floor_spawned":[1,19,26],"killed_by":"Automaton","ascension_level":7}}