{"host":"j4g6ia6asvpyu2b0","time":1611708802,"event":{"mods":["BaseMod","Colored Map","Minty Spire (QoL Compilation)","Permanent Neow","Quick Restart","Relic Stats","StSLib","Unceasing Turn Reminder"],"gold_per_floor":[214,225,225,400,410,436,455,455,455,455,473,473,502,516,516,516,516],"floor_reached":16,"language":"ENG","playtime":357,"items_purged":[],"score":129,"play_id":"d68348df-27f4-4d2f-bc42-e62e673034a9","local_time":"20210126175322","is_ascension_mode":true,"campfire_choices":[{"data":"Loop","floor":8,"key":"SMITH"},{"data":"Ball Lightning","floor":10,"key":"SMITH"},{"data":"Zap","floor":12,"key":"SMITH"},{"data":"Glacier","floor":15,"key":"SMITH"}],"circlet_count":0,"master_deck":["Strike_B","Strike_B","Strike_B","Defend_B","Defend_B","Defend_B","Defend_B","Zap+1","Dualcast","Melter","Loop+1","Doubt","Streamline","Ball Lightning+1","Compile Driver","Glacier+1","Barrage","Reinforced Body"],"relics":["Cracked Core","Bottled Tornado","Lizard Tail"],"acts_visited":["Exordium"],"potions_floor_usage":[6,16],"damage_taken":[{"damage":2,"enemies":"Jaw Worm","floor":1,"turns":3},{"damage":0,"enemies":"2 Louse","floor":2,"turns":2},{"damage":1,"enemies":"Cultist","floor":5,"turns":3},{"damage":20,"enemies":"Lagavulin","floor":6,"turns":6},{"damage":12,"enemies":"2 Fungi Beasts","floor":7,"turns":3},{"damage":16,"enemies":"Exordium Thugs","floor":11,"turns":4},{"damage":16,"enemies":"Gremlin Nob","floor":13,"turns":3},{"damage":0,"enemies":"Exordium Wildlife","floor":14,"turns":2},{"damage":0,"enemies":"The Guardian","floor":16,"turns":3}],"seed_played":"-383346922439826284","potions_obtained":[{"floor":1,"key":"FocusPotion"},{"floor":2,"key":"Strength Potion"},{"floor":6,"key":"DuplicationPotion"},{"floor":14,"key":"Swift Potion"}],"is_trial":false,"path_per_floor":["M","M","?","?","M","E","M","R","T","R","M","R","E","M","R","B"],"character_chosen":"DEFECT","items_purchased":[],"campfire_rested":0,"item_purchase_floors":[],"current_hp_per_floor":[73,73,66,66,65,45,33,33,33,33,17,17,1,1,1,1,1],"gold":516,"neow_bonus":"HUNDRED_GOLD","is_daily":false,"chose_seed":false,"campfire_upgraded":4,"win_rate":0.0,"timestamp":1611708802,"path_taken":["M","M","?","?","M","E","M","R","T","R","?","R","E","M","R","BOSS"],"items_purchased_type":[],"build_version":"2020-12-22","purchased_purges":0,"victory":false,"max_hp_per_floor":[75,75,75,75,75,75,75,75,75,75,75,75,75,75,75,75,75],"relic_stats":{"Lizard Tail":0,"counters":[9,29],"obtain_stats":[{"Lizard Tail":13,"Bottled Tornado":6,"Cracked Core":0},{"Lizard Tail":7,"Bottled Tornado":4,"Cracked Core":0},{"Lizard Tail":24,"Bottled Tornado":14,"Cracked Core":0}]},"card_choices":[{"not_picked":["Streamline","Rebound"],"picked":"Melter","floor":1},{"not_picked":["Sunder","Gash"],"picked":"Loop","floor":2},{"not_picked":["Redo","Reprogram"],"picked":"Streamline","floor":5},{"not_picked":["Hologram","Force Field"],"picked":"Ball Lightning","floor":6},{"not_picked":["Stack","Gash"],"picked":"Compile Driver","floor":7},{"not_picked":["Hologram","Turbo"],"picked":"Glacier","floor":11},{"not_picked":["Steam","Turbo"],"picked":"Barrage","floor":13},{"not_picked":["Hologram","Thunder Strike"],"picked":"Reinforced Body","floor":14}],"player_experience":1033906,"relics_obtained":[{"floor":6,"key":"Bottled Tornado"},{"floor":13,"key":"Lizard Tail"}],"event_choices":[{"cards_removed":["Strike_B"],"damage_healed":0,"gold_gain":0,"player_choice":"Card Removal","damage_taken":7,"max_hp_gain":0,"max_hp_loss":0,"event_name":"Golden Wing","floor":3,"gold_loss":0},{"damage_healed":0,"gold_gain":175,"player_choice":"AGREE","damage_taken":0,"max_hp_gain":0,"max_hp_loss":0,"event_name":"Liars Game","floor":4,"gold_loss":0,"cards_obtained":["Doubt"]}],"is_beta":false,"boss_relics":[],"items_purged_floors":[],"is_endless":false,"potions_floor_spawned":[1,2,6,14],"killed_by":"The Guardian","ascension_level":3}}