{"host":"qm4rv4rkpk76sbxu","time":1611766809,"event":{"mods":["BaseMod","Bestiary","Block Reminder","DeckTracker","Filter the Spire","Keyboard Shortcuts","Minty Spire (QoL Compilation)","MonsterHotkey","Quick Restart","Random Character Button","Relic Stats","Slay-I","StSLib","Unceasing Turn Reminder","ojb\u0027s Better Paths Mod","ojb\u0027s Info Mod"],"gold_per_floor":[109,109,124,139,156,4,4,4,4,4,38,38,81,95,95,186,186,199,212,212,262,283,283,283,283],"floor_reached":24,"language":"ENG","playtime":1519,"items_purged":["Defend_G"],"score":412,"play_id":"8bc4f9e2-e9a8-40d5-8a11-9ac2d1efab20","local_time":"20210127180009","is_ascension_mode":true,"campfire_choices":[{"data":"Bouncing Flask","floor":10.0,"key":"SMITH"},{"data":"Catalyst","floor":15.0,"key":"SMITH"},{"data":"Prepared","floor":23,"key":"SMITH"}],"circlet_count":0,"master_deck":["AscendersBane","Strike_G","Strike_G","Strike_G","Strike_G","Defend_G","Defend_G","Defend_G","Defend_G","Survivor","Neutralize","Footwork","Dash","Sucker Punch","Dagger Spray","Bouncing Flask+1","Catalyst+1","Prepared+1","Adrenaline","Corpse Explosion","Footwork","Acrobatics"],"relics":["Coffee Dripper","Golden Idol","Question Card","Ornamental Fan","Philosopher\u0027s Stone"],"acts_visited":["Exordium","TheCity"],"potions_floor_usage":[],"damage_taken":[{"damage":1.0,"enemies":"Small Slimes","floor":1.0,"turns":4.0},{"damage":0.0,"enemies":"Cultist","floor":3.0,"turns":4.0},{"damage":0.0,"enemies":"Jaw Worm","floor":4.0,"turns":5.0},{"damage":0.0,"enemies":"3 Louse","floor":5.0,"turns":5.0},{"damage":17.0,"enemies":"Gremlin Nob","floor":11.0,"turns":4.0},{"damage":14.0,"enemies":"3 Sentries","floor":13.0,"turns":8.0},{"damage":9.0,"enemies":"Lots of Slimes","floor":14.0,"turns":4.0},{"damage":15.0,"enemies":"The Guardian","floor":16.0,"turns":7.0},{"damage":15.0,"enemies":"Shell Parasite","floor":18.0,"turns":5.0},{"damage":26.0,"enemies":"2 Thieves","floor":19.0,"turns":3.0},{"damage":7.0,"enemies":"Snecko","floor":22.0,"turns":5.0},{"damage":9,"enemies":"Snake Plant","floor":24,"turns":1}],"seed_played":"-5614036787474614035","potions_obtained":[{"floor":1.0,"key":"AttackPotion"},{"floor":3.0,"key":"Regen Potion"},{"floor":13.0,"key":"AttackPotion"},{"floor":19.0,"key":"Dexterity Potion"}],"is_trial":false,"path_per_floor":["M","?","M","M","M","$","?","$","T","R","E","?","E","M","R","B",null,"M","M","?","?","M","R","M"],"character_chosen":"THE_SILENT","items_purchased":["Bouncing Flask"],"campfire_rested":0,"item_purchase_floors":[6],"current_hp_per_floor":[58,58,58,58,58,58,58,58,58,58,41,41,27,18,18,18,50,35,9,9,9,2,2,0,0],"gold":283,"neow_bonus":"BOSS_RELIC","is_daily":false,"chose_seed":false,"campfire_upgraded":3,"win_rate":0.0,"timestamp":1611766809,"path_taken":["M","?","M","M","?","?","?","$","T","R","E","?","E","M","R","BOSS","M","?","?","?","M","R","?"],"items_purchased_type":["Card"],"build_version":"2020-12-22","purchased_purges":1,"victory":false,"max_hp_per_floor":[66,66,66,66,66,66,60,60,60,60,60,60,60,60,60,60,60,60,60,60,60,60,60,60,60],"relic_stats":{"counters":[12,55],"Golden Idol":51,"Ornamental Fan":[20],"Question Card":7,"obtain_stats":[{"Golden Idol":7,"Ornamental Fan":13,"Philosopher\u0027s Stone":17,"Coffee Dripper":0,"Question Card":11,"Ring of the Snake":0},{"Golden Idol":4,"Ornamental Fan":6,"Philosopher\u0027s Stone":8,"Coffee Dripper":0,"Question Card":5,"Ring of the Snake":0},{"Golden Idol":18,"Ornamental Fan":30,"Philosopher\u0027s Stone":41,"Coffee Dripper":0,"Question Card":22,"Ring of the Snake":0}]},"card_choices":[{"not_picked":["Choke","Masterful Stab"],"picked":"Footwork","floor":1.0},{"not_picked":["Distraction","Bane","Deadly Poison"],"picked":"SKIP","floor":3.0},{"not_picked":["Bane","Quick Slash"],"picked":"Sucker Punch","floor":4.0},{"not_picked":["Setup","Distraction"],"picked":"Dagger Spray","floor":5.0},{"not_picked":["Bouncing Flask","Deflect"],"picked":"Catalyst","floor":11.0},{"not_picked":["Accuracy","Caltrops","Slice","Blade Dance"],"picked":"SKIP","floor":13.0},{"not_picked":["Infinite Blades","Blade Dance","Quick Slash"],"picked":"Adrenaline","floor":14.0},{"not_picked":["Storm of Steel","Phantasmal Killer","Bullet Time"],"picked":"Corpse Explosion","floor":16.0},{"not_picked":["Underhanded Strike","Flying Knee","Deadly Poison"],"picked":"Footwork","floor":18.0},{"not_picked":["PiercingWail","Riddle With Holes","Heel Hook","Tactician"],"picked":"SKIP","floor":19.0},{"not_picked":["PiercingWail","Dodge and Roll+1","Backstab+1"],"picked":"Acrobatics","floor":22}],"player_experience":1433915,"relics_obtained":[{"floor":11.0,"key":"Question Card"},{"floor":13.0,"key":"Ornamental Fan"}],"event_choices":[{"damage_healed":0.0,"max_hp_gain":0.0,"max_hp_loss":0.0,"gold_gain":0.0,"event_name":"Match and Keep!","player_choice":"1 cards matched","floor":2.0,"gold_loss":0.0,"damage_taken":0.0,"cards_obtained":["Dash"]},{"damage_healed":0.0,"max_hp_gain":0.0,"max_hp_loss":6.0,"gold_gain":0.0,"event_name":"Golden Idol","player_choice":"Lose Max HP","floor":7.0,"gold_loss":0.0,"damage_taken":0.0,"relics_obtained":["Golden Idol"]},{"damage_healed":0.0,"max_hp_gain":0.0,"max_hp_loss":0.0,"gold_gain":0.0,"cards_transformed":["Strike_G"],"event_name":"Transmorgrifier","player_choice":"Transformed","floor":12.0,"gold_loss":0.0,"damage_taken":0.0,"cards_obtained":["Prepared"]},{"damage_healed":0.0,"max_hp_gain":0.0,"max_hp_loss":0.0,"gold_gain":0.0,"event_name":"Cursed Tome","player_choice":"Ignored","floor":20.0,"gold_loss":0.0,"damage_taken":0.0},{"damage_healed":0.0,"max_hp_gain":0.0,"max_hp_loss":0.0,"gold_gain":50.0,"event_name":"Golden Shrine","player_choice":"Pray","floor":21.0,"gold_loss":0.0,"damage_taken":0.0}],"is_beta":false,"boss_relics":[{"not_picked":["Velvet Choker","Fusion Hammer"],"picked":"Philosopher\u0027s Stone"}],"items_purged_floors":[6],"is_endless":false,"potions_floor_spawned":[1,3,13,19],"killed_by":"Snake Plant","ascension_level":20}}