{"host":"vm3f1ccwgbs4oygt","time":1611778447,"event":{"mods":["BaseMod","BetterRewards","Colored Powertips","Minty Spire (QoL Compilation)","Permanent Neow","Shop Mod","StSLib"],"gold_per_floor":[117,129,129,180,192,223,223,175,228,228,247,247,247,266,266,266,266],"floor_reached":16,"language":"ENG","playtime":1600,"items_purged":[],"score":110,"play_id":"11f1bc23-03ae-4dac-bde3-e0526ccb4012","local_time":"20210127211407","is_ascension_mode":true,"campfire_choices":[{"data":"Adrenaline","floor":7,"key":"SMITH"},{"floor":10,"key":"REST"},{"data":"Survivor","floor":12,"key":"SMITH"},{"data":"Neutralize","floor":15,"key":"SMITH"}],"circlet_count":0,"master_deck":["Strike_G","Strike_G","Strike_G+1","Strike_G","Strike_G","Defend_G","Defend_G","Defend_G","Defend_G","Defend_G","Survivor+1","Neutralize+1","Underhanded Strike","Prepared","Tactician+1","Deadly Poison","Adrenaline+1","Flechettes"],"relics":["Ring of the Snake","Bag of Preparation","Bag of Marbles","White Beast Statue"],"acts_visited":["Exordium"],"potions_floor_usage":[16,16,16],"damage_taken":[{"damage":3,"enemies":"Jaw Worm","floor":1,"turns":5},{"damage":0,"enemies":"2 Louse","floor":2,"turns":3},{"damage":0,"enemies":"Small Slimes","floor":5,"turns":2},{"damage":20,"enemies":"3 Sentries","floor":6,"turns":14},{"damage":0,"enemies":"Looter","floor":11,"turns":1},{"damage":4,"enemies":"Exordium Thugs","floor":14,"turns":3},{"damage":28,"enemies":"Hexaghost","floor":16,"turns":14}],"seed_played":"-2843661217687575413","potions_obtained":[{"floor":5,"key":"Dexterity Potion"},{"floor":11,"key":"SmokeBomb"},{"floor":14,"key":"GamblersBrew"}],"is_trial":false,"path_per_floor":["M","M","?","?","M","E","R","$","T","R","M","R","?","M","R","B"],"character_chosen":"THE_SILENT","items_purchased":["Block Potion"],"campfire_rested":1,"item_purchase_floors":[8],"current_hp_per_floor":[67,67,53,53,53,33,33,33,33,54,54,54,29,25,25,0,0],"gold":266,"neow_bonus":"THREE_CARDS","is_daily":false,"chose_seed":false,"campfire_upgraded":3,"win_rate":0.0,"timestamp":1611778447,"path_taken":["M","M","?","?","M","E","R","$","T","R","M","R","?","M","R","BOSS"],"items_purchased_type":["Potion"],"build_version":"2020-12-22","purchased_purges":0,"victory":false,"max_hp_per_floor":[70,70,70,70,70,70,70,70,70,70,70,70,70,70,70,70,70],"card_choices":[{"not_picked":["Dagger Throw","Sucker Punch"],"picked":"Underhanded Strike","floor":0},{"not_picked":["Quick Slash","Dodge and Roll"],"picked":"Prepared","floor":1},{"not_picked":["Skewer","Backstab"],"picked":"Tactician","floor":2},{"not_picked":["Blade Dance","Finisher"],"picked":"Deadly Poison","floor":5},{"not_picked":["Deadly Poison","Catalyst"],"picked":"Adrenaline","floor":6},{"not_picked":["Expertise","Escape Plan","Poisoned Stab"],"picked":"SKIP","floor":11},{"not_picked":["Expertise","Riddle With Holes"],"picked":"Flechettes","floor":14}],"player_experience":915516,"relics_obtained":[{"floor":6,"key":"Bag of Preparation"},{"floor":9,"key":"Bag of Marbles"}],"event_choices":[{"damage_healed":0,"gold_gain":0,"player_choice":"Entered Light","damage_taken":14,"max_hp_gain":0,"max_hp_loss":0,"event_name":"Shining Light","floor":3,"gold_loss":0,"cards_upgraded":["Strike_G","Tactician"]},{"damage_healed":0,"gold_gain":51,"player_choice":"Gained Gold","damage_taken":0,"max_hp_gain":0,"max_hp_loss":0,"event_name":"Golden Wing","floor":4,"gold_loss":0},{"damage_healed":0,"gold_gain":0,"player_choice":"Success","damage_taken":25,"relics_obtained":["White Beast Statue"],"max_hp_gain":0,"max_hp_loss":0,"event_name":"Scrap Ooze","floor":13,"gold_loss":0}],"is_beta":false,"boss_relics":[],"items_purged_floors":[],"is_endless":false,"potions_floor_spawned":[5,11,14],"killed_by":"Hexaghost","ascension_level":2}}