{"host":"o6j8h35axmoodbwy","time":1611752525,"event":{"mods":["2.2 Compatiblity","Act Like it!","BaseMod","Colored Map","Colored Powertips","Gensokyo","Marisa（霧雨　魔理沙）","Minty Spire (QoL Compilation)","Prisma Mod","Quick Restart","Remilia（蕾米莉?）","Shop Mod","StSLib","SuperFastMode","Td1madao Mod"],"gold_per_floor":[114,132,82,82,97,97,122,122,122,122,9,9,9,22,22,97,97,112,112,112,124,136,136,36,36,85,105,0,100,114,46,46,125,125,138,157,182,197,197,229,40,40,40,40,51,51,51,69,69,69],"floor_reached":51,"language":"JPN","playtime":3007,"items_purged":["Strike_R","Strike_R"],"score":1119,"play_id":"82713c5b-ae9a-4eb5-bc25-4c2182f02524","local_time":"20210127220205","is_ascension_mode":true,"campfire_choices":[{"data":"Sword Boomerang","floor":6,"key":"SMITH"},{"data":"Bash","floor":10,"key":"SMITH"},{"data":"Shrug It Off","floor":12,"key":"SMITH"},{"data":"True Grit","floor":15,"key":"SMITH"},{"data":"Pommel Strike","floor":23,"key":"SMITH"},{"data":"Defend_R","floor":25,"key":"SMITH"},{"data":"Shrug It Off","floor":32,"key":"SMITH"},{"data":"Heavy Blade","floor":42,"key":"SMITH"},{"data":"Demon Form","floor":44,"key":"SMITH"},{"data":"Heavy Blade","floor":47,"key":"SMITH"},{"floor":49,"key":"REST"}],"circlet_count":0,"master_deck":["AscendersBane","Strike_R","Strike_R","Defend_R","Defend_R","Defend_R","Defend_R+1","Bash+1","Thunderclap","Sword Boomerang+1","Shrug It Off+1","Battle Trance","Fire Breathing","True Grit+1","Reaper","Spot Weakness","Pommel Strike+1","Heavy Blade+1","Heavy Blade+1","Uppercut","Shrug It Off+1","Demon Form+1","Shockwave","Shrug It Off","Disarm","Clothesline+1","The Bomb"],"relics":["Burning Blood","Omamori","Singing Bowl","Matryoshka","Red Skull","Snecko Eye","Boot","HornCleat","Art of War","ScarletDevilRocket","Torii","The Courier","Mark of Pain","Incense Burner","FossilizedHelix","Nunchaku"],"acts_visited":["Exordium","TheCity","TheBeyond"],"potions_floor_usage":[29,33,36,38,50],"damage_taken":[{"damage":13,"enemies":"Jaw Worm","floor":1,"turns":4},{"damage":7,"enemies":"2 Louse","floor":2,"turns":3},{"damage":1,"enemies":"Cultist","floor":5,"turns":3},{"damage":51,"enemies":"3 Sentries","floor":7,"turns":10},{"damage":10,"enemies":"Lots of Slimes","floor":14,"turns":4},{"damage":5,"enemies":"Slime Boss","floor":16,"turns":7},{"damage":40,"enemies":"Spheric Guardian","floor":18,"turns":8},{"damage":0,"enemies":"3 Byrds","floor":21,"turns":3},{"damage":13,"enemies":"Snecko","floor":22,"turns":4},{"damage":12,"enemies":"Centurion and Healer","floor":27,"turns":8},{"damage":27,"enemies":"Colosseum Slavers","floor":29,"turns":5},{"damage":7,"enemies":"Colosseum Nobs","floor":29,"turns":4},{"damage":0,"enemies":"Chosen and Byrds","floor":30,"turns":4},{"damage":69,"enemies":"Champ","floor":33,"turns":11},{"damage":6,"enemies":"Orb Walker","floor":35,"turns":4},{"damage":11,"enemies":"3 Darklings","floor":36,"turns":5},{"damage":0,"enemies":"Mind Bloom Boss Battle","floor":37,"turns":3},{"damage":30,"enemies":"Sphere and 2 Shapes","floor":38,"turns":6},{"damage":21,"enemies":"Nemesis","floor":40,"turns":7},{"damage":0,"enemies":"Maw","floor":45,"turns":5},{"damage":20,"enemies":"Writhing Mass","floor":48,"turns":6},{"damage":70,"enemies":"Awakened One","floor":50,"turns":11}],"seed_played":"-4858845185345891455","potions_obtained":[{"floor":5,"key":"Ancient Potion"},{"floor":7,"key":"Weak Potion"},{"floor":21,"key":"Fire Potion"},{"floor":29,"key":"BlessingOfTheForge"},{"floor":30,"key":"Energy Potion"},{"floor":33,"key":"FearPotion"},{"floor":36,"key":"Fire Potion"}],"is_trial":false,"path_per_floor":["M","M","?","?","M","R","E","?","T","R","$","R","?","M","R","B",null,"M","?","T","M","M","R","$","R","T","M","?","?","M","$","R","B",null,"M","M","?","M","?","E","$","R","T","R","M","?","R","M","R","B",null],"character_chosen":"IRONCLAD","items_purchased":["Fire Breathing","Uppercut","Shrug It Off","The Bomb","Energy Potion"],"campfire_rested":1,"item_purchase_floors":[11,31,31,41,41],"current_hp_per_floor":[65,64,64,64,69,69,24,50,50,50,50,50,43,39,39,40,70,44,28,28,52,51,51,51,51,51,61,61,58,76,76,76,18,71,71,91,91,67,67,58,58,58,58,58,64,64,64,52,79,48],"gold":69,"neow_bonus":"RANDOM_COMMON_RELIC","is_daily":false,"chose_seed":false,"campfire_upgraded":10,"win_rate":0.0,"timestamp":1611752525,"path_taken":["M","M","?","?","M","R","E","?","T","R","$","R","?","M","R","BOSS","M","?","?","M","?","R","?","R","T","M","?","?","?","$","R","BOSS","M","M","?","M","?","E","?","R","T","R","?","?","R","M","R","BOSS"],"items_purchased_type":["Card","Card","Card","Card","Potion"],"build_version":"2020-12-22","purchased_purges":2,"victory":true,"max_hp_per_floor":[80,80,80,80,80,80,80,80,80,80,80,80,80,80,80,80,80,82,87,87,87,87,87,87,87,87,89,89,89,89,89,89,89,89,89,91,91,91,91,91,91,91,91,91,91,91,91,93,93,93],"card_choices":[{"not_picked":["Warcry","Anger"],"picked":"Thunderclap","floor":1},{"not_picked":["True Grit","Bloodletting"],"picked":"Sword Boomerang","floor":2},{"not_picked":["Headbutt","Sword Boomerang"],"picked":"Shrug It Off","floor":5},{"not_picked":["Shrug It Off","Dark Embrace"],"picked":"Battle Trance","floor":7},{"not_picked":["Havoc","Fire Breathing"],"picked":"True Grit","floor":14},{"not_picked":["Corruption","Barricade"],"picked":"Reaper","floor":16},{"not_picked":["Dual Wield","Headbutt","Thunderclap"],"picked":"Singing Bowl","floor":18},{"not_picked":["Perfected Strike","Cleave"],"picked":"Spot Weakness","floor":21},{"not_picked":["Thunderclap","Combust"],"picked":"Pommel Strike","floor":22},{"not_picked":["Sword Boomerang","Twin Strike","Thunderclap"],"picked":"Singing Bowl","floor":27},{"not_picked":["Sword Boomerang","Armaments"],"picked":"Heavy Blade","floor":29},{"not_picked":["Battle Trance","Havoc"],"picked":"Heavy Blade","floor":30},{"not_picked":["Juggernaut","Corruption"],"picked":"Demon Form","floor":33},{"not_picked":["Flex","Perfected Strike"],"picked":"Shockwave","floor":35},{"not_picked":["Reckless Charge","Rampage","Bloodletting"],"picked":"Singing Bowl","floor":36},{"not_picked":["Shockwave","Reckless Charge"],"picked":"Shrug It Off","floor":37},{"not_picked":["Pommel Strike","Shrug It Off"],"picked":"Disarm","floor":38},{"not_picked":["Perfected Strike+1","Berserk"],"picked":"Clothesline+1","floor":40},{"not_picked":["Pummel+1","Shockwave"],"picked":"Dark Embrace+1","floor":45},{"not_picked":["Pommel Strike","Flex","Wild Strike"],"picked":"Singing Bowl","floor":48}],"player_experience":589560,"relics_obtained":[{"floor":7,"key":"Singing Bowl"},{"floor":9,"key":"Matryoshka"},{"floor":20,"key":"Boot"},{"floor":20,"key":"HornCleat"},{"floor":26,"key":"Art of War"},{"floor":26,"key":"ScarletDevilRocket"},{"floor":29,"key":"Torii"},{"floor":29,"key":"The Courier"},{"floor":37,"key":"Incense Burner"},{"floor":40,"key":"FossilizedHelix"},{"floor":43,"key":"Nunchaku"}],"event_choices":[{"cards_removed":["Strike_R"],"damage_healed":0,"gold_gain":0,"player_choice":"Card Removal","damage_taken":0,"max_hp_gain":0,"max_hp_loss":0,"event_name":"The Cleric","floor":3,"gold_loss":50},{"damage_healed":0,"gold_gain":0,"player_choice":"Ignored","damage_taken":0,"max_hp_gain":0,"max_hp_loss":0,"event_name":"Liars Game","floor":4,"gold_loss":0},{"damage_healed":26,"gold_gain":0,"player_choice":"Banana","damage_taken":0,"max_hp_gain":0,"max_hp_loss":0,"event_name":"Big Fish","floor":8,"gold_loss":0},{"damage_healed":0,"gold_gain":0,"player_choice":"Success","damage_taken":7,"relics_obtained":["Red Skull"],"max_hp_gain":0,"max_hp_loss":0,"event_name":"Scrap Ooze","floor":13,"gold_loss":0},{"damage_healed":0,"gold_gain":0,"player_choice":"Shed Blood","damage_taken":21,"max_hp_gain":5,"max_hp_loss":0,"event_name":"Forgotten Altar","floor":19,"gold_loss":0},{"damage_healed":0,"gold_gain":0,"player_choice":"Paid Fearfully","damage_taken":0,"max_hp_gain":0,"max_hp_loss":0,"event_name":"Masked Bandits","floor":28,"gold_loss":105},{"damage_healed":0,"gold_gain":0,"player_choice":"Fight","damage_taken":0,"max_hp_gain":0,"max_hp_loss":0,"event_name":"Colosseum","floor":29,"gold_loss":0},{"damage_healed":0,"gold_gain":0,"player_choice":"Fought Nobs","damage_taken":0,"max_hp_gain":0,"max_hp_loss":0,"event_name":"Colosseum","floor":29,"gold_loss":0},{"damage_healed":0,"gold_gain":0,"player_choice":"Fight","damage_taken":0,"max_hp_gain":0,"max_hp_loss":0,"event_name":"MindBloom","floor":37,"gold_loss":0},{"damage_healed":0,"gold_gain":0,"player_choice":"Ignored","damage_taken":0,"max_hp_gain":0,"max_hp_loss":0,"event_name":"Mysterious Sphere","floor":39,"gold_loss":0},{"cards_removed":["Dark Embrace"],"damage_healed":0,"gold_gain":0,"player_choice":"Removed Power","damage_taken":0,"max_hp_gain":0,"max_hp_loss":0,"event_name":"Falling","floor":46,"gold_loss":0}],"is_beta":false,"boss_relics":[{"not_picked":["Empty Cage","Philosopher\u0027s Stone"],"picked":"Snecko Eye"},{"not_picked":["Black Star","Coffee Dripper"],"picked":"Mark of Pain"}],"items_purged_floors":[11,24],"is_endless":false,"potions_floor_spawned":[5,7,14,21,29,30,33,35,36],"ascension_level":13}}