{"host":"ooods2gf71idc86d","time":1611776663,"event":{"mods":["AchievementEnabler","BaseMod","Downfall","Marisa????????","Minty Spire (QoL Compilation)","Replay The Spire","StSLib","The Cursed","The Necromancer","The Servant 0.9.4"],"gold_per_floor":[115,115,115,135,145,175,175,207,207,207,11,11,11,46,46,141,141,152,152,164,178,178,213,231,265,292,302,331,351,351,364,364,466,466,478,494,509,570,586,621,621,621],"floor_reached":41,"language":"ENG","playtime":5538,"items_purged":[],"score":729,"play_id":"56a69a4e-3f7f-4cad-b67d-c2931bd5a561","local_time":"20210127214423","is_ascension_mode":true,"campfire_choices":[{"floor":7.0,"key":"REST"},{"floor":12.0,"key":"REST"},{"data":"Defragment","floor":15.0,"key":"SMITH"},{"data":"Mirror Shield","floor":30.0,"key":"SMITH"},{"data":"Tempest","floor":32.0,"key":"SMITH"}],"circlet_count":0,"master_deck":["Defend_B+1","Defend_B","Defend_B+1","Defend_B","Zap+1","Dualcast","Sweeping Beam","Defragment+1","Streamline","Gash","Tempest+1","Conserve Battery","White Noise","Rip and Tear","Mirror Shield+1","Seek+1","BootSequence","Bite","Bite","Bite","Bite","Bite","Chill","ReplayTheSpireMod:Calculation Training","Gash","Defragment","Rebound+1","Defragment","Time Bomb","Coolheaded","ReplayRNGCard+1","Turbo+1","Panic Button","ReplayTheSpireMod:Calculation Training+1","Parasite","Go for the Eyes"],"relics":["Cracked Core","NeowsBlessing","Bottled Tornado","Akabeko","Replay:Bottled Flurry","ReplayTheSpireMod:Ring of Exchange","War Paint","Painkiller Herb","Happy Flower","TungstenRod","Guardian:PocketSentry","Bag of Preparation","Guide Book","Oddly Smooth Stone","Replay:Ringing Soul"],"acts_visited":["Exordium","TheCity","TheBeyond"],"potions_floor_usage":[39,39,41],"damage_taken":[{"damage":0.0,"enemies":"Jaw Worm","floor":1.0,"turns":1.0},{"damage":0.0,"enemies":"Cultist","floor":4.0,"turns":1.0},{"damage":0.0,"enemies":"Small Slimes","floor":5.0,"turns":2.0},{"damage":36.0,"enemies":"Gremlin Nob","floor":6.0,"turns":4.0},{"damage":25.0,"enemies":"3 Sentries","floor":8.0,"turns":6.0},{"damage":26.0,"enemies":"Gremlin Nob","floor":14.0,"turns":4.0},{"damage":3.0,"enemies":"Hexaghost","floor":16.0,"turns":8.0},{"damage":12.0,"enemies":"Shell Parasite","floor":18.0,"turns":4.0},{"damage":0.0,"enemies":"Spheric Guardian","floor":20.0,"turns":3.0},{"damage":11.0,"enemies":"Snecko","floor":21.0,"turns":3.0},{"damage":17.0,"enemies":"Replay:Snechameleon","floor":23.0,"turns":6.0},{"damage":21.0,"enemies":"Snake Plant","floor":24.0,"turns":3.0},{"damage":11.0,"enemies":"Gremlin Leader","floor":25.0,"turns":7.0},{"damage":8.0,"enemies":"Chosen and Byrds","floor":27.0,"turns":5.0},{"damage":24.0,"enemies":"Slavers","floor":28.0,"turns":4.0},{"damage":1.0,"enemies":"Snecko","floor":29.0,"turns":4.0},{"damage":0.0,"enemies":"Snake Plant","floor":31.0,"turns":2.0},{"damage":35.0,"enemies":"Automaton","floor":33.0,"turns":7.0},{"damage":6.0,"enemies":"3 Shapes","floor":35.0,"turns":3.0},{"damage":0,"enemies":"Orb Walker","floor":36,"turns":2},{"damage":8,"enemies":"4 Shapes","floor":37,"turns":4},{"damage":0,"enemies":"Writhing Mass","floor":39,"turns":4},{"damage":16,"enemies":"Reptomancer","floor":40,"turns":5},{"damage":38,"enemies":"Spire Growth","floor":41,"turns":4}],"seed_played":"5357431710731464274","potions_obtained":[{"floor":6.0,"key":"Reflective Coating"},{"floor":14.0,"key":"Energy Potion"},{"floor":16.0,"key":"Strength Potion"},{"floor":20.0,"key":"SneckoOil"},{"floor":27.0,"key":"Regen Potion"},{"floor":28.0,"key":"AttackPotion"},{"floor":29.0,"key":"Weak Potion"},{"floor":31.0,"key":"Strength Potion"},{"floor":38,"key":"ColorlessPotion"},{"floor":38,"key":"DistilledChaos"},{"floor":39,"key":"Strength Potion"}],"is_trial":false,"path_per_floor":["M","?","?","M","M","E","R","E","T","?","$","R","?","E","R","B",null,"?","?","?","?","?","E","?","E","T","?","E","?","T","?","T","B",null,"?","?","?","?","?","E","?"],"character_chosen":"DEFECT","items_purchased":["Conserve Battery","White Noise","Rip and Tear"],"campfire_rested":2,"item_purchase_floors":[11,11,11],"current_hp_per_floor":[68,53,53,53,53,17,39,14,14,14,14,36,61,35,35,32,64,52,52,52,47,39,38,25,30,30,30,24,31,31,35,35,16,47,43,49,45,24,32,25,0,0],"gold":621,"neow_bonus":"THREE_ENEMY_KILL","is_daily":false,"chose_seed":false,"campfire_upgraded":3,"win_rate":0.0,"timestamp":1611776663,"path_taken":["M","?","?","?","M","E","R","E","T","?","$","R","?","E","R","BOSS","?","?","?","?","?","E","?","E","T","?","E","?","T","?","T","BOSS","?","?","?","?","?","E","?"],"items_purchased_type":["Card","Card","Card"],"build_version":"2020-12-22","purchased_purges":0,"victory":false,"max_hp_per_floor":[75,75,75,75,75,75,75,75,75,75,75,75,75,75,75,75,75,75,52,52,52,57,57,57,57,57,57,57,57,57,57,57,57,57,57,57,57,57,57,60,60,60],"card_choices":[{"not_picked":["Go for the Eyes","Rebound"],"picked":"Sweeping Beam","floor":1.0},{"not_picked":["ReplaySort","Gash"],"picked":"Defragment","floor":4.0},{"not_picked":["Steam","Go for the Eyes"],"picked":"Streamline","floor":5.0},{"not_picked":["Force Field","Steam"],"picked":"Gash","floor":6.0},{"not_picked":["Barrage","Doom and Gloom"],"picked":"Tempest","floor":8.0},{"not_picked":["Biased Cognition","Skim"],"picked":"Mirror Shield","floor":14.0},{"not_picked":["Amplify","Meteor Strike"],"picked":"Seek","floor":16.0},{"not_picked":["Steam","Go for the Eyes+1"],"picked":"BootSequence","floor":18.0},{"not_picked":["Go for the Eyes","Steam"],"picked":"Chill","floor":20.0},{"not_picked":["Streamline","Coolheaded","Undo"],"picked":"SKIP","floor":21.0},{"not_picked":["Chill","Tempest"],"picked":"ReplayTheSpireMod:Calculation Training","floor":23.0},{"not_picked":["Fusion","ReplayGash"],"picked":"Gash","floor":24.0},{"not_picked":["Recycle","Consume"],"picked":"Defragment","floor":25.0},{"not_picked":["Panic Button","Redo"],"picked":"Rebound+1","floor":27.0},{"not_picked":["BasicCrystalCard","Biased Cognition"],"picked":"Defragment","floor":28.0},{"not_picked":["Beam Cell","Scrape"],"picked":"Time Bomb","floor":29.0},{"not_picked":["ReplaySort","FIFO Queue"],"picked":"Coolheaded","floor":31.0},{"not_picked":["ReplayTheSpireMod:Fabricate Wheel","Machine Learning"],"picked":"ReplayRNGCard","floor":33.0},{"not_picked":["Streamline+1","Coolheaded+1"],"picked":"Turbo+1","floor":35},{"not_picked":["Go for the Eyes","Streamline"],"picked":"Panic Button","floor":36},{"not_picked":["Panic Button","Steam","Genetic Algorithm+1"],"picked":"SKIP","floor":37},{"not_picked":["Steam","Barrage+1"],"picked":"ReplayTheSpireMod:Calculation Training+1","floor":38},{"not_picked":["ReplayTheSpireMod:Reroute Power","Fission","Turbo"],"picked":"SKIP","floor":39},{"not_picked":["Steam","Undo"],"picked":"Go for the Eyes","floor":40}],"player_experience":1017108,"relics_obtained":[{"floor":6.0,"key":"Bottled Tornado"},{"floor":8.0,"key":"Akabeko"},{"floor":9.0,"key":"Replay:Bottled Flurry"},{"floor":10.0,"key":"ReplayTheSpireMod:Ring of Exchange"},{"floor":14.0,"key":"War Paint"},{"floor":23.0,"key":"Happy Flower"},{"floor":25.0,"key":"TungstenRod"},{"floor":26.0,"key":"Guardian:PocketSentry"},{"floor":28.0,"key":"Bag of Preparation"},{"floor":38,"key":"Oddly Smooth Stone"},{"floor":40,"key":"Replay:Ringing Soul"}],"event_choices":[{"damage_healed":0.0,"max_hp_gain":0.0,"max_hp_loss":0.0,"gold_gain":0.0,"event_name":"Shining Light","player_choice":"Entered Light","floor":2.0,"gold_loss":0.0,"damage_taken":15.0,"cards_upgraded":["Zap","Strike_B"]},{"cards_removed":["Strike_B"],"damage_healed":0.0,"max_hp_gain":0.0,"max_hp_loss":0.0,"gold_gain":0.0,"event_name":"Wheel of Change","player_choice":"Card Removal","floor":3.0,"gold_loss":0.0,"damage_taken":0.0},{"damage_healed":25.0,"max_hp_gain":0.0,"max_hp_loss":0.0,"gold_gain":0.0,"event_name":"Big Fish","player_choice":"Banana","floor":13.0,"gold_loss":0.0,"damage_taken":0.0},{"damage_healed":0.0,"max_hp_gain":0.0,"max_hp_loss":23.0,"gold_gain":0.0,"event_name":"Vampires","player_choice":"Became a vampire","floor":19.0,"gold_loss":0.0,"damage_taken":0.0,"cards_obtained":["Bite","Bite","Bite","Bite","Bite"]},{"damage_healed":0.0,"max_hp_gain":5.0,"max_hp_loss":0.0,"gold_gain":0.0,"event_name":"Forgotten Altar","player_choice":"Shed Blood","floor":22.0,"gold_loss":0.0,"damage_taken":13.0}],"is_beta":false,"boss_relics":[{"not_picked":["SlaversCollar","Calling Bell"],"picked":"Painkiller Herb"},{"not_picked":["Runic Dome","Abe\u0027s Treasure"],"picked":"Guide Book"}],"items_purged_floors":[],"is_endless":false,"potions_floor_spawned":[6,14,16,20,27,28,29,31,39],"killed_by":"Spire Growth","ascension_level":7}}