{"host":"srk2drlvga69hbot","time":1611722115,"event":{"mods":["AchievementEnabler","BaseMod","Best Route Mod","Bestiary","Block Reminder","Colored Map","Colored Powertips","Curses Come First","Dark Map","DeckTracker","Downfall","Highlight Path","Minty Spire (QoL Compilation)","Quick Restart","Rare Cards Sparkle","Relic Stats","Slay-I","StSLib","SuperFastMode","Unceasing Turn Reminder"],"gold_per_floor":[214,227,227,227,238,238,249,276,302,81,112,112,12,12,12,111,111,127,127,127,2,2,2],"floor_reached":22,"language":"ZHS","playtime":723,"items_purged":["Strike_R","Strike_R","Strike_R"],"score":306,"play_id":"dc813005-2d27-4145-9cd7-fa854c4a0e1b","local_time":"20210127123515","is_ascension_mode":true,"campfire_choices":[{"data":"Inflame","floor":6.0,"key":"SMITH"},{"floor":15.0,"key":"REST"}],"circlet_count":0,"master_deck":["AscendersBane","Strike_R","Strike_R","Defend_R","Defend_R","Defend_R","Defend_R","Bash","Inflame+1","Rampage","Flex","Shrug It Off","Spot Weakness","Armaments","Demon Form","J.A.X."],"relics":["Burning Blood","Odd Mushroom","Regal Pillow","Vajra","Happy Flower","Golden Idol","Sozu","Enchiridion"],"acts_visited":["Exordium","TheCity"],"potions_floor_usage":[],"damage_taken":[{"damage":14.0,"enemies":"Jaw Worm","floor":1.0,"turns":4.0},{"damage":0.0,"enemies":"Small Slimes","floor":2.0,"turns":3.0},{"damage":9.0,"enemies":"2 Louse","floor":5.0,"turns":3.0},{"damage":25.0,"enemies":"Exordium Wildlife","floor":7.0,"turns":5.0},{"damage":21.0,"enemies":"The Mushroom Lair","floor":8.0,"turns":5.0},{"damage":17.0,"enemies":"Lagavulin","floor":11.0,"turns":7.0},{"damage":59.0,"enemies":"Hexaghost","floor":16.0,"turns":12.0},{"damage":36.0,"enemies":"Shell Parasite","floor":18.0,"turns":5.0},{"damage":12,"enemies":"3 Byrds","floor":22,"turns":2}],"seed_played":"-2498616298609132741","potions_obtained":[{"floor":2.0,"key":"Dexterity Potion"},{"floor":7.0,"key":"ColorlessPotion"},{"floor":8.0,"key":"Weak Potion"}],"is_trial":false,"path_per_floor":["M","M","?","?","M","R","M","?","T","$","E","$","$","?","R","B",null,"M","?","?","$","M"],"character_chosen":"IRONCLAD","items_purchased":["Vajra"],"campfire_rested":1,"item_purchase_floors":[10],"current_hp_per_floor":[60,66,71,71,68,68,49,34,34,34,23,23,23,23,60,7,57,27,27,11,11,0,0],"gold":2,"neow_bonus":"HUNDRED_GOLD","is_daily":false,"chose_seed":false,"campfire_upgraded":1,"win_rate":0.0,"timestamp":1611722115,"path_taken":["M","M","?","?","M","R","?","?","T","$","E","?","$","?","R","BOSS","M","?","?","$","?"],"items_purchased_type":["Relic"],"build_version":"2020-12-22","purchased_purges":3,"victory":false,"max_hp_per_floor":[75,75,80,80,80,80,80,80,80,80,80,80,80,74,74,74,74,74,74,74,74,74,74],"relic_stats":{"Sozu":0,"Regal Pillow":15,"Happy Flower":[6],"counters":[9,46],"Golden Idol":23,"obtain_stats":[{"Sozu":17,"Regal Pillow":9,"Happy Flower":11,"Golden Idol":14,"Vajra":10,"Enchiridion":20,"Odd Mushroom":8,"Burning Blood":0},{"Sozu":7,"Regal Pillow":5,"Happy Flower":6,"Golden Idol":6,"Vajra":5,"Enchiridion":8,"Odd Mushroom":5,"Burning Blood":0},{"Sozu":39,"Regal Pillow":20,"Happy Flower":27,"Golden Idol":27,"Vajra":20,"Enchiridion":44,"Odd Mushroom":20,"Burning Blood":0}],"Burning Blood":48},"card_choices":[{"not_picked":["Heavy Blade","Hemokinesis"],"picked":"Inflame","floor":1.0},{"not_picked":["Pommel Strike","Infernal Blade"],"picked":"Rampage","floor":2.0},{"not_picked":["Clash","Disarm"],"picked":"Flex","floor":5.0},{"not_picked":["Second Wind","Havoc"],"picked":"Shrug It Off","floor":7.0},{"not_picked":["Shrug It Off","Pommel Strike"],"picked":"Spot Weakness","floor":8.0},{"not_picked":["Body Slam","Second Wind"],"picked":"Armaments","floor":11.0},{"not_picked":["Berserk","Corruption"],"picked":"Demon Form","floor":16.0},{"not_picked":["Pommel Strike","Body Slam","Wild Strike"],"picked":"SKIP","floor":18.0}],"player_experience":301132,"relics_obtained":[{"floor":8.0,"key":"Odd Mushroom"},{"floor":9.0,"key":"Regal Pillow"},{"floor":11.0,"key":"Happy Flower"},{"floor":20.0,"key":"Enchiridion"}],"event_choices":[{"damage_healed":0.0,"max_hp_gain":5.0,"max_hp_loss":0.0,"gold_gain":0.0,"event_name":"Big Fish","player_choice":"Donut","floor":3.0,"gold_loss":0.0,"damage_taken":0.0},{"damage_healed":0.0,"max_hp_gain":0.0,"max_hp_loss":0.0,"gold_gain":0.0,"event_name":"Shining Light","player_choice":"Ignored","floor":4.0,"gold_loss":0.0,"damage_taken":0.0},{"damage_healed":0.0,"max_hp_gain":0.0,"max_hp_loss":0.0,"gold_gain":0.0,"event_name":"Mushrooms","player_choice":"Fought Mushrooms","floor":8.0,"gold_loss":0.0,"damage_taken":0.0},{"damage_healed":0.0,"max_hp_gain":0.0,"max_hp_loss":6.0,"gold_gain":0.0,"event_name":"Golden Idol","player_choice":"Lose Max HP","floor":14.0,"gold_loss":0.0,"damage_taken":0.0,"relics_obtained":["Golden Idol"]},{"damage_healed":0.0,"max_hp_gain":0.0,"max_hp_loss":0.0,"gold_gain":0.0,"event_name":"Drug Dealer","player_choice":"Obtain J.A.X.","floor":19.0,"gold_loss":0.0,"damage_taken":0.0,"cards_obtained":["J.A.X."]},{"damage_healed":0.0,"max_hp_gain":0.0,"max_hp_loss":0.0,"gold_gain":0.0,"event_name":"Cursed Tome","player_choice":"Obtained Book","floor":20.0,"gold_loss":0.0,"damage_taken":16.0}],"is_beta":false,"boss_relics":[{"not_picked":["Astrolabe","Fusion Hammer"],"picked":"Sozu"}],"items_purged_floors":[10,13,21],"is_endless":false,"potions_floor_spawned":[2,7,8],"killed_by":"3 Byrds","ascension_level":14}}