{"host":"skr63qsdfgeey3it","time":1611722215,"event":{"mods":["BaseMod","Colored Map","Hubris","Minty Spire (QoL Compilation)","Replay The Spire","Spicy Shops","StSLib"],"gold_per_floor":[116,116,291,291,342,342,306,316,316,316,316],"floor_reached":10,"language":"ENG","playtime":259,"items_purged":[],"score":92,"play_id":"10a6889e-7319-4063-bc16-dcff6a1a44fb","local_time":"20210126223655","is_ascension_mode":true,"campfire_choices":[{"data":"Beam Cell","floor":6,"key":"SMITH"}],"circlet_count":0,"master_deck":["AscendersBane","Strike_G","Strike_G","Strike_G","Strike_G","Strike_G","Defend_G","Defend_G","Defend_G","Defend_G","Defend_G","After Image","Backflip","Leap","Beam Cell+1","Doubt","Deadly Poison","Storm of Steel"],"relics":["Ring of the Snake","hubris:Icosahedron","hubris:TenFootPole","Pantograph"],"acts_visited":["Exordium"],"potions_floor_usage":[10],"damage_taken":[{"damage":4,"enemies":"2 Louse","floor":1,"turns":3},{"damage":0,"enemies":"Small Slimes","floor":7,"turns":3},{"damage":0,"enemies":"Cultist","floor":8,"turns":4},{"damage":55,"enemies":"Gremlin Nob","floor":10,"turns":5}],"seed_played":"-1936967959217069929","potions_obtained":[{"floor":8,"key":"PowerPotion"}],"is_trial":false,"path_per_floor":["M","?","?","?","T","R","M","M","T","E"],"character_chosen":"THE_SILENT","items_purchased":[],"campfire_rested":0,"item_purchase_floors":[],"current_hp_per_floor":[41,41,41,41,41,41,41,41,41,0,0],"gold":316,"neow_bonus":"THREE_RARE_CARDS","is_daily":false,"chose_seed":false,"campfire_upgraded":1,"win_rate":0.0,"timestamp":1611722215,"path_taken":["M","?","?","?","?","R","M","?","T","E"],"items_purchased_type":[],"build_version":"2020-12-22","purchased_purges":0,"victory":false,"max_hp_per_floor":[70,70,70,70,70,70,70,70,70,70,70],"card_choices":[{"not_picked":["Bullet Time","ReplayTheSpireMod:Necrosis"],"picked":"After Image","floor":0},{"not_picked":["Acrobatics","Draining Mist"],"picked":"Backflip","floor":1},{"not_picked":["Underhanded Strike","Draining Mist"],"picked":"Deadly Poison","floor":7},{"not_picked":["hubris:SlightOfHand","Hidden Blade"],"picked":"Storm of Steel","floor":8}],"player_experience":820547,"relics_obtained":[{"floor":5,"key":"hubris:TenFootPole"},{"floor":9,"key":"Pantograph"}],"event_choices":[{"damage_healed":0,"gold_gain":175,"player_choice":"AGREE","damage_taken":0,"max_hp_gain":0,"max_hp_loss":0,"event_name":"Liars Game","floor":3,"gold_loss":0,"cards_obtained":["Doubt"]}],"is_beta":false,"boss_relics":[],"items_purged_floors":[],"is_endless":false,"potions_floor_spawned":[8],"killed_by":"Gremlin Nob","ascension_level":13}}