{"host":"mmro3auxcbu5pwad","time":1611786568,"event":{"mods":["Aspiration","BaseMod","Conspire","Energized Spire","Halation","Hubris","Infinite Spire","Minty Spire (QoL Compilation)","Permanent Neow","Replay The Spire","StSLib"],"gold_per_floor":[12,25,25,50,50,50,50,3,3,3,3,3,3,3,3,131,81,102,102,117,141,141,141,141,141,166,166,166],"floor_reached":27,"language":"ENG","playtime":793,"items_purged":[],"score":217,"play_id":"5d38aca7-c036-45b0-91c4-e4c9b40e6c70","local_time":"20210127232928","is_ascension_mode":true,"campfire_choices":[{"data":"Predator","floor":6,"key":"SMITH"},{"data":"Survivor","floor":11,"key":"SMITH"},{"data":"Sucker Punch","floor":13,"key":"SMITH"},{"data":"Deflect","floor":15,"key":"SMITH"},{"floor":23,"key":"REST"},{"data":"Bullet Time","floor":25,"key":"SMITH"}],"circlet_count":0,"master_deck":["Strike_G","Strike_G","Strike_G","Strike_G","Defend_G","Defend_G","Defend_G","Defend_G","Defend_G","Survivor+1","Neutralize+1","Deflect","Predator+1","Deflect+1","Bullet Time+1","Strike_G","Cloak And Dagger","Backflip","Dodge and Roll+1"],"relics":["Ring of the Snake","Calipers","Golden Idol","conspire:BottledYoYo","halation:EternalFortune","energizedSpire:HugeHouse","aspiration:HiddenCompartment"],"acts_visited":["Exordium","TheCity"],"potions_floor_usage":[16,16,27],"damage_taken":[{"damage":2,"enemies":"Small Slimes","floor":1,"turns":3},{"damage":1,"enemies":"2 Louse","floor":2,"turns":5},{"damage":2,"enemies":"Jaw Worm","floor":4,"turns":5},{"damage":24,"enemies":"Slime Boss","floor":16,"turns":13},{"damage":21,"enemies":"Spheric Guardian","floor":18,"turns":6},{"damage":13,"enemies":"Chosen","floor":20,"turns":5},{"damage":11,"enemies":"Snecko","floor":21,"turns":7},{"damage":4,"enemies":"Cultist and Chosen","floor":27,"turns":8}],"seed_played":"-3421318397552444348","potions_obtained":[{"floor":2,"key":"SkillPotion"},{"floor":4,"key":"Fire Potion"},{"floor":20,"key":"Languid Potion"},{"floor":21,"key":"Block Potion"}],"is_trial":false,"path_per_floor":["M","M","?","M","?","R","?","$","T","?","R","?","R","$","R","B",null,"M","?","M","M","?","R","?","R","T","M"],"character_chosen":"THE_SILENT","items_purchased":["Deflect"],"campfire_rested":1,"item_purchase_floors":[8],"current_hp_per_floor":[68,67,65,63,63,63,63,63,63,63,63,66,66,66,66,42,63,42,42,29,21,21,40,40,40,40,36,36],"gold":166,"neow_bonus":"ONE_RARE_RELIC","is_daily":false,"chose_seed":false,"campfire_upgraded":5,"win_rate":0.0,"timestamp":1611786568,"path_taken":["M","M","?","M","?","R","?","$","T","?","R","?","R","$","R","BOSS","M","?","M","M","?","R","?","R","T","?"],"items_purchased_type":["Card"],"build_version":"2020-12-22","purchased_purges":0,"victory":false,"max_hp_per_floor":[70,70,65,65,65,65,65,65,65,65,65,68,68,68,68,68,63,63,63,63,66,66,66,66,66,66,66,66],"card_choices":[{"not_picked":["hubris:Counter","Prepared"],"picked":"Sucker Punch","floor":1},{"not_picked":["Hidden Blade","ReplayTheSpireMod:The Works"],"picked":"Deflect","floor":2},{"not_picked":["Poisoned Stab","Riddle With Holes"],"picked":"Predator","floor":4},{"not_picked":["Unload","Envenom"],"picked":"Bullet Time","floor":16},{"not_picked":["Poisoned Stab+1","Dodge and Roll"],"picked":"Backflip","floor":18},{"not_picked":["Slice","Eviscerate"],"picked":"Dodge and Roll+1","floor":20},{"not_picked":["Tactician","Noxious Fumes","PiercingWail+1"],"picked":"SKIP","floor":21}],"player_experience":62965,"relics_obtained":[{"floor":9,"key":"conspire:BottledYoYo"},{"floor":21,"key":"halation:EternalFortune"},{"floor":26,"key":"aspiration:HiddenCompartment"}],"event_choices":[{"damage_healed":0,"gold_gain":0,"player_choice":"Lose Max HP","damage_taken":0,"relics_obtained":["Golden Idol"],"max_hp_gain":0,"max_hp_loss":5,"event_name":"Golden Idol","floor":3,"gold_loss":0},{"damage_healed":0,"gold_gain":0,"player_choice":"Searched \u00270\u0027 times","damage_taken":0,"max_hp_gain":0,"max_hp_loss":0,"event_name":"Dead Adventurer","floor":7,"gold_loss":0},{"damage_healed":0,"gold_gain":0,"player_choice":"Grow","damage_taken":0,"max_hp_gain":0,"max_hp_loss":0,"event_name":"Living Wall","floor":10,"gold_loss":0,"cards_upgraded":["Neutralize"]},{"cards_removed":["Strike_G"],"damage_healed":0,"gold_gain":0,"player_choice":"Purged","damage_taken":0,"max_hp_gain":0,"max_hp_loss":0,"event_name":"Purifier","floor":24,"gold_loss":0}],"is_beta":false,"boss_relics":[{"not_picked":["energizedSpire:MagnifyingGlass","Replay:Ancient Bell"],"picked":"energizedSpire:HugeHouse"}],"items_purged_floors":[],"is_endless":false,"potions_floor_spawned":[2,4,20,21],"killed_by":"Cultist and Chosen","ascension_level":2}}