{"host":"6xsbn6ynqlzwllfm","time":1611782986,"event":{"mods":["2.2 Compatiblity","BaseMod","Bestiary","Colored Map","Colored Powertips","Curses Come First","Highlight Path","Keyboard Shortcuts","Minty Spire (QoL Compilation)","Relic Stats","Slay the Relics Exporter","StSLib","SuperFastMode"],"gold_per_floor":[114,114,114,135,135,135,175,175,201,222,26,26,26,101,101,101,101],"floor_reached":16,"language":"ENG","playtime":393,"items_purged":[],"score":192,"play_id":"ee432266-3d83-46ed-abd6-531751f2dae5","local_time":"20210127162946","is_ascension_mode":true,"campfire_choices":[{"data":"Bash","floor":6,"key":"SMITH"},{"data":"Anger","floor":8,"key":"SMITH"},{"data":"Dark Embrace","floor":12,"key":"SMITH"},{"data":"Flame Barrier","floor":15,"key":"SMITH"}],"circlet_count":0,"master_deck":["AscendersBane","Strike_R","Strike_R","Strike_R","Strike_R","Defend_R","Defend_R","Defend_R","Defend_R","Bash+1","Flame Barrier+1","Carnage","Anger+1","Second Wind","Dark Embrace+1"],"relics":["SacredBark","Golden Idol","InkBottle","Bag of Marbles","Happy Flower"],"acts_visited":["Exordium"],"potions_floor_usage":[7],"damage_taken":[{"damage":9,"enemies":"Jaw Worm","floor":1,"turns":4},{"damage":0,"enemies":"Small Slimes","floor":4,"turns":5},{"damage":52,"enemies":"Gremlin Nob","floor":7,"turns":5},{"damage":0,"enemies":"2 Louse","floor":10,"turns":3},{"damage":17,"enemies":"Hexaghost","floor":16,"turns":9}],"seed_played":"893677492306330275","potions_obtained":[{"floor":1,"key":"BloodPotion"}],"is_trial":false,"path_per_floor":["M","?","?","M","?","R","E","R","T","M","$","R","$","?","R","B"],"character_chosen":"IRONCLAD","items_purchased":["Happy Flower","Dark Embrace"],"campfire_rested":0,"item_purchase_floors":[11,11],"current_hp_per_floor":[59,59,52,52,52,52,27,27,27,27,27,27,27,16,16,0,0],"gold":101,"neow_bonus":"BOSS_RELIC","is_daily":false,"chose_seed":false,"campfire_upgraded":4,"win_rate":0.0,"timestamp":1611782986,"path_taken":["M","?","?","M","?","R","E","R","T","?","$","R","?","?","R","BOSS"],"items_purchased_type":["Relic","Card"],"build_version":"2020-12-22","purchased_purges":0,"victory":false,"max_hp_per_floor":[75,68,68,68,68,68,68,68,68,68,68,68,68,68,68,68,68],"relic_stats":{"Happy Flower":[3],"counters":[5,26],"Golden Idol":16,"obtain_stats":[{"Happy Flower":11,"Golden Idol":2,"SacredBark":0,"Bag of Marbles":9,"Burning Blood":0,"InkBottle":7},{"Happy Flower":4,"Golden Idol":1,"SacredBark":0,"Bag of Marbles":3,"Burning Blood":0,"InkBottle":3},{"Happy Flower":17,"Golden Idol":4,"SacredBark":0,"Bag of Marbles":14,"Burning Blood":0,"InkBottle":14}],"InkBottle":[4]},"card_choices":[{"not_picked":["Carnage","Rage"],"picked":"Flame Barrier","floor":1},{"not_picked":["Anger","Shrug It Off"],"picked":"Carnage","floor":4},{"not_picked":["Pommel Strike","Thunderclap"],"picked":"Anger","floor":7},{"not_picked":["Anger","Shrug It Off"],"picked":"Second Wind","floor":10}],"player_experience":1175836,"relics_obtained":[{"floor":7,"key":"InkBottle"},{"floor":9,"key":"Bag of Marbles"}],"event_choices":[{"damage_healed":0,"gold_gain":0,"player_choice":"Lose Max HP","damage_taken":0,"relics_obtained":["Golden Idol"],"max_hp_gain":0,"max_hp_loss":7,"event_name":"Golden Idol","floor":2,"gold_loss":0},{"cards_removed":["Strike_R"],"damage_healed":0,"gold_gain":0,"player_choice":"Card Removal","damage_taken":7,"max_hp_gain":0,"max_hp_loss":0,"event_name":"Golden Wing","floor":3,"gold_loss":0},{"damage_healed":0,"gold_gain":0,"player_choice":"Ignored","damage_taken":0,"max_hp_gain":0,"max_hp_loss":0,"event_name":"Liars Game","floor":5,"gold_loss":0},{"damage_healed":0,"gold_gain":75,"player_choice":"Gather Gold","damage_taken":11,"max_hp_gain":0,"max_hp_loss":0,"event_name":"World of Goop","floor":14,"gold_loss":0}],"is_beta":false,"boss_relics":[],"items_purged_floors":[],"is_endless":false,"potions_floor_spawned":[1],"killed_by":"Hexaghost","ascension_level":20}}