{"host":"04hh9gplt9wkfmr1","time":1611766658,"event":{"mods":["AchievementEnabler","BaseMod","Colored Map","KOR Keyword Fix","Minty Spire (QoL Compilation)","Rare Cards Sparkle","SuperFastMode"],"gold_per_floor":[114,125,136,136,151,151,178,178,178,241,241,241,260,260,260],"floor_reached":14,"language":"KOR","playtime":418,"items_purged":[],"score":122,"play_id":"47062b8a-6d99-48fc-8ced-04a21394ee07","local_time":"20210128015738","is_ascension_mode":true,"campfire_choices":[{"data":"Zap","floor":6,"key":"SMITH"},{"data":"Dualcast","floor":8,"key":"SMITH"},{"data":"Zap","floor":11,"key":"SMITH"}],"circlet_count":0,"master_deck":["Strike_B","Strike_B","Strike_B","Defend_B","Defend_B","Defend_B","Defend_B","Zap+1","Dualcast+1","Glacier","Machine Learning","Zap+1","Madness","Leap","Darkness","Aggregate","Glacier","Cold Snap","Cold Snap"],"relics":["Cracked Core","Darkstone Periapt","Sundial","Bottled Tornado"],"acts_visited":["Exordium"],"potions_floor_usage":[7,14],"damage_taken":[{"damage":7.0,"enemies":"Jaw Worm","floor":1.0,"turns":4.0},{"damage":1.0,"enemies":"Cultist","floor":2.0,"turns":3.0},{"damage":2.0,"enemies":"2 Louse","floor":3.0,"turns":3.0},{"damage":6,"enemies":"Blue Slaver","floor":5,"turns":5},{"damage":7,"enemies":"Gremlin Nob","floor":7,"turns":3},{"damage":22,"enemies":"3 Sentries","floor":10,"turns":11},{"damage":14,"enemies":"Gremlin Gang","floor":13,"turns":6},{"damage":19,"enemies":"3 Sentries","floor":14,"turns":4}],"seed_played":"2750563282360750443","potions_obtained":[{"floor":1.0,"key":"AttackPotion"},{"floor":3.0,"key":"Energy Potion"},{"floor":7,"key":"BlessingOfTheForge"}],"is_trial":false,"path_per_floor":["M","M","M","?","M","R","E","R","T","?","R","?","M","E"],"character_chosen":"DEFECT","items_purchased":[],"campfire_rested":0,"item_purchase_floors":[],"current_hp_per_floor":[68,67,65,65,59,59,52,52,52,30,30,30,16,0,0],"gold":260,"neow_bonus":"TEN_PERCENT_HP_BONUS","is_daily":false,"chose_seed":false,"campfire_upgraded":3,"win_rate":0.0,"timestamp":1611766658,"path_taken":["M","M","M","?","?","R","E","R","T","?","R","?","M","E"],"items_purchased_type":[],"build_version":"2020-12-22","purchased_purges":0,"victory":false,"max_hp_per_floor":[82,82,82,82,82,82,82,82,82,82,82,82,82,82,82],"card_choices":[{"not_picked":["Scrape","Conserve Battery","Rip and Tear"],"picked":"SKIP","floor":1.0},{"not_picked":["Leap","Barrage"],"picked":"Glacier","floor":2.0},{"not_picked":["Blizzard","Rip and Tear","Lockon"],"picked":"SKIP","floor":3.0},{"not_picked":["Sunder","Go for the Eyes"],"picked":"Aggregate","floor":5},{"not_picked":["Hello World","Aggregate"],"picked":"Glacier","floor":7},{"not_picked":["Beam Cell","Rebound"],"picked":"Cold Snap","floor":10},{"not_picked":["Barrage","Steam"],"picked":"Cold Snap","floor":13}],"player_experience":91586,"relics_obtained":[{"floor":7,"key":"Darkstone Periapt"},{"floor":9,"key":"Sundial"},{"floor":10,"key":"Bottled Tornado"}],"event_choices":[{"damage_healed":0,"gold_gain":0,"player_choice":"5 cards matched","damage_taken":0,"max_hp_gain":0,"max_hp_loss":0,"event_name":"Match and Keep!","floor":4,"gold_loss":0,"cards_obtained":["Machine Learning","Zap","Madness","Leap","Darkness"]},{"damage_healed":0,"gold_gain":0,"player_choice":"Searched \u00271\u0027 times","damage_taken":0,"max_hp_gain":0,"max_hp_loss":0,"event_name":"Dead Adventurer","floor":10,"gold_loss":0},{"cards_removed":["Strike_B"],"damage_healed":0,"gold_gain":0,"player_choice":"Offered Basic","damage_taken":0,"max_hp_gain":0,"max_hp_loss":0,"event_name":"Bonfire Elementals","floor":12,"gold_loss":0}],"is_beta":false,"boss_relics":[],"items_purged_floors":[],"is_endless":false,"potions_floor_spawned":[1,3,7],"killed_by":"3 Sentries","ascension_level":7}}