{"host":"7z347kdhnquy3q4q","time":1611734876,"event":{"mods":["Act Like it!","Aspiration","BaseMod","Downfall","Hubris","Minty Spire (QoL Compilation)","MostiFishMod","Pale of the Ancients","Permanent Neow","Potionbrewer","Replay The Spire","Robot Space Explorer","Spicy Shops","StSLib","Wandering Minibosses"],"gold_per_floor":[117,19,19,19,19,54,9,9,9,24,53,128,128,141,141,141,141],"floor_reached":16,"language":"ENG","playtime":669,"items_purged":[],"score":157,"play_id":"bc695ad5-cf70-49b8-9e28-ad7b5ce663e8","local_time":"20210127020756","is_ascension_mode":true,"campfire_choices":[{"floor":8,"key":"REST"},{"data":"Panacea","floor":13,"key":"SMITH"},{"floor":15,"key":"DIG"}],"circlet_count":0,"master_deck":["potionbrewer:PotionbrewerStrike","potionbrewer:PotionbrewerStrike","potionbrewer:PotionbrewerStrike","potionbrewer:PotionbrewerStrike","potionbrewer:PotionbrewerDefend","potionbrewer:PotionbrewerDefend","potionbrewer:PotionbrewerDefend","potionbrewer:PotionbrewerDefend","potionbrewer:Collect","potionbrewer:ChemicalSpill","Panacea+1","potionbrewer:QuickStep","MostiFishMod:ButterFly","potionbrewer:AnotherRound+1","potionbrewer:Shovel","potionbrewer:Backhand","potionbrewer:Transmute","potionbrewer:BlindingMist"],"relics":["potionbrewer:PotionKit","DaveBox","ChiXiaoBlade","SynthV:TestCard","Pantograph","Frozen Egg 2","Blue Doll","Blue Candle","Happy Flower","Replay:PocketPolymizer"],"acts_visited":["Exordium"],"potions_floor_usage":[1,6,11,16,16,16,16],"damage_taken":[{"damage":1,"enemies":"Cultist","floor":1,"turns":4},{"damage":25,"enemies":"Gremlin Nob","floor":6,"turns":4},{"damage":12,"enemies":"Jaw Worm","floor":10,"turns":3},{"damage":0,"enemies":"3 Sentries","floor":11,"turns":6},{"damage":0,"enemies":"Small Slimes","floor":14,"turns":4},{"damage":77,"enemies":"Hexaghost","floor":16,"turns":14}],"seed_played":"-1615430910672588373","potions_obtained":[],"is_trial":false,"path_per_floor":["M","$","?","T","?","E","$","R","T","M","E","?","R","M","R","B"],"character_chosen":"POTIONBREWER","items_purchased":["MostiFishMod:ButterFly","potionbrewer:Shovel"],"campfire_rested":1,"item_purchase_floors":[2,7],"current_hp_per_floor":[74,74,74,74,74,50,50,72,72,63,75,64,64,68,68,0,0],"gold":141,"neow_bonus":"RANDOM_COLORLESS","is_daily":false,"chose_seed":false,"campfire_upgraded":1,"win_rate":0.0,"timestamp":1611734876,"path_taken":["M","$","?","?","?","E","$","R","T","?","E","?","R","M","R","BOSS"],"items_purchased_type":["Card","Card"],"build_version":"2020-12-22","purchased_purges":0,"victory":false,"max_hp_per_floor":[75,75,75,75,75,75,75,75,75,75,75,75,75,75,75,75,75],"card_choices":[{"not_picked":["Replay:Sssssssssshield","Mind Blast"],"picked":"Panacea","floor":0},{"not_picked":["potionbrewer:Toxicity","potionbrewer:TimeBomb"],"picked":"potionbrewer:QuickStep","floor":1},{"not_picked":["potionbrewer:OneTwoPunch","potionbrewer:TimeBomb","potionbrewer:ExothermicReaction","potionbrewer:Shovel"],"picked":"potionbrewer:AnotherRound+1","floor":6},{"not_picked":["potionbrewer:CausticBarrier","potionbrewer:LabJournal","potionbrewer:QuickStep","potionbrewer:Toxicity"],"picked":"potionbrewer:Backhand","floor":10},{"not_picked":["potionbrewer:CausticBarrier","potionbrewer:IronFist","potionbrewer:Refill","potionbrewer:UnstableFormula","potionbrewer:Prototype"],"picked":"potionbrewer:Transmute","floor":11},{"not_picked":["potionbrewer:OneTwoPunch","potionbrewer:ExothermicReaction","potionbrewer:ChemicalShroud","potionbrewer:EmptyBottle"],"picked":"potionbrewer:BlindingMist","floor":14}],"player_experience":2011483,"relics_obtained":[{"floor":1,"key":"SynthV:TestCard"},{"floor":4,"key":"Frozen Egg 2"},{"floor":6,"key":"Blue Doll"},{"floor":9,"key":"Blue Candle"},{"floor":11,"key":"Happy Flower"},{"floor":15,"key":"Replay:PocketPolymizer"}],"event_choices":[{"damage_healed":0,"gold_gain":0,"player_choice":"Box","damage_taken":0,"relics_obtained":["Pantograph"],"max_hp_gain":0,"max_hp_loss":0,"event_name":"Big Fish","floor":3,"gold_loss":0,"cards_obtained":["Regret"]},{"cards_removed":["Regret"],"damage_healed":0,"gold_gain":0,"player_choice":"Purged","damage_taken":0,"max_hp_gain":0,"max_hp_loss":0,"event_name":"Purifier","floor":5,"gold_loss":0},{"damage_healed":0,"gold_gain":75,"player_choice":"Gather Gold","damage_taken":11,"max_hp_gain":0,"max_hp_loss":0,"event_name":"World of Goop","floor":12,"gold_loss":0}],"is_beta":false,"boss_relics":[],"items_purged_floors":[],"is_endless":false,"potions_floor_spawned":[],"killed_by":"Hexaghost","ascension_level":4}}