{"host":"ve5hox67eka4rdnb","time":1611734807,"event":{"mods":["ATMod(∞¢Ë™Mod)","Act Like it!","BaseMod","Decade(Õı–°√˜)","Downfall","Gensokyo","Hermit","Lobotomy","LobotomyExtend","Marisa£®ÏF”Í°°ƒß¿Ì…≥£©","Minty Spire (QoL Compilation)","Reimu£®≤©¿ˆ¡È√Œ£©","Remilia£®¿Ÿ√◊¿Ú—«£©","Replay The Spire","StSLib","The Cursed","The Servant 0.9.4"],"gold_per_floor":[116,116,129,54,69,69,84,114,194,206,306,306,324,341,341,445,445,457,486,411,445,5,36,36,68,68,69,69,35,35,38,38,8,8],"floor_reached":33,"language":"ZHS","playtime":3442,"items_purged":["Life Link"],"score":330,"play_id":"f273fc92-fd9b-423b-b2c1-60e93c77b212","local_time":"20210127160647","is_ascension_mode":false,"campfire_choices":[{"data":"AT_FamilyPortrait","floor":6.0,"key":"SMITH"},{"data":"AT_BodySlamDance","floor":12.0,"key":"SMITH"},{"data":"Body Slam","floor":15.0,"key":"SMITH"},{"data":"AT_Dispersion","floor":24,"key":"SMITH"},{"floor":30,"key":"REST"},{"data":"Discovery","floor":32,"key":"SMITH"}],"circlet_count":0,"master_deck":["CENSORED","AT_FamilyPortrait+1","ShyLook","Body Slam+1","OSAHOGD","AT_BodySlamDance+1","MeatLantern","UniverseFragment","LaLuna","NakedNest","BeautyBeast","Fiend Fire","Reckless Charge","Eclipse","Shockwave","Pummel","Bloodletting","ReplayTheSpireMod:Limb From Limb","Feel No Pain","ReplayTheSpireMod:Corrosion Curse","Infernal Blade","Flex","Evolve","FieryBird","Discovery+1","AT_Dispersion+1","Freischutz","Warcry+1","VoidDream","Funeral","BigBird"],"relics":["Burning Blood","AT_ATBox","CogitoBucket","RabbitCall","LetterFromLob","Peace Pipe","Gremlin Horn","ResearcherNote","SolemnVow_r","Pandora\u0027s Box","Red Mask","BargainBundle","Shuriken","Dream Catcher","CENSORED_r","Toxic Egg 2","The Courier","Replay:Ringing Soul","LuminousBracelet"],"acts_visited":["Exordium","TheCity"],"potions_floor_usage":[16,21,21,23,23,23,29,33],"damage_taken":[{"damage":1.0,"enemies":"Jaw Worm","floor":1.0,"turns":4.0},{"damage":0.0,"enemies":"Cultist","floor":3.0,"turns":3.0},{"damage":0.0,"enemies":"Small Slimes","floor":5.0,"turns":2.0},{"damage":0.0,"enemies":"Red Slaver","floor":7.0,"turns":2.0},{"damage":8.0,"enemies":"Lagavulin","floor":8.0,"turns":7.0},{"damage":9.0,"enemies":"Looter","floor":10.0,"turns":8.0},{"damage":4.0,"enemies":"2 Fungi Beasts","floor":13.0,"turns":3.0},{"damage":0.0,"enemies":"3 Louse","floor":14.0,"turns":2.0},{"damage":10,"enemies":"Hexaghost","floor":16,"turns":9},{"damage":3,"enemies":"Chosen","floor":18,"turns":3},{"damage":0,"enemies":"Masked Bandits","floor":21,"turns":3},{"damage":36,"enemies":"Gremlin Leader","floor":23,"turns":5},{"damage":37,"enemies":"Book of Stabbing","floor":25,"turns":7},{"damage":13,"enemies":"Slavers","floor":27,"turns":4},{"damage":47,"enemies":"3 Byrds","floor":29,"turns":11},{"damage":4,"enemies":"Cultist and Chosen","floor":31,"turns":5},{"damage":16,"enemies":"Collector","floor":33,"turns":4}],"seed_played":"2099974903225186724","potions_obtained":[{"floor":1.0,"key":"Fire Potion"},{"floor":3.0,"key":"LifebloodPotion"},{"floor":7.0,"key":"SpeedPotion"},{"floor":10.0,"key":"Fire Potion"},{"floor":19,"key":"Regen Potion"},{"floor":21,"key":"FearPotion"},{"floor":27,"key":"champ:CounterPotion"},{"floor":31,"key":"Block Potion"}],"is_trial":false,"path_per_floor":["M","?","M","$","M","R","M","E","T","M","?","R","M","M","R","B",null,"M","?","?","?","$","E","R","E","T","E","?","M","R","M","R","B"],"character_chosen":"IRONCLAD","items_purchased":["BargainBundle","Shuriken","MagicPotion:ReiMu","Discovery"],"campfire_rested":1,"item_purchase_floors":[22,22,22,22],"current_hp_per_floor":[80,80,80,80,80,80,80,78,78,75,75,75,77,80,80,76,80,80,60,60,75,75,61,61,42,42,51,36,53,83,106,106,94,94],"gold":8,"neow_bonus":"","is_daily":false,"chose_seed":false,"campfire_upgraded":5,"win_rate":0.0,"timestamp":1611734807,"path_taken":["M","?","M","$","?","R","M","E","T","?","?","R","?","M","R","BOSS","M","?","?","?","$","E","R","E","T","E","?","M","R","M","R","BOSS"],"items_purchased_type":["Relic","Relic","Potion","Card"],"build_version":"2020-12-22","purchased_purges":1,"victory":false,"max_hp_per_floor":[80,80,80,80,80,80,80,80,80,80,80,80,80,80,80,80,80,80,80,80,80,80,80,80,80,80,80,85,103,103,106,106,106,106],"card_choices":[{"not_picked":["Murderer","SpiderBud","BigBird"],"picked":"Singing Bowl","floor":1.0},{"not_picked":["VoidDream","Wellcheers"],"picked":"ShyLook","floor":1.0},{"not_picked":["Anger","Heavy Blade"],"picked":"Body Slam","floor":1.0},{"not_picked":["PunishingBird","VoidDream"],"picked":"OSAHOGD","floor":3.0},{"not_picked":["Shockwave","Heavy Blade"],"picked":"AT_BodySlamDance","floor":3.0},{"not_picked":["WallGazer","Mercenary"],"picked":"MeatLantern","floor":5.0},{"not_picked":["Heavy Blade","Pommel Strike"],"picked":"Combust","floor":5.0},{"not_picked":["OldLady","GreedKing"],"picked":"UniverseFragment","floor":7.0},{"not_picked":["Evolve","Heavy Blade","Clothesline"],"picked":"SKIP","floor":7.0},{"not_picked":["Murderer","HappyTeddy","SpiderBud"],"picked":"Singing Bowl","floor":8.0},{"not_picked":["True Grit","Twin Strike","Clothesline"],"picked":"SKIP","floor":8.0},{"not_picked":["WallGazer","Wellcheers","Scorched"],"picked":"Singing Bowl","floor":10.0},{"not_picked":["WhitesApple","Rudolta"],"picked":"LaLuna","floor":10.0},{"not_picked":["Pommel Strike","Run Through","Cleave"],"picked":"SKIP","floor":10.0},{"not_picked":["Bloodbath","HappyTeddy"],"picked":"Funeral","floor":13.0},{"not_picked":["Anger","Shockwave","Run Through"],"picked":"SKIP","floor":13.0},{"not_picked":["BeautyBeast","HappyTeddy"],"picked":"NakedNest","floor":14.0},{"not_picked":["Sword Boomerang","Sentinel","Clash"],"picked":"SKIP","floor":14.0},{"not_picked":["Bloodbath","BlackArmy","CrumblingArmor"],"picked":"Singing Bowl","floor":16},{"not_picked":["Wellcheers","GreedKing"],"picked":"BeautyBeast","floor":16},{"not_picked":["Eclipse","Reaper"],"picked":"Fiend Fire","floor":16},{"not_picked":["Yin","Bloodbath","SnowQueen"],"picked":"Singing Bowl","floor":18},{"not_picked":["LittleHelper","Bloodbath"],"picked":"CENSORED","floor":18},{"not_picked":["Infernal Blade+1","AT_IchimonjiDouble"],"picked":"Flex","floor":18},{"not_picked":["Combust","AT_IchimonjiDouble"],"picked":"Evolve","floor":19},{"not_picked":["SingingMachine","WallGazer"],"picked":"FieryBird","floor":21},{"not_picked":["FairyFestival","Laetitia","HappyTeddy"],"picked":"Singing Bowl","floor":23},{"not_picked":["Bloodbath","Scarecrow"],"picked":"QueenOfHatred","floor":23},{"not_picked":["Armaments","Whirlwind"],"picked":"AT_Dispersion","floor":23},{"not_picked":["PunishingBird","PlagueDoctor"],"picked":"Freischutz","floor":25},{"not_picked":["Pommel Strike","AT_DiedThrough+1"],"picked":"Warcry+1","floor":25},{"not_picked":["BlackSwan","CrumblingArmor","Murderer"],"picked":"Singing Bowl","floor":27},{"not_picked":["DreamingCurrent","Mercenary"],"picked":"VoidDream","floor":27},{"not_picked":["AT_IchimonjiDouble","Thunderclap+1","Dual Wield+1"],"picked":"SKIP","floor":27},{"not_picked":["Laetitia","WallGazer","MHz"],"picked":"Singing Bowl","floor":29},{"not_picked":["RedShoes","Porccubus"],"picked":"Funeral","floor":29},{"not_picked":["Reckless Charge","Rampage+1","Armaments+1"],"picked":"SKIP","floor":29},{"not_picked":["Porccubus","Laetitia"],"picked":"BigBird","floor":31},{"not_picked":["Perfected Strike","Anger","Clothesline"],"picked":"SKIP","floor":31}],"player_experience":190576,"relics_obtained":[{"floor":1.0,"key":"LetterFromLob"},{"floor":8.0,"key":"Peace Pipe"},{"floor":9.0,"key":"Gremlin Horn"},{"floor":21,"key":"Red Mask"},{"floor":23,"key":"Dream Catcher"},{"floor":25,"key":"Toxic Egg 2"},{"floor":26,"key":"The Courier"},{"floor":27,"key":"Replay:Ringing Soul"}],"event_choices":[{"damage_healed":0.0,"max_hp_gain":0.0,"max_hp_loss":0.0,"gold_gain":0.0,"cards_transformed":["Bash"],"event_name":"Transmorgrifier","player_choice":"Transformed","floor":2.0,"gold_loss":0.0,"damage_taken":0.0,"cards_obtained":["Life Link"]},{"damage_healed":0.0,"max_hp_gain":0.0,"max_hp_loss":0.0,"gold_gain":100.0,"event_name":"Golden Shrine","player_choice":"Pray","floor":11.0,"gold_loss":0.0,"damage_taken":0.0},{"cards_removed":["Combust"],"damage_healed":0,"gold_gain":0,"player_choice":"Gave Gold","damage_taken":0,"max_hp_gain":0,"max_hp_loss":0,"event_name":"Beggar","floor":20,"gold_loss":75},{"damage_healed":0,"gold_gain":0,"player_choice":"Fought Bandits","damage_taken":0,"max_hp_gain":0,"max_hp_loss":0,"event_name":"Masked Bandits","floor":21,"gold_loss":0},{"damage_healed":0,"gold_gain":0,"player_choice":"Shed Blood","damage_taken":20,"max_hp_gain":5,"max_hp_loss":0,"event_name":"Forgotten Altar","floor":28,"gold_loss":0}],"is_beta":false,"boss_relics":[{"not_picked":["Snecko Eye","Ooze Armor"],"picked":"Pandora\u0027s Box"}],"items_purged_floors":[4],"is_endless":false,"potions_floor_spawned":[1,3,7,10,21,27,31],"killed_by":"Collector","ascension_level":0}}