{"host":"17xjy7b7ubl548g2","time":1611726042,"event":{"mods":["2.2 Compatiblity","Act Like it!","Aspiration","Astrologer","Bard","BaseMod","Challenge The Spire","ChefMod","Colored Map","Colored Powertips","Conspire","Elementarium","Energized Spire","Gensokyo","GifTheSpireLib","Halation","Hallownest","Hermit","Hubris","Infinite Spire","Jedi Mod","Jorbs\u0027s Wanderer Trilogy","Marisa（霧雨　魔理沙）","Marked Mod","Menagerie","Minty Spire (QoL Compilation)","Permanent Neow","Reliquary","Replay The Spire","Robot Space Explorer","Spicy Shops","Spire Arcade","StSLib","Stuff the Spire","The Blue Laboratory","The Bug Knight","The Construct","The Disciple","The Hayseed","The Hierophant","The Marked","The Runesmith","The Sage","TheFirefly"],"gold_per_floor":[111,6,6,6,17,42,42,71,148,148,73,99,4,32,32,110,110,120,120,120],"floor_reached":19,"language":"ENG","playtime":2413,"items_purged":["Strike_B"],"score":392,"play_id":"f2f15d84-92e1-40c6-a595-2925371b1fc3","local_time":"20210127004042","is_ascension_mode":true,"campfire_choices":[{"data":"Hologram","floor":7.0,"key":"SMITH"},{"data":"Tempest","floor":15.0,"key":"SMITH"}],"circlet_count":0,"master_deck":["AscendersBane","Strike_B","Strike_B","Strike_B","Defend_B","Defend_B","Defend_B","Defend_B","Tempest+1","Steam","Hologram+1","jedi:blockon","Compile Driver","Hallownest:skillGreenpathMap","jedi:locknload","Flash of Steel","Hyperbeam","Ball Lightning","hubris:DuctTapeCard"],"relics":["Cracked Core","Hallownest:DreamNailRelic","aspiration:HiddenCompartment","Pear","hubris:DuctTape","Sundial","halation:PromiseList","aspiration:FutureDiary"],"acts_visited":["Exordium","Hallownest:Greenpath"],"potions_floor_usage":[19],"damage_taken":[{"damage":2.0,"enemies":"Hallownest:2_MossCreeps","floor":1.0,"turns":5.0},{"damage":0.0,"enemies":"Hallownest:monsterHuskWarrior","floor":5.0,"turns":3.0},{"damage":7.0,"enemies":"Hallownest:eliteMossKnight","floor":6.0,"turns":16.0},{"damage":5.0,"enemies":"Hallownest:eliteVengeflyKing","floor":8.0,"turns":8.0},{"damage":1.0,"enemies":"Hallownest:eliteMossKnight","floor":12.0,"turns":10.0},{"damage":0.0,"enemies":"Hallownest:eliteVengeflyKing","floor":14.0,"turns":4.0},{"damage":39.0,"enemies":"Hallownest:BossBrokenVessel","floor":16.0,"turns":9.0},{"damage":0.0,"enemies":"Hallownest:Guard_and_Sentry","floor":18.0,"turns":4.0},{"damage":7,"enemies":"Hallownest:3_Youths","floor":19,"turns":2}],"seed_played":"8120128668760925878","potions_obtained":[{"floor":6.0,"key":"jedi:hoardpotion"},{"floor":8.0,"key":"Dexterity Potion"},{"floor":14.0,"key":"blueLaboratory:FrostheartPotion"},{"floor":16.0,"key":"FearPotion"}],"is_trial":false,"path_per_floor":["M","$","?","?","M","E","R","E","T","?","?","E","$","E","R_BF","B",null,"M","M"],"character_chosen":"DEFECT","items_purchased":["Steam","Flash of Steel"],"campfire_rested":0,"item_purchase_floors":[2,13],"current_hp_per_floor":[62,62,62,62,62,55,55,60,60,60,60,59,59,59,59,35,70,70,63,63],"gold":120,"neow_bonus":"UPGRADE_CARD","is_daily":false,"chose_seed":false,"campfire_upgraded":2,"win_rate":0.0,"timestamp":1611726042,"path_taken":["M","?","?","?","?","E","R","E","T","?","?","E","?","E","R_BF","BOSS","M","M"],"items_purchased_type":["Card","Card"],"build_version":"2020-12-22","purchased_purges":1,"victory":false,"max_hp_per_floor":[71,71,71,71,71,71,71,81,81,81,81,81,81,81,81,81,81,81,81,81],"card_choices":[{"not_picked":["Panic Button","Gash"],"picked":"Tempest","floor":1.0},{"not_picked":["jedi:spotbugs","hubris:Ukulele"],"picked":"Hologram","floor":5.0},{"not_picked":["Fusion","Beam Cell"],"picked":"jedi:blockon","floor":6.0},{"not_picked":["Self Repair","Hologram"],"picked":"Compile Driver","floor":8.0},{"not_picked":["Go for the Eyes","BootSequence"],"picked":"jedi:locknload","floor":12.0},{"not_picked":["conspire:SharedLibrary","Streamline","Redo"],"picked":"SKIP","floor":14.0},{"not_picked":["Amplify","hubris:Prefetch"],"picked":"Hyperbeam","floor":16.0},{"not_picked":["Barrage","jedi:markofdeath"],"picked":"Ball Lightning","floor":18.0}],"player_experience":1988749,"relics_obtained":[{"floor":6.0,"key":"aspiration:HiddenCompartment"},{"floor":8.0,"key":"Pear"},{"floor":9.0,"key":"hubris:DuctTape"},{"floor":12.0,"key":"Sundial"},{"floor":14.0,"key":"halation:PromiseList"}],"event_choices":[],"is_beta":false,"boss_relics":[{"not_picked":["aspiration:WatcherSkillbook","construct:ClawGrip"],"picked":"aspiration:FutureDiary"}],"items_purged_floors":[2],"is_endless":false,"potions_floor_spawned":[6,8,14,16,18],"killed_by":"Hallownest:3_Youths","ascension_level":20}}