{"host":"pcbz64t4k17ey4z1","time":1611779358,"event":{"mods":["2.2 Compatiblity","AchievementEnabler","Act Like it!","Aspiration","BaseMod","Beaked The Cultist","Better Match","Better Third Choice","BetterRewards","Card Forge","Colored Map","Colored Powertips","Conspire","Disable Question Mark Monsters","Fireblade Mod","Friendly Minions","Gensokyo","GifTheSpireLib","Glutton Mod","Googly Eyes","Gremlin Mod","Hermit","Hubris","Infinite Spire","Koishi","Marisa????????","Minty Spire (QoL Compilation)","Permanent Neow","Potionbrewer","Quick Restart","Random Character Button","Rare Cards Sparkle","Relic Filter","Replay The Spire","Robot Space Explorer","Shade Mod","Shop Mod","Spicy Shops","StSLib","Stuff the Spire","SuperFastMode","The Cursed","The Druid","The Gatherer","The Hierophant","The IronCluck","The Jungle","The Marked","The Runesmith","Virulent Crown","Waifu the Spire","Wandering Minibosses"],"gold_per_floor":[113,124,141,152,202,234,104,118,118,144,144,161,161,193,193,290,290,250,263,277,277,303,303,333,30,30,90,139,166,166,181,181,280,280,347,365,89,102,111,111,145,145,169,204,223,234,234,273,273,273],"floor_reached":51,"language":"ENG","playtime":2457,"items_purged":[],"score":953,"play_id":"8b9afaba-d2e4-4b33-8052-99884451843e","local_time":"20210127202918","is_ascension_mode":true,"campfire_choices":[{"floor":11.0,"key":"REST"},{"floor":13.0,"key":"REST"},{"data":"hermit:BodyArmor","floor":15.0,"key":"SMITH"},{"data":"hermit:Shortfuse","floor":23.0,"key":"SMITH"},{"floor":32.0,"key":"REST"},{"data":"hermit:EyeOfTheStorm","floor":49,"key":"SMITH"}],"circlet_count":0,"master_deck":["hermit:Strike_Hermit+1","hermit:Strike_Hermit+1","hermit:Defend_Hermit+1","hermit:Defend_Hermit+1","hermit:Defend_Hermit+1","hermit:Defend_Hermit+1","hermit:Snapshot+1","hermit:Covet+1","hermit:BodyArmor+1","hermit:Malice+1","hermit:Glare","hermit:Maintenance+1","hermit:EyeOfTheStorm+1","hermit:Glare","hermit:Shortfuse+1","hermit:FullyLoaded+1","Pot Of Greed+1","Pot Of Greed+1","hermit:Glare","hermit:DeadOrAlive+1","hermit:CursedWeapon+1","hermit:GoldenBullet+1","StuffTheSpire:Ambrosia","hermit:Quickdraw+1","hubris:NaturalOne"],"relics":["hermit:Momento","Hammer of Thor","Seething Fire","Anvil of the Gods","Lantern","Grinning Jar","Toy Ornithopter","Busted Crown","Matryoshka","Singing Bowl","StuffTheSpire:Experiment12","Potion Belt","hubris:ToyBattleship","Mirror","conspire:Dentures","aspiration:MobileForge","wanderingMiniBosses:ThiefScarf","Snack Pack","Iron Hammer","CeramicFish","hubris:Icosahedron","Oddly Smooth Stone","StuffTheSpire:ForceGauntlet","Blood Vial","hubris:64BitClover","StuffTheSpire:SapphireSignet"],"acts_visited":["Exordium","TheCity","TheBeyond"],"potions_floor_usage":[35,35,41,41,50,50,50,50],"damage_taken":[{"damage":0.0,"enemies":"Jaw Worm","floor":1.0,"turns":3.0},{"damage":0.0,"enemies":"2 Louse","floor":2.0,"turns":2.0},{"damage":0.0,"enemies":"Cultist","floor":3.0,"turns":4.0},{"damage":0.0,"enemies":"Exordium Thugs","floor":4.0,"turns":5.0},{"damage":39.0,"enemies":"Gremlin Nob","floor":6.0,"turns":5.0},{"damage":9.0,"enemies":"3 Louse","floor":8.0,"turns":4.0},{"damage":2.0,"enemies":"3 Sentries","floor":10.0,"turns":7.0},{"damage":0.0,"enemies":"2 Fungi Beasts","floor":12.0,"turns":2.0},{"damage":0.0,"enemies":"Gremlin Nob","floor":14.0,"turns":2.0},{"damage":18.0,"enemies":"The Guardian","floor":16.0,"turns":9.0},{"damage":13.0,"enemies":"3 Byrds","floor":18.0,"turns":8.0},{"damage":10.0,"enemies":"Spheric Guardian","floor":19.0,"turns":4.0},{"damage":7.0,"enemies":"Snake Plant","floor":20.0,"turns":5.0},{"damage":0.0,"enemies":"Centurion and Healer","floor":22.0,"turns":5.0},{"damage":12.0,"enemies":"Gremlin Leader","floor":24.0,"turns":9.0},{"damage":5.0,"enemies":"Slavers","floor":27.0,"turns":6.0},{"damage":29.0,"enemies":"Gremlin Leader","floor":29.0,"turns":13.0},{"damage":5.0,"enemies":"Cultist and Chosen","floor":31.0,"turns":4.0},{"damage":27.0,"enemies":"Champ","floor":33.0,"turns":11.0},{"damage":3,"enemies":"Orb Walker","floor":35,"turns":5},{"damage":4,"enemies":"3 Darklings","floor":36,"turns":7},{"damage":6,"enemies":"Maw","floor":38,"turns":4},{"damage":17,"enemies":"Nightmare","floor":41,"turns":3},{"damage":8,"enemies":"Nemesis","floor":44,"turns":5},{"damage":2,"enemies":"Transient","floor":45,"turns":5},{"damage":5,"enemies":"4 Shapes","floor":46,"turns":2},{"damage":2,"enemies":"3 Darklings","floor":48,"turns":2},{"damage":17,"enemies":"infinitespire:MassOfShapes","floor":50,"turns":5}],"seed_played":"7237908103274184390","potions_obtained":[{"floor":2.0,"key":"SpeedPotion"},{"floor":3.0,"key":"Milkshake"},{"floor":4.0,"key":"Block Potion"},{"floor":6.0,"key":"SteroidPotion"},{"floor":24.0,"key":"potionbrewer:CleansingPotion"},{"floor":27.0,"key":"SteroidPotion"},{"floor":33.0,"key":"EntropicBrew"},{"floor":36,"key":"potionbrewer:AcidPotion"},{"floor":44,"key":"GamblersBrew"},{"floor":48,"key":"BlessingOfTheForge"}],"is_trial":false,"path_per_floor":["M","M","M","M","?","E","$","M","T","E","R","M","R","E","R","B",null,"M","M","M","?","M","R","E","$","T","E","T","E","?","M","R","B",null,"M","M","$","M","?","?","NM","T","T","E","M","M","T","M","R","B",null],"character_chosen":"HERMIT","items_purchased":["hermit:Glare","hermit:Shortfuse","hermit:CursedWeapon+1","Singing Bowl","Iron Hammer","CeramicFish"],"campfire_rested":3,"item_purchase_floors":[7,7,25,25,37,37],"current_hp_per_floor":[75,75,75,75,75,36,36,27,27,27,49,51,73,75,75,59,75,64,54,47,47,52,52,40,40,40,35,35,13,16,13,37,17,84,85,84,84,84,84,84,74,74,74,73,78,82,82,87,87,96],"gold":273,"neow_bonus":"TRANSFORM_TWO_CARDS","is_daily":false,"chose_seed":false,"campfire_upgraded":3,"win_rate":0.0,"timestamp":1611779358,"path_taken":["M","M","M","M","?","E","$","M","T","E","R","M","R","E","R","BOSS","M","M","M","?","?","R","E","$","T","E","?","E","?","M","R","BOSS","M","M","$","M","?","?","NM","?","T","E","M","M","?","M","R","BOSS"],"items_purchased_type":["Card","Card","Card","Relic","Relic","Relic"],"build_version":"2020-12-22","purchased_purges":0,"victory":true,"max_hp_per_floor":[75,75,75,75,75,75,75,75,75,75,75,75,75,75,75,75,75,75,75,75,75,75,75,75,75,75,75,75,77,80,82,82,84,84,86,88,88,90,90,90,91,91,91,94,97,100,100,103,103,104],"card_choices":[{"not_picked":["hermit:Dive","hermit:Glare"],"picked":"hermit:Malice","floor":1.0},{"not_picked":["hermit:BodyArmor","hermit:Headshot","hermit:WideOpen"],"picked":"SKIP","floor":2.0},{"not_picked":["hermit:Feint","hermit:Headshot"],"picked":"hermit:Glare","floor":3.0},{"not_picked":["hermit:TrackingShot","hermit:DeadMansHand"],"picked":"hermit:Maintenance","floor":4.0},{"not_picked":["hermit:BodyArmor","hermit:CalledShot"],"picked":"hermit:EyeOfTheStorm","floor":6.0},{"not_picked":["hermit:Quickdraw","hermit:Brawl"],"picked":"hermit:FullyLoaded","floor":8.0},{"not_picked":["hermit:BodyArmor","hermit:DeadMansHand","hermit:TakeAim"],"picked":"SKIP","floor":10.0},{"not_picked":["hermit:Gestalt","hermit:HighCaliber","hermit:Snipe"],"picked":"SKIP","floor":12.0},{"not_picked":["hermit:HighCaliber","hermit:Enervate"],"picked":"hermit:Glare","floor":14.0},{"not_picked":["hermit:Magnum","hermit:Roughhouse"],"picked":"hermit:DeadOrAlive","floor":16.0},{"not_picked":["hermit:Roulette"],"picked":"SKIP","floor":18.0},{"not_picked":["hermit:LowProfile"],"picked":"SKIP","floor":19.0},{"not_picked":["hermit:Roulette"],"picked":"SKIP","floor":20.0},{"not_picked":["hermit:TakeCover"],"picked":"SKIP","floor":22.0},{"not_picked":["hermit:Combo+1"],"picked":"SKIP","floor":24.0},{"not_picked":[],"picked":"hermit:GoldenBullet","floor":27.0},{"not_picked":["hermit:Glare"],"picked":"Singing Bowl","floor":29.0},{"not_picked":["hermit:Roulette"],"picked":"Singing Bowl","floor":31.0},{"not_picked":["hermit:EternalForm"],"picked":"Singing Bowl","floor":33.0},{"not_picked":["hermit:Shortfuse"],"picked":"Singing Bowl","floor":35},{"not_picked":["hermit:Malice+1"],"picked":"Singing Bowl","floor":36},{"not_picked":["hermit:HighCaliber+1"],"picked":"Singing Bowl","floor":38},{"not_picked":["StuffTheSpire:Innocence","StuffTheSpire:Harmony"],"picked":"StuffTheSpire:Ambrosia","floor":39},{"not_picked":[],"picked":"hermit:Quickdraw+1","floor":41},{"not_picked":["hermit:Gestalt+1"],"picked":"Singing Bowl","floor":44},{"not_picked":["hermit:Vantage"],"picked":"Singing Bowl","floor":45},{"not_picked":["hermit:TrackingShot+1"],"picked":"Singing Bowl","floor":46},{"not_picked":["hermit:Misfire"],"picked":"Singing Bowl","floor":48}],"player_experience":3375219,"relics_obtained":[{"floor":6.0,"key":"Lantern"},{"floor":9.0,"key":"Snack Pack"},{"floor":10.0,"key":"Grinning Jar"},{"floor":14.0,"key":"Toy Ornithopter"},{"floor":24.0,"key":"Matryoshka"},{"floor":26.0,"key":"StuffTheSpire:Experiment12"},{"floor":26.0,"key":"Potion Belt"},{"floor":27.0,"key":"hubris:ToyBattleship"},{"floor":28.0,"key":"Mirror"},{"floor":28.0,"key":"potionbrewer:Torch"},{"floor":29.0,"key":"conspire:Dentures"},{"floor":35,"key":"wanderingMiniBosses:ThiefScarf"},{"floor":35,"key":"Snack Pack"},{"floor":41,"key":"Oddly Smooth Stone"},{"floor":42,"key":"StuffTheSpire:ForceGauntlet"},{"floor":43,"key":"Blood Vial"},{"floor":44,"key":"hubris:64BitClover"},{"floor":47,"key":"StuffTheSpire:SapphireSignet"}],"event_choices":[{"damage_healed":0.0,"max_hp_gain":0.0,"max_hp_loss":0.0,"gold_gain":50.0,"event_name":"Golden Wing","player_choice":"Gained Gold","floor":5.0,"gold_loss":0.0,"damage_taken":0.0},{"damage_healed":0.0,"max_hp_gain":0.0,"max_hp_loss":0.0,"gold_gain":0.0,"event_name":"Upgrade Shrine","player_choice":"Upgraded","floor":21.0,"gold_loss":0.0,"damage_taken":0.0,"cards_upgraded":["hermit:DeadOrAlive"]}],"is_beta":false,"boss_relics":[{"not_picked":["conspire:RunicOctahedron","hermit:ClaspedLocket"],"picked":"Busted Crown"},{"not_picked":["Honey Jar","aspiration:SecretTechniqueScroll"],"picked":"aspiration:MobileForge"}],"items_purged_floors":[],"is_endless":false,"potions_floor_spawned":[2,3,4,6,24,27,33,36,44,48],"ascension_level":1}}