{"host":"15dd7v8o90xso62x","time":1611756214,"event":{"mods":["BaseMod","Minty Spire (QoL Compilation)","Quick Restart","StSLib","SuperFastMode"],"gold_per_floor":[116,266,266,55,55,83,99,127,127,138,138,164,6,21,21,94,94,110,128,53,67,84,84,116,128,128,128,178,197,63,63,63],"floor_reached":31,"language":"KOR","playtime":913,"items_purged":["Strike_B"],"score":650,"play_id":"ab14d5cb-38bc-4684-8c8a-51ba55d51925","local_time":"20210127230334","is_ascension_mode":true,"campfire_choices":[{"floor":11.0,"key":"REST"},{"data":"White Noise","floor":15.0,"key":"SMITH"},{"floor":23.0,"key":"REST"},{"floor":27.0,"key":"REST"}],"circlet_count":0,"master_deck":["AscendersBane","Strike_B","Strike_B","Defend_B","Defend_B","Defend_B","Defend_B","Zap","Dualcast","Undo","Apotheosis+1","Hologram","White Noise+1","Ball Lightning","Compile Driver","Echo Form","Skim","Turbo","Capacitor","Aggregate+1","Coolheaded"],"relics":["Cracked Core","NeowsBlessing","Ornamental Fan","Omamori","Vajra","Centennial Puzzle","DataDisk","Cursed Key","Gremlin Horn"],"acts_visited":["Exordium","TheCity"],"potions_floor_usage":[],"damage_taken":[{"damage":0.0,"enemies":"Jaw Worm","floor":1.0,"turns":1.0},{"damage":0.0,"enemies":"Lagavulin","floor":6.0,"turns":1.0},{"damage":0.0,"enemies":"2 Louse","floor":7.0,"turns":1.0},{"damage":17.0,"enemies":"3 Sentries","floor":8.0,"turns":7.0},{"damage":2.0,"enemies":"Small Slimes","floor":10.0,"turns":3.0},{"damage":11.0,"enemies":"Lagavulin","floor":12.0,"turns":5.0},{"damage":0.0,"enemies":"Red Slaver","floor":14.0,"turns":4.0},{"damage":9.0,"enemies":"Hexaghost","floor":16.0,"turns":9.0},{"damage":16.0,"enemies":"Chosen","floor":18.0,"turns":5.0},{"damage":20.0,"enemies":"3 Byrds","floor":19.0,"turns":4.0},{"damage":0.0,"enemies":"Cultist and Chosen","floor":21.0,"turns":5.0},{"damage":22.0,"enemies":"Snecko","floor":22.0,"turns":6.0},{"damage":0.0,"enemies":"Gremlin Leader","floor":24.0,"turns":5.0},{"damage":25.0,"enemies":"Snake Plant","floor":25.0,"turns":4.0},{"damage":10,"enemies":"Cultist and Chosen","floor":29,"turns":5},{"damage":0,"enemies":"Slavers","floor":31,"turns":1}],"seed_played":"1532433406930274495","potions_obtained":[{"floor":6.0,"key":"LiquidMemories"},{"floor":7.0,"key":"Swift Potion"},{"floor":14.0,"key":"Weak Potion"},{"floor":16.0,"key":"Strength Potion"},{"floor":18.0,"key":"SneckoOil"},{"floor":19.0,"key":"Energy Potion"},{"floor":24.0,"key":"Strength Potion"}],"is_trial":false,"path_per_floor":["M","?","?","$","?","E","M","E","T","M","R","E","$","M","R","B",null,"M","M","?","M","M","R","E","M","T","R","?","M","$","E"],"character_chosen":"DEFECT","items_purchased":["Apotheosis","DataDisk","Coolheaded"],"campfire_rested":3,"item_purchase_floors":[4,13,30],"current_hp_per_floor":[64,64,57,57,57,57,57,40,40,38,59,48,48,48,48,39,63,47,27,27,27,5,26,26,1,1,22,22,12,12,12,12],"gold":63,"neow_bonus":"THREE_ENEMY_KILL","is_daily":false,"chose_seed":false,"campfire_upgraded":1,"win_rate":0.0,"timestamp":1611756214,"path_taken":["M","?","?","$","?","E","M","E","T","M","R","E","?","M","R","BOSS","M","M","?","?","M","R","E","M","T","R","?","M","$","E"],"items_purchased_type":["Card","Relic","Card"],"build_version":"2020-12-22","purchased_purges":1,"victory":false,"max_hp_per_floor":[71,71,71,71,71,71,71,71,71,71,71,71,71,71,71,71,71,71,71,71,71,71,71,71,71,71,71,71,71,71,71,71],"card_choices":[{"not_picked":["Leap","Tempest"],"picked":"Undo","floor":1.0},{"not_picked":["Darkness","Leap","Undo"],"picked":"SKIP","floor":6.0},{"not_picked":["Cold Snap","Heatsinks"],"picked":"Hologram","floor":7.0},{"not_picked":["Hologram","Undo"],"picked":"White Noise","floor":8.0},{"not_picked":["Leap","Compile Driver"],"picked":"Ball Lightning","floor":10.0},{"not_picked":["Scrape","Hologram","Go for the Eyes"],"picked":"SKIP","floor":12.0},{"not_picked":["Rebound","Conserve Battery"],"picked":"Compile Driver","floor":14.0},{"not_picked":["All For One","Core Surge"],"picked":"Echo Form","floor":16.0},{"not_picked":["Force Field","Cold Snap","Doom and Gloom"],"picked":"SKIP","floor":18.0},{"not_picked":["Conserve Battery","Go for the Eyes"],"picked":"Skim","floor":19.0},{"not_picked":["Auto Shields","Leap"],"picked":"Turbo","floor":21.0},{"not_picked":["Redo","Gash","Steam"],"picked":"SKIP","floor":22.0},{"not_picked":["Auto Shields","Coolheaded+1"],"picked":"Capacitor","floor":24.0},{"not_picked":["Rebound+1","Darkness","Capacitor"],"picked":"SKIP","floor":25.0},{"not_picked":["Beam Cell","Sweeping Beam"],"picked":"Aggregate+1","floor":29}],"player_experience":898890,"relics_obtained":[{"floor":6.0,"key":"Ornamental Fan"},{"floor":8.0,"key":"Omamori"},{"floor":9.0,"key":"Vajra"},{"floor":12.0,"key":"Centennial Puzzle"},{"floor":24.0,"key":"Gremlin Horn"}],"event_choices":[{"damage_healed":0.0,"max_hp_gain":0.0,"max_hp_loss":0.0,"gold_gain":150.0,"event_name":"Liars Game","player_choice":"AGREE","floor":2.0,"gold_loss":0.0,"damage_taken":0.0,"cards_obtained":["Doubt"]},{"cards_removed":["Doubt"],"damage_healed":0.0,"max_hp_gain":0.0,"max_hp_loss":0.0,"gold_gain":0.0,"event_name":"Golden Wing","player_choice":"Card Removal","floor":3.0,"gold_loss":0.0,"damage_taken":7.0},{"damage_healed":0.0,"max_hp_gain":0.0,"max_hp_loss":0.0,"gold_gain":0.0,"event_name":"Living Wall","player_choice":"Grow","floor":5.0,"gold_loss":0.0,"damage_taken":0.0,"cards_upgraded":["Apotheosis"]},{"cards_removed":["Strike_B"],"damage_healed":0.0,"max_hp_gain":0.0,"max_hp_loss":0.0,"gold_gain":0.0,"event_name":"Designer","player_choice":"Single Remove","floor":20.0,"gold_loss":75.0,"damage_taken":0.0},{"damage_healed":0,"gold_gain":100,"player_choice":"Bet on Murderer","damage_taken":0,"max_hp_gain":0,"max_hp_loss":0,"event_name":"The Joust","floor":28,"gold_loss":50}],"is_beta":false,"boss_relics":[{"not_picked":["SacredBark","Philosopher\u0027s Stone"],"picked":"Cursed Key"}],"items_purged_floors":[30],"is_endless":false,"potions_floor_spawned":[6,7,14,16,18,19,24],"killed_by":"Slavers","ascension_level":20}}