{"host":"4lch21uqe3ag08cj","time":1611717598,"event":{"mods":["AchievementEnabler","BaseMod","Block Reminder","Colored Map","Colored Powertips","Minty Spire (QoL Compilation)","Permanent Neow","Relic Stats"],"gold_per_floor":[215,233,9,20,32,65,81,107,132,82,100,100,115,135,135,238,238,204,223,242,67,86,114,114,114],"floor_reached":24,"language":"ENG","playtime":1563,"items_purged":[],"score":234,"play_id":"21c8f986-1992-4333-96a0-b494ff8ee24e","local_time":"20210127001958","is_ascension_mode":false,"campfire_choices":[{"data":"Fission","floor":12.0,"key":"SMITH"},{"data":"Static Discharge","floor":15.0,"key":"SMITH"}],"circlet_count":0,"master_deck":["Strike_B","Strike_B","Strike_B","Defend_B","Defend_B","Defend_B","Defend_B","Zap","Dualcast","Self Repair","Cold Snap","Heatsinks","Static Discharge+1","Force Field","Force Field","Force Field","Fission+1","Genetic Algorithm","Capacitor","Cold Snap","Reboot","Stack","Loop+1","Tempest","Core Surge","Self Repair","Loop+1"],"relics":["Cracked Core","Orichalcum","StoneCalendar","Art of War","Pen Nib","Black Star","Omamori","Lantern"],"acts_visited":["Exordium","TheCity"],"potions_floor_usage":[24,24,24],"damage_taken":[{"damage":3.0,"enemies":"2 Louse","floor":1.0,"turns":2.0},{"damage":1.0,"enemies":"Jaw Worm","floor":2.0,"turns":4.0},{"damage":0.0,"enemies":"Small Slimes","floor":4.0,"turns":3.0},{"damage":4.0,"enemies":"Looter","floor":5.0,"turns":4.0},{"damage":23.0,"enemies":"Gremlin Nob","floor":6.0,"turns":6.0},{"damage":13.0,"enemies":"Exordium Wildlife","floor":7.0,"turns":5.0},{"damage":10.0,"enemies":"Lagavulin","floor":8.0,"turns":7.0},{"damage":8.0,"enemies":"Large Slime","floor":11.0,"turns":7.0},{"damage":5.0,"enemies":"3 Louse","floor":13.0,"turns":3.0},{"damage":8.0,"enemies":"Looter","floor":14.0,"turns":3.0},{"damage":2.0,"enemies":"The Guardian","floor":16.0,"turns":15.0},{"damage":25.0,"enemies":"2 Thieves","floor":18.0,"turns":5.0},{"damage":12.0,"enemies":"Shell Parasite","floor":19.0,"turns":7.0},{"damage":17.0,"enemies":"Sentry and Sphere","floor":20.0,"turns":9.0},{"damage":21.0,"enemies":"Centurion and Healer","floor":22.0,"turns":7.0},{"damage":19.0,"enemies":"Book of Stabbing","floor":23.0,"turns":7.0},{"damage":35,"enemies":"3 Cultists","floor":24,"turns":4}],"seed_played":"5634553104287638855","potions_obtained":[{"floor":6.0,"key":"Strength Potion"},{"floor":7.0,"key":"BlessingOfTheForge"},{"floor":11.0,"key":"Dexterity Potion"},{"floor":13.0,"key":"SteroidPotion"},{"floor":14.0,"key":"Swift Potion"},{"floor":20.0,"key":"Weak Potion"},{"floor":22.0,"key":"CultistPotion"},{"floor":23.0,"key":"FocusPotion"}],"is_trial":false,"path_per_floor":["M","M","$","M","M","E","M","E","T","?","M","R","M","M","R","B",null,"M","M","M","$","M","E","M"],"character_chosen":"DEFECT","items_purchased":["Orichalcum","Heatsinks","Core Surge","Self Repair"],"campfire_rested":0,"item_purchase_floors":[3,3,21,21],"current_hp_per_floor":[72,71,71,75,75,59,53,50,50,50,49,49,51,50,50,55,75,57,52,42,42,35,30,0,0],"gold":114,"neow_bonus":"HUNDRED_GOLD","is_daily":false,"chose_seed":false,"campfire_upgraded":2,"win_rate":0.0,"timestamp":1611717598,"path_taken":["M","M","$","M","M","E","M","E","T","?","M","R","M","M","R","BOSS","M","M","M","$","M","E","M"],"items_purchased_type":["Relic","Card","Card","Card"],"build_version":"2020-12-22","purchased_purges":0,"victory":false,"max_hp_per_floor":[75,75,75,75,75,75,75,75,75,75,75,75,75,75,75,75,75,75,75,75,75,75,75,75,75],"relic_stats":{"counters":[17,98],"StoneCalendar":[194],"Pen Nib":[6],"Art of War":[20],"Black Star":1,"Orichalcum":[198],"obtain_stats":[{"Lantern":23,"StoneCalendar":6,"Pen Nib":9,"Art of War":8,"Black Star":17,"Omamori":23,"Orichalcum":3,"Cracked Core":0},{"Lantern":16,"StoneCalendar":5,"Pen Nib":7,"Art of War":7,"Black Star":11,"Omamori":16,"Orichalcum":2,"Cracked Core":0},{"Lantern":94,"StoneCalendar":19,"Pen Nib":31,"Art of War":31,"Black Star":59,"Omamori":94,"Orichalcum":6,"Cracked Core":0}]},"card_choices":[{"not_picked":["Beam Cell","Storm"],"picked":"Self Repair","floor":1.0},{"not_picked":["Reprogram","Ball Lightning"],"picked":"Cold Snap","floor":2.0},{"not_picked":["Compile Driver","Beam Cell"],"picked":"Static Discharge","floor":4.0},{"not_picked":["Gash","Lockon"],"picked":"Force Field","floor":5.0},{"not_picked":["Thunder Strike","Lockon"],"picked":"Force Field","floor":6.0},{"not_picked":["Conserve Battery","Aggregate"],"picked":"Force Field","floor":7.0},{"not_picked":["Darkness","Steam"],"picked":"Fission","floor":8.0},{"not_picked":["Sweeping Beam","Undo"],"picked":"Genetic Algorithm","floor":11.0},{"not_picked":["Steam Power","Leap"],"picked":"Capacitor","floor":13.0},{"not_picked":["Lockon","Fusion"],"picked":"Cold Snap","floor":14.0},{"not_picked":["All For One","Thunder Strike"],"picked":"Reboot","floor":16.0},{"not_picked":["Barrage","Darkness"],"picked":"Stack","floor":18.0},{"not_picked":["Hologram","Self Repair+1"],"picked":"Loop+1","floor":19.0},{"not_picked":["Leap+1","Force Field"],"picked":"Tempest","floor":20.0},{"not_picked":["Force Field","Scrape","Beam Cell"],"picked":"SKIP","floor":22.0},{"not_picked":["Hologram","Double Energy+1"],"picked":"Loop+1","floor":23.0}],"player_experience":7004,"relics_obtained":[{"floor":6.0,"key":"StoneCalendar"},{"floor":8.0,"key":"Art of War"},{"floor":9.0,"key":"Pen Nib"},{"floor":23.0,"key":"Omamori"},{"floor":23.0,"key":"Lantern"}],"event_choices":[{"cards_removed":["Strike_B"],"damage_healed":0.0,"max_hp_gain":0.0,"max_hp_loss":0.0,"gold_gain":0.0,"event_name":"The Cleric","player_choice":"Card Removal","floor":10.0,"gold_loss":50.0,"damage_taken":0.0}],"is_beta":false,"boss_relics":[{"not_picked":["FrozenCore","Ectoplasm"],"picked":"Black Star"}],"items_purged_floors":[],"is_endless":false,"potions_floor_spawned":[6,7,11,13,14,20,22,23],"killed_by":"3 Cultists","ascension_level":0}}