{"host":"rb2p2z6v6vieend5","time":1611786252,"event":{"mods":["BaseMod","Block Reminder","Colored Map","DeckTracker","Highlight Path","Minty Spire (QoL Compilation)","Random Character Button","Relic Stats"],"gold_per_floor":[109,83,97,97,108,135,148,160,160,160,160],"floor_reached":10,"language":"ENG","playtime":339,"items_purged":[],"score":81,"play_id":"eee61c98-28ee-4b1e-9f75-fed3f40f00b3","local_time":"20210127232412","is_ascension_mode":true,"campfire_choices":[],"circlet_count":0,"master_deck":["Strike_P","Strike_P","Strike_P","Strike_P","Defend_P","Defend_P","Defend_P","Defend_P","Eruption","Vigilance","ReachHeaven","Crescendo","JustLucky","EmptyFist","CutThroughFate","Conclude"],"relics":["PureWater","NeowsBlessing","Boot","Bird Faced Urn"],"acts_visited":["Exordium"],"potions_floor_usage":[],"damage_taken":[{"damage":0,"enemies":"Cultist","floor":1,"turns":1},{"damage":0,"enemies":"Jaw Worm","floor":3,"turns":1},{"damage":0,"enemies":"Small Slimes","floor":5,"turns":1},{"damage":16,"enemies":"Gremlin Nob","floor":6,"turns":3},{"damage":3,"enemies":"Looter","floor":7,"turns":2},{"damage":23,"enemies":"Red Slaver","floor":8,"turns":5},{"damage":33,"enemies":"3 Sentries","floor":10,"turns":3}],"seed_played":"6268423695351218661","potions_obtained":[{"floor":4,"key":"SpeedPotion"},{"floor":4,"key":"Swift Potion"},{"floor":4,"key":"Swift Potion"}],"is_trial":false,"path_per_floor":["M","$","M","?","M","E","M","M","T","E"],"character_chosen":"WATCHER","items_purchased":["Crescendo"],"campfire_rested":0,"item_purchase_floors":[2],"current_hp_per_floor":[72,72,72,72,72,56,53,30,30,0,0],"gold":160,"neow_bonus":"THREE_ENEMY_KILL","is_daily":false,"chose_seed":false,"campfire_upgraded":0,"win_rate":0.0,"timestamp":1611786252,"path_taken":["M","$","?","?","?","E","M","M","T","E"],"items_purchased_type":["Card"],"build_version":"2020-12-22","purchased_purges":0,"victory":false,"max_hp_per_floor":[72,72,72,72,72,72,72,72,72,72,72],"relic_stats":{"counters":[7,16],"Bird Faced Urn":[0],"Boot":[4],"obtain_stats":[{"NeowsBlessing":0,"Bird Faced Urn":9,"PureWater":0,"Boot":6},{"NeowsBlessing":0,"Bird Faced Urn":6,"PureWater":0,"Boot":4},{"NeowsBlessing":0,"Bird Faced Urn":13,"PureWater":0,"Boot":6}]},"card_choices":[{"not_picked":["ThirdEye","WheelKick"],"picked":"ReachHeaven","floor":1},{"not_picked":["FollowUp","ClearTheMind"],"picked":"JustLucky","floor":3},{"not_picked":["FollowUp","Swivel"],"picked":"EmptyFist","floor":5},{"not_picked":["Scrawl","Indignation"],"picked":"CutThroughFate","floor":6},{"not_picked":["CrushJoints","WreathOfFlame","SashWhip"],"picked":"SKIP","floor":7},{"not_picked":["SandsOfTime","Prostrate"],"picked":"Conclude","floor":8}],"player_experience":632149,"relics_obtained":[{"floor":6,"key":"Boot"},{"floor":9,"key":"Bird Faced Urn"}],"event_choices":[{"damage_healed":0,"gold_gain":0,"player_choice":"Got Potions","damage_taken":0,"max_hp_gain":0,"max_hp_loss":0,"event_name":"Lab","floor":4,"gold_loss":0}],"is_beta":false,"boss_relics":[],"items_purged_floors":[],"is_endless":false,"potions_floor_spawned":[5,6,7],"killed_by":"3 Sentries","ascension_level":3}}