{"host":"8d3fefv2347kqkpz","time":1611740971,"event":{"mods":["AchievementEnabler","Act Like it!","Aspiration","BaseMod","Better Vampires","Colored Map","Colored Powertips","Conspire","GifTheSpireLib","Hermit","Highlight Path","Hubris","Marisa£®ÏF”Í°°ƒß¿Ì…≥£©","Mimic Mod","Minty Spire (QoL Compilation)","Quick Restart","Rare Cards Sparkle","Reimu£®≤©¿ˆ¡È√Œ£©","Relic Stats","Remilia£®¿Ÿ√◊¿Ú—«£©","Replay The Spire","Spicy Shops","StSLib","The Cursed","The Jungle","The Servant 0.9.4","Waifu the Spire","Youmu£®ªÍ∆«—˝√Œ£©"],"gold_per_floor":[113,113,113,24,24,24,43,62,89,89,89,109,109,134,134,265,265,284,209,209,230,249,249,263,263,263,263,39,53,53,53],"floor_reached":30,"language":"ZHS","playtime":1951,"items_purged":["Cloak And Dagger"],"score":220,"play_id":"f9e4a01d-1669-45a9-8386-b91aa2fb13c4","local_time":"20210127174931","is_ascension_mode":false,"campfire_choices":[{"floor":6,"key":"REST"},{"data":"Neutralize","floor":11,"key":"SMITH"},{"data":"Prepared","floor":13,"key":"SMITH"},{"data":"Strike_G","floor":15,"key":"PURGE"},{"floor":23,"key":"REST"},{"floor":25,"key":"REST"}],"circlet_count":0,"master_deck":["Strike_G","Strike_G","Strike_G","Defend_G","Defend_G","Defend_G","Defend_G","Survivor","Neutralize+1","Dagger Spray","Prepared+1","ReplayTheSpireMod:Scrap Shanks","Flying Knee","Deflect","Pot Of Greed","Pot Of Greed","Dagger Throw","Outmaneuver","Atom Bomb","ReplayTheSpireMod:Speed Training","Acrobatics","ReplayTheSpireMod:Tripwire+1","Pot Of Greed","Phantasmal Killer","Outmaneuver","Deflect+1","Concentrate","Backflip+1","Slice+1","Deflect","Dagger Throw+1"],"relics":["Ring of the Snake","Golden Idol","Grinning Jar","hubris:HollowSoul","Molten Egg 2","Orrery"],"acts_visited":["Exordium","TheCity"],"potions_floor_usage":[16,16],"damage_taken":[{"damage":0,"enemies":"Small Slimes","floor":1,"turns":3},{"damage":1,"enemies":"2 Louse","floor":7,"turns":2},{"damage":0,"enemies":"Jaw Worm","floor":8,"turns":3},{"damage":1,"enemies":"2 Fungi Beasts","floor":12,"turns":4},{"damage":4,"enemies":"Large Slime","floor":14,"turns":7},{"damage":66,"enemies":"Slime Boss","floor":16,"turns":16},{"damage":19,"enemies":"3 Byrds","floor":18,"turns":7},{"damage":9,"enemies":"Shell Parasite","floor":21,"turns":6},{"damage":24,"enemies":"Snake Plant","floor":22,"turns":6},{"damage":22,"enemies":"Snecko","floor":24,"turns":7},{"damage":11,"enemies":"Centurion and Healer","floor":29,"turns":7},{"damage":0,"enemies":"Sentry and Sphere","floor":30,"turns":1}],"seed_played":"7465190894702498270","potions_obtained":[{"floor":12,"key":"Block Potion"},{"floor":14,"key":"Languid Potion"},{"floor":22,"key":"BlessingOfTheForge"},{"floor":24,"key":"SpeedPotion"},{"floor":29,"key":"Energy Potion"}],"is_trial":false,"path_per_floor":["M","?","?","$","?","R","M","M","T","?","R","M","R","M","R_BF","B",null,"M","?","?","M","M","R","M","R","T","?","$","M","M"],"character_chosen":"THE_SILENT","items_purchased":["ReplayTheSpireMod:Scrap Shanks","Flying Knee","Orrery"],"campfire_rested":3,"item_purchase_floors":[4,4,28],"current_hp_per_floor":[70,53,53,53,53,70,69,69,69,74,74,73,73,69,69,3,75,56,56,56,47,23,45,23,45,45,45,45,34,34,34],"gold":53,"neow_bonus":"RANDOM_EVENT","is_daily":false,"chose_seed":false,"campfire_upgraded":2,"win_rate":0.0,"timestamp":1611740971,"path_taken":["M","?","?","?","?","R","M","M","T","?","R","M","R","M","R_BF","BOSS","M","?","?","?","M","R","M","R","T","?","$","M","M"],"items_purchased_type":["Card","Card","Relic"],"build_version":"2020-12-22","purchased_purges":1,"victory":false,"max_hp_per_floor":[70,70,70,70,70,70,70,70,70,75,75,75,75,75,75,75,75,75,75,75,75,75,75,75,75,75,75,75,75,75,75],"relic_stats":{"counters":[12,69],"Golden Idol":61,"obtain_stats":[{"Golden Idol":2,"Orrery":28,"Molten Egg 2":26,"hubris:HollowSoul":17,"Grinning Jar":9,"Ring of the Snake":0},{"Golden Idol":1,"Orrery":10,"Molten Egg 2":10,"hubris:HollowSoul":6,"Grinning Jar":3,"Ring of the Snake":0},{"Golden Idol":3,"Orrery":61,"Molten Egg 2":61,"hubris:HollowSoul":35,"Grinning Jar":8,"Ring of the Snake":0}],"Ring of the Snake":[22]},"card_choices":[{"not_picked":["hubris:SlightOfHand","Sucker Punch"],"picked":"Prepared","floor":1},{"not_picked":["Dagger Throw","Dodge and Roll"],"picked":"Deflect","floor":7},{"not_picked":["Poisoned Stab","Dash"],"picked":"Cloak And Dagger","floor":8},{"not_picked":["ReplayTheSpireMod:From All Sides","Bane"],"picked":"Dagger Throw","floor":12},{"not_picked":["hubris:Sniper","Well Laid Plans"],"picked":"Outmaneuver","floor":14},{"not_picked":["Phantasmal Killer","ReplayTheSpireMod:From All Sides"],"picked":"Atom Bomb","floor":16},{"not_picked":["All Out Attack","Flying Knee"],"picked":"ReplayTheSpireMod:Speed Training","floor":18},{"not_picked":["Noxious Fumes+1","Poisoned Stab+1"],"picked":"Acrobatics","floor":21},{"not_picked":["Poisoned Stab+1","All Out Attack"],"picked":"ReplayTheSpireMod:Tripwire+1","floor":22},{"not_picked":["Replay:Poison Smokescreen","Quick Slash"],"picked":"Phantasmal Killer","floor":24},{"not_picked":["hubris:SlightOfHand","Envenom"],"picked":"Deflect+1","floor":28},{"not_picked":["Outmaneuver","Well Laid Plans"],"picked":"Concentrate","floor":28},{"not_picked":["Dagger Spray+1","Crippling Poison"],"picked":"Backflip+1","floor":28},{"not_picked":["ReplayTheSpireMod:Shiv Toss","Cloak And Dagger"],"picked":"Slice+1","floor":28},{"not_picked":["Escape Plan","Blur+1"],"picked":"Deflect","floor":28},{"not_picked":["Cloak And Dagger","Poisoned Stab+1"],"picked":"Dagger Throw+1","floor":29}],"player_experience":201520,"relics_obtained":[{"floor":9,"key":"Grinning Jar"},{"floor":26,"key":"Molten Egg 2"}],"event_choices":[{"damage_healed":0,"gold_gain":0,"player_choice":"Take Damage","damage_taken":17,"relics_obtained":["Golden Idol"],"max_hp_gain":0,"max_hp_loss":0,"event_name":"Golden Idol","floor":2,"gold_loss":0},{"damage_healed":0,"gold_gain":0,"player_choice":"Ignored","damage_taken":0,"max_hp_gain":0,"max_hp_loss":0,"event_name":"Shining Light","floor":3,"gold_loss":0},{"damage_healed":0,"gold_gain":0,"player_choice":"Leave","damage_taken":0,"max_hp_gain":0,"max_hp_loss":0,"event_name":"conspire:Investor","floor":5,"gold_loss":0},{"damage_healed":0,"gold_gain":0,"player_choice":"Donut","damage_taken":0,"max_hp_gain":5,"max_hp_loss":0,"event_name":"Big Fish","floor":10,"gold_loss":0},{"cards_removed":["Strike_G"],"damage_healed":0,"gold_gain":0,"player_choice":"Gave Gold","damage_taken":0,"max_hp_gain":0,"max_hp_loss":0,"event_name":"Beggar","floor":19,"gold_loss":75},{"cards_removed":["Defend_G"],"damage_healed":0,"gold_gain":0,"player_choice":"Offered Basic","damage_taken":0,"max_hp_gain":0,"max_hp_loss":0,"event_name":"Bonfire Elementals","floor":20,"gold_loss":0}],"is_beta":false,"boss_relics":[{"not_picked":["Honey Jar","hubris:BlackHole"],"picked":"hubris:HollowSoul"}],"items_purged_floors":[28],"is_endless":false,"potions_floor_spawned":[12,14,22,24,29],"killed_by":"Sentry and Sphere","ascension_level":0}}