{"host":"jumrmhf584hajrnz","time":1611756122,"event":{"mods":["BaseMod","Duelist Mod","GifTheSpireLib","Minty Spire (QoL Compilation)","Quick Restart","StSLib"],"gold_per_floor":[136,136,154,154,304,331,331,360,428,440,456,476,528,550,550,659,659,690,690,740,416,436,468,468,514,540,540,52,52,80,99,99,200,200,234,249,51,51,96,126,152,210,279,279,304,339,363,388,388,388,388],"floor_reached":50,"language":"ENG","playtime":3852,"items_purged":["Doubt"],"score":1253,"play_id":"3e793b10-aeab-435b-aeaf-24774bb3ef25","local_time":"20210127150202","is_ascension_mode":true,"campfire_choices":[{"floor":7,"key":"RECALL"},{"floor":15,"key":"REST"},{"floor":27,"key":"REST"},{"data":"Mind Blast","floor":29,"key":"SMITH"},{"data":"Mind Blast","floor":32,"key":"SMITH"},{"floor":49,"key":"REST"}],"circlet_count":0,"master_deck":["AscendersBane","theDuelist:CastleWalls","theDuelist:CastleWalls","theDuelist:DarkMagician","theDuelist:MysticalElf","theDuelist:MysticalElf","theDuelist:NeoMagic","theDuelist:NeoMagic","theDuelist:Sparks","theDuelist:Sparks","theDuelist:Sparks","theDuelist:MythicalBeast","theDuelist:InjectionFairy","theDuelist:SangaEarth","Mind Blast+1","theDuelist:InjectionFairy","theDuelist:SpellShatteringArrow","theDuelist:MagiciansRobe","theDuelist:TimeWizard","theDuelist:InjectionFairy","theDuelist:IrisEarthMother","theDuelist:RainbowKuriboh+1","theDuelist:InfernoFireBlast","theDuelist:Illusionist","theDuelist:RainbowMagician+1","theDuelist:InjectionFairy","Mind Blast+1","theDuelist:SpellShatteringArrow+1","theDuelist:PowerKaishin","theDuelist:RainbowMagician","theDuelist:LabyrinthWall+1","theDuelist:Fissure","theDuelist:Yami","Madness","Madness","theDuelist:SangaEarth","theDuelist:Graverobber","theDuelist:MysticalElf","theDuelist:DarkPaladin+1","theDuelist:DarkMagician+1","theDuelist:LegendaryFlameLord","theDuelist:InjectionFairy+1","theDuelist:InjectionFairy"],"relics":["theDuelist:MillenniumPuzzle","theDuelist:CardPoolRelic","theDuelist:CardPoolBasicRelic","theDuelist:BoosterPackPoolRelic","theDuelist:CardPoolAddRelic","theDuelist:CardPoolMinusRelic","theDuelist:CardPoolSaveRelic","theDuelist:CardPoolOptionsRelic","NeowsBlessing","Omamori","Self Forming Clay","theDuelist:KaibaToken","Cursed Key","Art of War","Regal Pillow","Lantern","Calipers","Vajra","Sozu","Strawberry","Thread and Needle","Orichalcum","theDuelist:MetronomeRelicD","Sundial"],"acts_visited":["Exordium","TheCity","TheBeyond"],"potions_floor_usage":[8,13,25],"damage_taken":[{"damage":0,"enemies":"2 Louse","floor":1,"turns":1},{"damage":0,"enemies":"Jaw Worm","floor":3,"turns":1},{"damage":0,"enemies":"Gremlin Nob","floor":6,"turns":1},{"damage":11,"enemies":"3 Sentries","floor":8,"turns":12},{"damage":4,"enemies":"Small Slimes","floor":10,"turns":4},{"damage":9,"enemies":"2 Fungi Beasts","floor":11,"turns":3},{"damage":5,"enemies":"Blue Slaver","floor":12,"turns":3},{"damage":33,"enemies":"Gremlin Nob","floor":13,"turns":5},{"damage":12,"enemies":"Gremlin Gang","floor":14,"turns":5},{"damage":63,"enemies":"Hexaghost","floor":16,"turns":12},{"damage":46,"enemies":"3 Byrds","floor":18,"turns":10},{"damage":14,"enemies":"Spheric Guardian","floor":22,"turns":4},{"damage":8,"enemies":"theDuelist:KaibaA2","floor":23,"turns":12},{"damage":3,"enemies":"Centurion and Healer","floor":25,"turns":4},{"damage":7,"enemies":"Slavers","floor":30,"turns":6},{"damage":8,"enemies":"Shelled Parasite and Fungi","floor":31,"turns":4},{"damage":83,"enemies":"Collector","floor":33,"turns":12},{"damage":3,"enemies":"3 Darklings","floor":35,"turns":5},{"damage":3,"enemies":"Orb Walker","floor":36,"turns":2},{"damage":7,"enemies":"Mind Bloom Boss Battle","floor":39,"turns":8},{"damage":12,"enemies":"Nemesis","floor":40,"turns":7},{"damage":29,"enemies":"Maw","floor":41,"turns":8},{"damage":65,"enemies":"Reptomancer","floor":42,"turns":10},{"damage":17,"enemies":"Sphere and 2 Shapes","floor":45,"turns":4},{"damage":0,"enemies":"4 Shapes","floor":46,"turns":3},{"damage":12,"enemies":"Jaw Worm Horde","floor":47,"turns":3},{"damage":25,"enemies":"Spire Growth","floor":48,"turns":4},{"damage":69,"enemies":"Awakened One","floor":50,"turns":5}],"seed_played":"-6165147090707276423","potions_obtained":[{"floor":1,"key":"Strength Potion"},{"floor":8,"key":"ColorlessPotion"},{"floor":12,"key":"theDuelist:MegaupgradePotion"},{"floor":13,"key":"Dexterity Potion"},{"floor":25,"key":"theDuelist:SolderPotionB"},{"floor":33,"key":"BlessingOfTheForge"}],"is_trial":false,"path_per_floor":["M","?","M","?","?","E","R","E","T","M","M","M","E","M","R","B",null,"M","?","?","$","M","E","?","M","T","R","$","R","E","M","R","B",null,"M","M","$","?","?","E","M","E","T","?","M","M","M","M","R","B"],"character_chosen":"THE_DUELIST","items_purchased":["Art of War","theDuelist:InfernoFireBlast","Calipers","theDuelist:InjectionFairy","Mind Blast","theDuelist:Yami","Strawberry"],"campfire_rested":3,"item_purchase_floors":[21,21,28,28,28,37,37],"current_hp_per_floor":[63,63,63,63,63,67,67,68,68,66,65,68,41,37,58,15,56,38,38,38,38,28,44,44,41,41,70,70,70,70,70,70,19,57,62,63,70,56,57,67,54,5,5,87,74,74,66,50,87,18,18],"gold":388,"neow_bonus":"THREE_ENEMY_KILL","is_daily":false,"chose_seed":false,"campfire_upgraded":2,"win_rate":0.0,"timestamp":1611756122,"path_taken":["M","?","M","?","?","E","R","E","T","M","M","M","E","M","R","BOSS","M","?","?","?","?","E","?","?","T","R","$","R","E","M","R","BOSS","M","M","$","?","?","E","M","E","T","?","M","?","M","M","R","BOSS"],"items_purchased_type":["Relic","Card","Relic","Card","Card","Card","Relic"],"build_version":"2020-12-22","purchased_purges":1,"victory":false,"max_hp_per_floor":[70,70,70,70,70,70,70,70,70,70,70,70,70,70,70,70,70,70,70,70,70,70,70,70,70,70,70,70,70,70,70,70,70,70,70,70,77,77,77,77,77,77,77,87,87,87,87,87,87,87,87],"card_choices":[{"not_picked":["theDuelist:BlizzardWarrior","theDuelist:SangaThunder","theDuelist:ExodiaRA","theDuelist:ExodiaLA"],"picked":"theDuelist:MythicalBeast","floor":1},{"not_picked":["theDuelist:PowerKaishin","theDuelist:ExodiaLL","theDuelist:Mudballman","theDuelist:ExodiaLA"],"picked":"theDuelist:InjectionFairy","floor":3},{"not_picked":["theDuelist:ExodiaRA","theDuelist:CosmicHorrorGangiel"],"picked":"theDuelist:SangaEarth","floor":6},{"not_picked":["Dark Shackles","Flash of Steel","Secret Weapon"],"picked":"Mind Blast","floor":8},{"not_picked":["theDuelist:LordD","theDuelist:GeminiElf","theDuelist:SpellShatteringArrow","theDuelist:Relinquished"],"picked":"theDuelist:InjectionFairy","floor":10},{"not_picked":["theDuelist:BlizzardWarrior","theDuelist:InjectionFairy","theDuelist:DarkMagician","theDuelist:SkilledDarkMagician"],"picked":"theDuelist:SpellShatteringArrow","floor":11},{"not_picked":["theDuelist:VoidExpansion","theDuelist:MindAir","theDuelist:Yami"],"picked":"theDuelist:MagiciansRobe","floor":12},{"not_picked":["theDuelist:InariFire","theDuelist:StatueAnguishPattern","theDuelist:MindAir"],"picked":"theDuelist:TimeWizard","floor":13},{"not_picked":["theDuelist:SangaThunder","theDuelist:NeoMagic","theDuelist:DarkMagician","theDuelist:GuardianAngel"],"picked":"theDuelist:InjectionFairy","floor":14},{"not_picked":["theDuelist:RainbowDarkDragon","theDuelist:RainbowMagician","theDuelist:RainbowKuriboh","theDuelist:RainbowOverdragon"],"picked":"theDuelist:IrisEarthMother","floor":16},{"not_picked":["theDuelist:CrystalWingDragon","theDuelist:BlueBloodedOni","theDuelist:GreyGreedOni","theDuelist:PurplePainOni"],"picked":"theDuelist:RainbowKuriboh+1","floor":18},{"not_picked":["theDuelist:BlizzardWarrior","theDuelist:SangaThunder","theDuelist:ExodiaLL","theDuelist:DoomShaman"],"picked":"theDuelist:Illusionist","floor":22},{"not_picked":["theDuelist:MagiciansRobe","theDuelist:StatueAnguishPattern","theDuelist:TimeWizard","theDuelist:Yami"],"picked":"theDuelist:SwordsBurning","floor":23},{"not_picked":["theDuelist:RainbowDarkDragon","theDuelist:IrisEarthMother","theDuelist:RainbowKuriboh","theDuelist:RainbowOverdragon"],"picked":"theDuelist:RainbowMagician+1","floor":25},{"not_picked":["theDuelist:NeoMagic","theDuelist:InjectionFairy","theDuelist:DarkMagician+1","theDuelist:SilentDoom"],"picked":"theDuelist:SpellShatteringArrow+1","floor":30},{"not_picked":["theDuelist:SpellShatteringArrow","theDuelist:InjectionFairy+1","theDuelist:SpiritHarp","theDuelist:DarkHorizon"],"picked":"theDuelist:PowerKaishin","floor":31},{"not_picked":["theDuelist:RainbowDarkDragon","theDuelist:SwordsRevealing","theDuelist:IceQueen","theDuelist:SwordsBurning"],"picked":"theDuelist:RainbowMagician","floor":33},{"not_picked":["theDuelist:LightningRodLord","theDuelist:SilverApples","theDuelist:JamBreeding","theDuelist:GemElephant"],"picked":"theDuelist:LabyrinthWall+1","floor":35},{"not_picked":["theDuelist:PowerWall","theDuelist:Sangan","theDuelist:FutureFusion+1","theDuelist:Jinzo"],"picked":"theDuelist:Fissure","floor":36},{"not_picked":["theDuelist:SpellShatteringArrow","theDuelist:SangaThunder+1","theDuelist:NeoMagic+1","theDuelist:InjectionFairy"],"picked":"theDuelist:SangaEarth","floor":39},{"not_picked":["theDuelist:SpellShatteringArrow","theDuelist:BlizzardWarrior","theDuelist:CrystalWingDragon+1","theDuelist:LordD+1"],"picked":"theDuelist:Graverobber","floor":40},{"not_picked":["theDuelist:SangaThunder","theDuelist:Illusionist+1","theDuelist:CallAtlanteans+1","theDuelist:LordD"],"picked":"theDuelist:MysticalElf","floor":41},{"not_picked":["theDuelist:Wildfire","theDuelist:RainbowMagician+1","theDuelist:GrandSpellbookTower","theDuelist:SwordsRevealing"],"picked":"theDuelist:DarkPaladin+1","floor":42},{"not_picked":["theDuelist:BlizzardWarrior+1","theDuelist:ExodiaLL+1","theDuelist:BlueDragonSummoner","theDuelist:WitchBlackRose"],"picked":"theDuelist:DarkMagician+1","floor":45},{"not_picked":["theDuelist:RainbowMagician","theDuelist:BlizzardPrincess"],"picked":"theDuelist:LegendaryFlameLord","floor":46},{"not_picked":["theDuelist:BlizzardWarrior+1","theDuelist:NeoMagic","theDuelist:DarkMagician+1","theDuelist:CosmicHorrorGangiel+1"],"picked":"theDuelist:InjectionFairy+1","floor":47},{"not_picked":["theDuelist:BlizzardWarrior","theDuelist:OnslaughtFireKings","theDuelist:SangaThunder","theDuelist:LegendaryExodia"],"picked":"theDuelist:InjectionFairy","floor":48}],"player_experience":1591800,"relics_obtained":[{"floor":6,"key":"Omamori"},{"floor":8,"key":"Self Forming Clay"},{"floor":13,"key":"theDuelist:KaibaToken"},{"floor":23,"key":"Regal Pillow"},{"floor":26,"key":"Lantern"},{"floor":30,"key":"Vajra"},{"floor":39,"key":"Thread and Needle"},{"floor":40,"key":"Orichalcum"},{"floor":42,"key":"theDuelist:MetronomeRelicD"},{"floor":43,"key":"Sundial"}],"event_choices":[{"damage_healed":0,"gold_gain":0,"player_choice":"Leave","duelist":true,"damage_taken":0,"max_hp_gain":0,"max_hp_loss":0,"event_name":"Aknamkanon\u0027s Tomb","floor":2,"gold_loss":0},{"damage_healed":0,"gold_gain":0,"player_choice":"Leave","duelist":true,"damage_taken":0,"max_hp_gain":0,"max_hp_loss":0,"event_name":"Relic Duplicator","floor":4,"gold_loss":0},{"damage_healed":0,"gold_gain":150,"player_choice":"AGREE","damage_taken":0,"max_hp_gain":0,"max_hp_loss":0,"event_name":"Liars Game","floor":5,"gold_loss":0,"cards_obtained":["Doubt"]},{"damage_healed":0,"gold_gain":0,"player_choice":"Ignored","damage_taken":0,"max_hp_gain":0,"max_hp_loss":0,"event_name":"Vampires","floor":19,"gold_loss":0},{"damage_healed":0,"gold_gain":50,"player_choice":"Stole From Cult","damage_taken":0,"max_hp_gain":0,"max_hp_loss":0,"event_name":"Nest","floor":20,"gold_loss":0},{"damage_healed":0,"gold_gain":0,"player_choice":"Leave","duelist":true,"damage_taken":0,"max_hp_gain":0,"max_hp_loss":0,"event_name":"Tomb of the Nameless","floor":24,"gold_loss":0},{"damage_healed":0,"gold_gain":0,"player_choice":"Embrace Madness","damage_taken":14,"max_hp_gain":0,"max_hp_loss":0,"event_name":"Winding Halls","floor":38,"gold_loss":0,"cards_obtained":["Madness","Madness"]},{"damage_healed":0,"gold_gain":0,"player_choice":"Fight","damage_taken":0,"max_hp_gain":0,"max_hp_loss":0,"event_name":"MindBloom","floor":39,"gold_loss":0},{"cards_removed":["theDuelist:SwordsBurning"],"damage_healed":72,"gold_gain":0,"player_choice":"Offered Rare","damage_taken":0,"max_hp_gain":10,"max_hp_loss":0,"event_name":"Bonfire Elementals","floor":44,"gold_loss":0}],"is_beta":false,"boss_relics":[{"not_picked":["theDuelist:ElectricKey","Tiny House"],"picked":"Cursed Key"},{"not_picked":["Velvet Choker","Fusion Hammer"],"picked":"Sozu"}],"items_purged_floors":[21],"is_endless":false,"potions_floor_spawned":[1,8,12,13,16,25,33,40,42,46,48],"killed_by":"Awakened One","ascension_level":20}}