{"host":"6ayekdpky30mcb5q","time":1611715319,"event":{"mods":["Act Like it!","BaseMod","Colored Map","Downfall","GifTheSpireLib","Highlight Path","Minty Spire (QoL Compilation)","StSLib","WoW Paladin Mod"],"gold_per_floor":[99,117,133,133,133,151,177,197,144,156,176,195,195,209,224,319,319,319,319,337,357,370,386,463,479,479,479,63,73,73,92,104,199,199,199,209,65,76,76,86,138,138,158,168,178,178,178,5,15,15,15,15],"floor_reached":50,"language":"ENG","playtime":4071,"items_purged":[],"score":523,"play_id":"e05168b8-a7b0-4a34-8ebe-0ec08b4732b5","local_time":"20210126204159","is_ascension_mode":false,"campfire_choices":[{"data":"Slimebound:CorrosiveSpit","floor":1,"key":"SMITH"},{"data":"Slimebound:Split","floor":13,"key":"SMITH"},{"data":"Slimebound:Grow","floor":18,"key":"SMITH"},{"floor":26,"key":"REST"},{"floor":30,"key":"REST"},{"data":"expansioncontent:InvincibleStrength","floor":35,"key":"SMITH"},{"floor":47,"key":"REST"}],"circlet_count":0,"master_deck":["Slimebound:Strike_Slimebound","Slimebound:Strike_Slimebound","Slimebound:Strike_Slimebound","Slimebound:Tackle","Slimebound:Defend_Slimebound","Slimebound:Defend_Slimebound","Slimebound:Defend_Slimebound","Slimebound:Defend_Slimebound","Slimebound:Split+1","Slimebound:CorrosiveSpit+1","Slimebound:Gluttony","Slimebound:Prepare","Slimebound:LeechEnergy","Slimebound:SlimeBarrage","Slimebound:Grow+1","Slimebound:SplitLeeching","Slimebound:SamplingLick","Slimebound:SplitMire","Slimebound:OozeBath","Slimebound:SplitMire","Slimebound:SamplingLick","Slimebound:RollThrough+1","Slimebound:SamplingLick+1","Slimebound:SlimeBarrage","Slimebound:SplitBruiser","Slimebound:GrowthPunch+1","Slimebound:MassFeed+1","expansioncontent:InvincibleStrength+1","Slimebound:Repurpose","Slimebound:GoopSpray+1","Slimebound:GrowthPunch+1","Slimebound:MassFeed+1","Slimebound:ItLooksTasty+1","Slimebound:FinishingTackle+1","Good Instincts","Slimebound:RejuvenatingLick+1","Slimebound:LeechEnergy+1","Slimebound:SlimeSpikes+1","Slimebound:LeechEnergy+1","Slimebound:GoopSpray","Slimebound:TongueLash+1","Slimebound:LevelUp"],"relics":["Slimebound:AbsorbEndCombat","Busted Crown","Molten Egg 2","Red Mask","downfall:RedIOUUpgrade","Potion Belt"],"acts_visited":["Exordium","TheCity","TheBeyond"],"potions_floor_usage":[2,8,33,33,33,50],"damage_taken":[{"damage":5,"enemies":"Small Slimes","floor":2,"turns":4},{"damage":1,"enemies":"2 Louse","floor":3,"turns":4},{"damage":9,"enemies":"Jaw Worm","floor":6,"turns":5},{"damage":5,"enemies":"Gremlin Gang","floor":8,"turns":5},{"damage":0,"enemies":"downfall:FleeingMerchant","floor":9,"turns":4},{"damage":16,"enemies":"Large Slime","floor":10,"turns":6},{"damage":16,"enemies":"Exordium Thugs","floor":11,"turns":6},{"damage":16,"enemies":"3 Louse","floor":12,"turns":3},{"damage":11,"enemies":"Lots of Slimes","floor":14,"turns":6},{"damage":4,"enemies":"3 Louse","floor":15,"turns":5},{"damage":46,"enemies":"DF_ARCHETYPE_STREAMLINE","floor":16,"turns":12},{"damage":0,"enemies":"Chosen","floor":19,"turns":1},{"damage":21,"enemies":"3 Cultists","floor":20,"turns":6},{"damage":14,"enemies":"Shelled Parasite and Fungi","floor":21,"turns":7},{"damage":17,"enemies":"Snake Plant","floor":22,"turns":3},{"damage":26,"enemies":"Snecko","floor":23,"turns":5},{"damage":7,"enemies":"3 Cultists","floor":25,"turns":5},{"damage":8,"enemies":"downfall:FleeingMerchant","floor":28,"turns":4},{"damage":32,"enemies":"Cultist and Chosen","floor":29,"turns":5},{"damage":10,"enemies":"Centurion and Healer","floor":31,"turns":6},{"damage":30,"enemies":"Snake Plant","floor":32,"turns":4},{"damage":34,"enemies":"SI_MIRROR_ARCHETYPE","floor":33,"turns":11},{"damage":40,"enemies":"3 Darklings","floor":36,"turns":6},{"damage":15,"enemies":"downfall:FleeingMerchant","floor":37,"turns":4},{"damage":0,"enemies":"Orb Walker","floor":38,"turns":4},{"damage":18,"enemies":"Writhing Mass","floor":40,"turns":7},{"damage":35,"enemies":"Jaw Worm Horde","floor":43,"turns":4},{"damage":3,"enemies":"3 Darklings","floor":44,"turns":3},{"damage":24,"enemies":"Sphere and 2 Shapes","floor":45,"turns":4},{"damage":6,"enemies":"downfall:FleeingMerchant","floor":48,"turns":4},{"damage":44,"enemies":"Spire Growth","floor":49,"turns":7},{"damage":23,"enemies":"WA_ARCHETYPE_DIVINITY","floor":50,"turns":5}],"seed_played":"-4207983170348985215","potions_obtained":[{"floor":2,"key":"Fruit Juice"},{"floor":3,"key":"Block Potion"},{"floor":6,"key":"Fire Potion"},{"floor":10,"key":"Slimebound:SlimedPotion"},{"floor":14,"key":"PowerPotion"},{"floor":40,"key":"SkillPotion"},{"floor":43,"key":"SpeedPotion"},{"floor":45,"key":"PowerPotion"}],"is_trial":false,"path_per_floor":["R","M","M","?","?","M","T","M","$","M","M","M","R","M","M","B",null,"R","M","M","M","M","M","T","M","R","?","$","M","R","M","M","B",null,"R","M","$","M","?","M","T","?","M","M","M","?","R","?","M","B"],"character_chosen":"SLIMEBOUND","items_purchased":["Slimebound:Grow","Slimebound:GrowthPunch+1","Slimebound:MassFeed+1","expansioncontent:InvincibleStrength","Slimebound:Repurpose","Slimebound:FinishingTackle+1","Good Instincts","Slimebound:GoopSpray","Slimebound:TongueLash+1","Slimebound:LevelUp"],"campfire_rested":3,"item_purchase_floors":[9,28,28,28,28,37,37,48,48,48],"current_hp_per_floor":[71,73,76,76,76,71,71,76,76,68,60,48,48,41,45,7,76,76,76,61,55,44,26,26,27,49,49,49,27,51,53,27,1,84,84,54,47,55,55,45,45,45,26,35,19,19,49,51,15,0,0,0],"gold":15,"neow_bonus":"TEN_PERCENT_HP_BONUS","is_daily":false,"chose_seed":false,"campfire_upgraded":4,"win_rate":0.0,"timestamp":1611715319,"path_taken":["R","M","M","?","?","M","T","M","$","?","M","M","R","M","M","BOSS","R","M","M","?","M","M","T","?","R","?","?","M","R","M","M","BOSS","R","M","$","M","?","M","T","?","?","?","M","?","R","?","M","BOSS"],"items_purchased_type":["Card","Card","Card","Card","Card","Card","Card","Card","Card","Card"],"build_version":"2020-12-22","purchased_purges":0,"victory":false,"max_hp_per_floor":[71,76,76,76,76,76,76,76,76,76,76,76,76,76,76,76,76,76,76,76,76,76,76,76,76,76,76,76,80,80,84,84,84,84,84,88,88,88,88,88,88,88,96,100,100,100,100,100,100,100,100,100],"card_choices":[{"not_picked":["Slimebound:ViciousTackle","Slimebound:SlimeBrawl"],"picked":"Slimebound:Gluttony","floor":2},{"not_picked":["Slimebound:GrowthPunch","Slimebound:SpikyOuterGoop"],"picked":"Slimebound:Prepare","floor":3},{"not_picked":["Slimebound:ViciousTackle","Slimebound:Prepare","Slimebound:SlimeBrawl"],"picked":"SKIP","floor":6},{"not_picked":["Slimebound:BestDefense","Slimebound:PressTheAttack"],"picked":"Slimebound:LeechEnergy","floor":8},{"not_picked":["Slimebound:ViciousTackle","Slimebound:FlameTackle"],"picked":"Slimebound:SlimeBarrage","floor":9},{"not_picked":["Slimebound:LeechLife","Slimebound:SamplingLick"],"picked":"Slimebound:SplitLeeching","floor":10},{"not_picked":["Slimebound:HauntingLick","Slimebound:SlimeTap","Slimebound:SlimeBrawl"],"picked":"SKIP","floor":11},{"not_picked":["Slimebound:SlimeBrawl","Slimebound:BestDefense","Slimebound:ProtectTheBoss"],"picked":"SKIP","floor":12},{"not_picked":["Slimebound:HauntingLick","Slimebound:PressTheAttack"],"picked":"Slimebound:SamplingLick","floor":14},{"not_picked":["Slimebound:LeechingTouch","Slimebound:WasteNot"],"picked":"Slimebound:SplitMire","floor":15},{"not_picked":["Slimebound:SlimeSlap","Slimebound:SelfFormingGoo"],"picked":"Slimebound:OozeBath","floor":16},{"not_picked":[],"picked":"Slimebound:SplitMire","floor":19},{"not_picked":[],"picked":"Slimebound:SamplingLick","floor":20},{"not_picked":[],"picked":"Slimebound:RollThrough+1","floor":21},{"not_picked":[],"picked":"Slimebound:SamplingLick+1","floor":22},{"not_picked":[],"picked":"Slimebound:SlimeBarrage","floor":23},{"not_picked":["Slimebound:ProtectTheBoss"],"picked":"SKIP","floor":25},{"not_picked":[],"picked":"Slimebound:SplitBruiser","floor":28},{"not_picked":[],"picked":"Slimebound:GoopSpray+1","floor":29},{"not_picked":[],"picked":"Slimebound:Chomp+1","floor":31},{"not_picked":[],"picked":"Slimebound:GrowthPunch+1","floor":32},{"not_picked":[],"picked":"Slimebound:MassFeed+1","floor":33},{"not_picked":[],"picked":"Slimebound:ItLooksTasty+1","floor":36},{"not_picked":["Slimebound:BestDefense+1"],"picked":"SKIP","floor":37},{"not_picked":["Slimebound:SplitAcid"],"picked":"SKIP","floor":38},{"not_picked":[],"picked":"Slimebound:RejuvenatingLick+1","floor":40},{"not_picked":[],"picked":"Slimebound:SlimeSpikes+1","floor":43},{"not_picked":["Slimebound:Prepare"],"picked":"SKIP","floor":44},{"not_picked":[],"picked":"Slimebound:LeechEnergy+1","floor":45},{"not_picked":["Slimebound:SplitLeeching"],"picked":"SKIP","floor":48},{"not_picked":["Slimebound:Repurpose"],"picked":"SKIP","floor":49}],"player_experience":603131,"relics_obtained":[{"floor":7,"key":"Toy Ornithopter"},{"floor":24,"key":"Molten Egg 2"},{"floor":41,"key":"Potion Belt"}],"event_choices":[{"damage_healed":0,"gold_gain":0,"player_choice":"Ignored","damage_taken":0,"max_hp_gain":0,"max_hp_loss":0,"event_name":"Mysterious Sphere","floor":46,"gold_loss":0}],"is_beta":false,"boss_relics":[{"not_picked":["Snecko Eye","Pandora\u0027s Box"],"picked":"Busted Crown"},{"not_picked":["Astrolabe","Cursed Key","Coffee Dripper"]}],"items_purged_floors":[],"is_endless":false,"potions_floor_spawned":[2,3,6,10,14,15,20,21,22,32,40,43,45],"killed_by":"WA_ARCHETYPE_DIVINITY","ascension_level":0}}