{"host":"gzsdmyo07u314vug","time":1611778973,"event":{"mods":["2.2 Compatiblity","Astrologer","BaseMod","Colored Powertips","GifTheSpireLib","Gremlin Mod","Hermit","Jorbs\u0027s Wanderer Trilogy","Minty Spire (QoL Compilation)","Quick Restart","Rare Cards Sparkle","Relic Stats","Replay The Spire","Robot Space Explorer","Shop Mod","StSLib","The Bug Knight","The Construct","The Cursed","The Elementalist","The Hierophant","The IronCluck","The Marked","The Necromancer","The Runesmith","The Servant 0.9.4","Unceasing Turn Reminder","everything is the same but u backflip on backflip","slay the spire mod where everything is the same but ironclad has a cowboy hat"],"gold_per_floor":[118,47,47,64,64,93,93,121,170,22,22,22,52,67,67,163,163,192,221,248,90,90,156,156,221,270,301,369,20,81,81,81,253,253,266,334,60,90,121,121,146,146,146,146,60,89,122,193,193,193,193,193,43,72,72],"floor_reached":56,"language":"ENG","playtime":5323,"items_purged":["hermit:Strike_Hermit","hermit:Strike_Hermit","hermit:Strike_Hermit","hermit:Gestalt"],"score":1689,"play_id":"32e2fde3-421f-4736-bc2e-832317aaacbd","local_time":"20210127172253","is_ascension_mode":true,"campfire_choices":[{"floor":7.0,"key":"RECALL"},{"floor":11.0,"key":"REST"},{"floor":15.0,"key":"REST"},{"floor":24.0,"key":"REST"},{"data":"ReplayTheSpireMod:Splinters","floor":32,"key":"PURGE"},{"data":"hermit:Defend_Hermit","floor":40,"key":"PURGE"},{"data":"hermit:Defend_Hermit","floor":44,"key":"PURGE"},{"data":"hermit:TrackingShot","floor":49,"key":"PURGE"},{"data":"hermit:BigShot","floor":52,"key":"PURGE"}],"circlet_count":0,"master_deck":["hermit:Defend_Hermit","hermit:Defend_Hermit+1","hermit:Snapshot+1","hermit:Covet","hermit:GhostlyPresence+1","hermit:Snipe","hermit:Glare+1","hermit:FlashPowder+1","hermit:DeadOrAlive","hermit:Vantage+1","hermit:Dive+1","hermit:Brawl+1","hermit:Roughhouse","hermit:HeroicBravado+1","hermit:Gestalt+1","hermit:CalledShot","hermit:Deadeye","hermit:LuckOfTheDraw+1","hermit:RoundhouseKick","hermit:BigShot+1","hermit:TakeAim","Blind+1"],"relics":["Fusion Hammer","FaceOfCleric","War Paint","InkBottle","Centennial Puzzle","Toxic Egg 2","SlaversCollar","Kunai","Replay:Mystery Machine","Lantern","Tiny Chest","Peace Pipe","Anchor","Replay:Rubber Ducky","Coffee Dripper","Unceasing Top","ClockworkSouvenir","Durian","ReplayTheSpireMod:Shallot","Letter Opener","Toy Ornithopter"],"acts_visited":["Exordium","TheCity","TheBeyond","TheEnding"],"potions_floor_usage":[33,35,50,55],"damage_taken":[{"damage":0.0,"enemies":"Small Slimes","floor":1.0,"turns":3.0},{"damage":0.0,"enemies":"Cultist","floor":4.0,"turns":3.0},{"damage":0.0,"enemies":"HollowMod:MossKnight","floor":6.0,"turns":15.0},{"damage":3.0,"enemies":"3 Sentries","floor":8.0,"turns":9.0},{"damage":1.0,"enemies":"Gremlin Nob","floor":13.0,"turns":3.0},{"damage":1.0,"enemies":"Jaw Worm","floor":14.0,"turns":2.0},{"damage":2.0,"enemies":"Slime Boss","floor":16.0,"turns":14.0},{"damage":6.0,"enemies":"Spheric Guardian","floor":18.0,"turns":7.0},{"damage":12.0,"enemies":"2 Thieves","floor":19.0,"turns":3.0},{"damage":16.0,"enemies":"Cultist and Chosen","floor":20.0,"turns":12.0},{"damage":12.0,"enemies":"Slavers","floor":23.0,"turns":6.0},{"damage":3,"enemies":"Gremlin Leader","floor":25,"turns":5},{"damage":1,"enemies":"Snecko","floor":27,"turns":6},{"damage":3,"enemies":"Slavers","floor":28,"turns":6},{"damage":1,"enemies":"HollowMod:Nosk","floor":30,"turns":5},{"damage":0,"enemies":"Automaton","floor":33,"turns":10},{"damage":6,"enemies":"3 Darklings","floor":35,"turns":6},{"damage":5,"enemies":"2 Orb Walkers","floor":36,"turns":7},{"damage":1,"enemies":"Orb Walker","floor":38,"turns":4},{"damage":2,"enemies":"Spire Growth","floor":39,"turns":6},{"damage":4,"enemies":"R_Hoarder","floor":41,"turns":11},{"damage":0,"enemies":"Nemesis","floor":46,"turns":7},{"damage":0,"enemies":"Writhing Mass","floor":47,"turns":6},{"damage":0,"enemies":"Awakened One","floor":50,"turns":11},{"damage":0,"enemies":"Shield and Spear","floor":54,"turns":7},{"damage":22,"enemies":"The Heart","floor":55,"turns":10}],"seed_played":"4912438610331583342","potions_obtained":[{"floor":1.0,"key":"Block Potion"},{"floor":4.0,"key":"FairyPotion"},{"floor":14.0,"key":"Reflective Coating"},{"floor":16.0,"key":"Swift Potion"},{"floor":19.0,"key":"EntropicBrew"},{"floor":27,"key":"Reflective Coating"},{"floor":30,"key":"LiquidMemories"},{"floor":33,"key":"CultistPotion"},{"floor":35,"key":"hermit:Tonic"},{"floor":54,"key":"DuplicationPotion"}],"is_trial":false,"path_per_floor":["M","$","?","M","?","E","R","E","T","$","R","?","E","M","R","B",null,"M","M","M","$","?","E","R","E","T","M","E","$","E","?","R","B",null,"M","?","$","M","M","R","E","?","T","R","$","E","M","T","R","B",null,"R","$","E","B",null],"character_chosen":"HERMIT","items_purchased":["hermit:GhostlyPresence","hermit:Gestalt","hermit:Brawl+1","Peace Pipe","hermit:CalledShot","ClockworkSouvenir","Blind+1"],"campfire_rested":3,"item_purchase_floors":[2,10,21,29,29,37,45],"current_hp_per_floor":[75,75,75,75,75,76,76,74,74,74,77,77,77,77,79,78,80,75,64,49,49,49,38,63,61,61,61,59,59,59,59,59,60,89,84,80,80,80,79,79,81,81,81,81,81,82,83,83,83,84,102,102,102,103,82],"gold":72,"neow_bonus":"BOSS_RELIC","is_daily":false,"chose_seed":false,"campfire_upgraded":0,"win_rate":0.0,"timestamp":1611778973,"path_taken":["M","$","?","?","?","E","R","E","T","?","R","?","E","?","R","BOSS","M","M","M","$","?","E","R","E","T","M","E","$","E","?","R","BOSS","M","?","$","M","M","R","E","?","T","R","$","E","M","?","R","BOSS","R","$","E","BOSS"],"items_purchased_type":["Card","Card","Card","Relic","Card","Relic","Card"],"build_version":"2020-12-22","purchased_purges":4,"victory":true,"max_hp_per_floor":[75,75,75,75,75,76,76,77,77,77,77,77,78,79,79,80,80,81,82,83,83,83,84,84,85,85,86,87,87,88,88,88,89,89,90,91,91,92,93,93,99,99,99,99,99,100,101,101,101,102,102,102,102,103,104],"relic_stats":{"Peace Pipe":5,"Centennial Puzzle":[51],"FaceOfCleric":24,"counters":[26,184],"Tiny Chest":1,"Kunai":[15],"Letter Opener":[143],"War Paint":["hermit:GhostlyPresence","hermit:Defend_Hermit"],"obtain_stats":[{"Lantern":26,"Letter Opener":48,"War Paint":6,"Replay:Mystery Machine":25,"Replay:Rubber Ducky":31,"ClockworkSouvenir":37,"Peace Pipe":29,"SlaversCollar":17,"Centennial Puzzle":9,"Anchor":30,"FaceOfCleric":5,"ReplayTheSpireMod:Shallot":46,"Tiny Chest":28,"Fusion Hammer":0,"Coffee Dripper":34,"Durian":41,"Kunai":23,"Toxic Egg 2":13,"hermit:Momento":0,"InkBottle":8,"Unceasing Top":36,"Toy Ornithopter":54},{"Lantern":12,"Letter Opener":23,"War Paint":3,"Replay:Mystery Machine":12,"Replay:Rubber Ducky":15,"ClockworkSouvenir":18,"Peace Pipe":14,"SlaversCollar":7,"Centennial Puzzle":4,"Anchor":15,"FaceOfCleric":2,"ReplayTheSpireMod:Shallot":22,"Tiny Chest":14,"Fusion Hammer":0,"Coffee Dripper":16,"Durian":21,"Kunai":11,"Toxic Egg 2":5,"hermit:Momento":0,"InkBottle":4,"Unceasing Top":18,"Toy Ornithopter":25},{"Lantern":82,"Letter Opener":156,"War Paint":21,"Replay:Mystery Machine":82,"Replay:Rubber Ducky":99,"ClockworkSouvenir":122,"Peace Pipe":94,"SlaversCollar":49,"Centennial Puzzle":30,"Anchor":99,"FaceOfCleric":6,"ReplayTheSpireMod:Shallot":150,"Tiny Chest":94,"Fusion Hammer":0,"Coffee Dripper":109,"Durian":143,"Kunai":77,"Toxic Egg 2":33,"hermit:Momento":0,"InkBottle":30,"Unceasing Top":122,"Toy Ornithopter":174}],"InkBottle":[71],"Unceasing Top":[19],"Toy Ornithopter":0},"card_choices":[{"not_picked":["hermit:Determination","hermit:Quickdraw"],"picked":"hermit:TrackingShot","floor":1.0},{"not_picked":["hermit:BodyArmor","hermit:Manifest","hermit:Desperado"],"picked":"SKIP","floor":4.0},{"not_picked":["hermit:Desperado","hermit:ShadowCloak","hermit:Feint"],"picked":"SKIP","floor":6.0},{"not_picked":["hermit:HighCaliber","hermit:Misfire"],"picked":"hermit:Snipe","floor":8.0},{"not_picked":["hermit:LoneWolf+1","hermit:WideOpen"],"picked":"hermit:Glare+1","floor":13.0},{"not_picked":["hermit:LowProfile+1","hermit:Purgatory"],"picked":"hermit:FlashPowder+1","floor":14.0},{"not_picked":["hermit:RoundhouseKick","hermit:Reprieve+1"],"picked":"hermit:DeadOrAlive","floor":16.0},{"not_picked":["hermit:LowProfile+1","hermit:GoldenBullet"],"picked":"hermit:BigShot","floor":18.0},{"not_picked":["hermit:Coalescence+1","hermit:Grudge"],"picked":"hermit:Vantage+1","floor":19.0},{"not_picked":["hermit:SprayPray","hermit:Roulette"],"picked":"hermit:Dive+1","floor":20.0},{"not_picked":["hermit:Maintenance+1","hermit:Showdown"],"picked":"hermit:Roughhouse","floor":23.0},{"not_picked":["hermit:Roulette+1","hermit:CursedWeapon+1"],"picked":"hermit:HeroicBravado+1","floor":25},{"not_picked":["hermit:WideOpen","hermit:Malice+1"],"picked":"hermit:Gestalt+1","floor":27},{"not_picked":["hermit:Cheat+1","hermit:Dive+1","hermit:Misfire"],"picked":"SKIP","floor":28},{"not_picked":["hermit:Ricochet","hermit:GhostlyPresence+1"],"picked":"hermit:Deadeye","floor":30},{"not_picked":["hermit:Snipe+1","hermit:ItchyTrigger"],"picked":"hermit:LuckOfTheDraw+1","floor":31},{"not_picked":["hermit:DeadOrAlive","hermit:FinalCanter"],"picked":"hermit:RoundhouseKick","floor":33},{"not_picked":["hermit:Malice","hermit:HighCaliber+1","hermit:SprayPray"],"picked":"SKIP","floor":35},{"not_picked":["hermit:Glare+1","hermit:Roulette+1"],"picked":"hermit:BigShot+1","floor":36},{"not_picked":["hermit:Manifest+1","hermit:BigShot","hermit:Showdown"],"picked":"SKIP","floor":38},{"not_picked":["hermit:Roulette+1","hermit:Feint+1","hermit:GhostlyPresence+1"],"picked":"SKIP","floor":39},{"not_picked":["hermit:Showdown","hermit:Roulette"],"picked":"hermit:TakeAim","floor":41},{"not_picked":["hermit:GoldenBullet","hermit:TrackingShot","hermit:SprayPray"],"picked":"SKIP","floor":46},{"not_picked":["hermit:SprayPray","hermit:WideOpen","hermit:ItchyTrigger+1"],"picked":"SKIP","floor":47},{"not_picked":["hermit:SprayPray","hermit:WideOpen","hermit:ItchyTrigger+1"],"picked":"SKIP","floor":47},{"not_picked":["hermit:ShadowCloak","hermit:Ricochet","hermit:Gestalt+1"],"picked":"SKIP","floor":54}],"player_experience":798720,"relics_obtained":[{"floor":6.0,"key":"War Paint"},{"floor":8.0,"key":"InkBottle"},{"floor":9.0,"key":"Centennial Puzzle"},{"floor":13.0,"key":"Toxic Egg 2"},{"floor":23.0,"key":"Kunai"},{"floor":25,"key":"Replay:Mystery Machine"},{"floor":26,"key":"Lantern"},{"floor":28,"key":"Tiny Chest"},{"floor":30,"key":"Anchor"},{"floor":31,"key":"Replay:Rubber Ducky"},{"floor":36,"key":"Unceasing Top"},{"floor":41,"key":"Durian"},{"floor":46,"key":"ReplayTheSpireMod:Shallot"},{"floor":48,"key":"Letter Opener"},{"floor":54,"key":"Toy Ornithopter"}],"event_choices":[{"damage_healed":0.0,"max_hp_gain":0.0,"max_hp_loss":0.0,"gold_gain":0.0,"event_name":"Upgrade Shrine","player_choice":"Upgraded","floor":3.0,"gold_loss":0.0,"damage_taken":0.0,"cards_upgraded":["hermit:Snapshot"]},{"damage_healed":0.0,"max_hp_gain":0.0,"max_hp_loss":0.0,"gold_gain":0.0,"event_name":"FaceTrader","player_choice":"Trade","floor":5.0,"gold_loss":0.0,"damage_taken":0.0,"relics_obtained":["FaceOfCleric"]},{"cards_removed":["hermit:Strike_Hermit"],"damage_healed":0.0,"max_hp_gain":0.0,"max_hp_loss":0.0,"gold_gain":0.0,"event_name":"Purifier","player_choice":"Purged","floor":12.0,"gold_loss":0.0,"damage_taken":0.0},{"damage_healed":0.0,"max_hp_gain":0.0,"max_hp_loss":0.0,"gold_gain":0.0,"event_name":"Vampires","player_choice":"Ignored","floor":22.0,"gold_loss":0.0,"damage_taken":0.0},{"damage_healed":0,"gold_gain":0,"player_choice":"Fight","damage_taken":0,"max_hp_gain":0,"max_hp_loss":0,"event_name":"Mysterious Sphere","floor":36,"gold_loss":0},{"damage_healed":0,"gold_gain":0,"player_choice":"Memory 1","damage_taken":0,"max_hp_gain":0,"max_hp_loss":0,"event_name":"SensoryStone","floor":42,"gold_loss":0}],"is_beta":false,"boss_relics":[{"not_picked":["Ring of Chaos","Snecko Eye"],"picked":"SlaversCollar"},{"not_picked":["Cursed Key","Tiny House"],"picked":"Coffee Dripper"}],"items_purged_floors":[10,21,37,53],"is_endless":false,"potions_floor_spawned":[1,4,14,16,19,27,28,30,33,35,46,54],"ascension_level":2}}