{"host":"p62uqwu04pp7leh9","time":1611727163,"event":{"mods":["BaseMod","Block Reminder","Colored Map","Colored Powertips","Minty Spire (QoL Compilation)","Relic Stats"],"gold_per_floor":[110,285,285,304,304,331,341,34,110,135,146,46,46,61,61,157,157,170,269,184,196,121,121,150,160,205,205,655,655],"floor_reached":28,"language":"ENG","playtime":1466,"items_purged":["Strike_B","Defend_B"],"score":350,"play_id":"d4d99e49-5953-4831-9bc6-d04f0699a0df","local_time":"20210126235923","is_ascension_mode":false,"campfire_choices":[{"data":"Coolheaded","floor":13,"key":"SMITH"},{"data":"Buffer","floor":15,"key":"SMITH"},{"data":"Echo Form","floor":23,"key":"SMITH"}],"circlet_count":0,"master_deck":["Defend_B","Defend_B","Zap","Dualcast","Glacier","Coolheaded+1","Go for the Eyes","BootSequence","Buffer+1","Chaos+1","Chaos+1","Tempest+1","Echo Form+1","Redo+1","Redo+1","Bite","Bite","Bite","Bite","Bite"],"relics":["Cracked Core","NeowsBlessing","Lantern","Spirit Poop","Strawberry","TheAbacus","Eternal Feather","Toxic Egg 2","Inserter","Pen Nib","Red Mask","Happy Flower"],"acts_visited":["Exordium","TheCity"],"potions_floor_usage":[10,16,24],"damage_taken":[{"damage":0,"enemies":"Jaw Worm","floor":1,"turns":1},{"damage":0,"enemies":"Small Slimes","floor":4,"turns":1},{"damage":0,"enemies":"Lagavulin","floor":6,"turns":1},{"damage":0,"enemies":"Cultist","floor":7,"turns":3},{"damage":22,"enemies":"Gremlin Nob","floor":10,"turns":9},{"damage":0,"enemies":"Large Slime","floor":11,"turns":7},{"damage":0,"enemies":"Looter","floor":14,"turns":4},{"damage":0,"enemies":"Slime Boss","floor":16,"turns":11},{"damage":4,"enemies":"Shell Parasite","floor":18,"turns":7},{"damage":16,"enemies":"2 Thieves","floor":21,"turns":5},{"damage":25,"enemies":"Masked Bandits","floor":24,"turns":6},{"damage":1,"enemies":"Centurion and Healer","floor":25,"turns":8}],"seed_played":"5078843379392584259","potions_obtained":[{"floor":1,"key":"SteroidPotion"},{"floor":4,"key":"FocusPotion"},{"floor":6,"key":"DistilledChaos"},{"floor":21,"key":"LiquidMemories"},{"floor":24,"key":"Swift Potion"}],"is_trial":false,"path_per_floor":["M","?","?","M","?","E","M","$","T","E","M","$","R","M","R","B",null,"M","?","?","M","?","R","?","M","T","?","?"],"character_chosen":"DEFECT","items_purchased":["TheAbacus","Buffer"],"campfire_rested":0,"item_purchase_floors":[8,8],"current_hp_per_floor":[75,75,63,63,63,70,70,70,70,48,48,48,57,57,66,66,82,78,78,78,62,62,71,46,45,45,45,0,0],"gold":655,"neow_bonus":"THREE_ENEMY_KILL","is_daily":false,"chose_seed":false,"campfire_upgraded":3,"win_rate":0.0,"timestamp":1611727163,"path_taken":["M","?","?","M","?","E","?","$","T","E","M","$","R","M","R","BOSS","M","?","?","M","?","R","?","?","T","?","?"],"items_purchased_type":["Relic","Card"],"build_version":"2020-12-22","purchased_purges":2,"victory":false,"max_hp_per_floor":[75,75,75,75,75,82,82,82,82,82,82,82,82,82,82,82,82,82,82,82,82,82,82,82,82,82,57,57,57],"relic_stats":{"TheAbacus":[120],"Inserter":[13],"Happy Flower":[0],"counters":[12,63],"Eternal Feather":27,"Pen Nib":[2],"obtain_stats":[{"Lantern":3,"TheAbacus":8,"Inserter":17,"NeowsBlessing":0,"Happy Flower":26,"Strawberry":6,"Spirit Poop":5,"Eternal Feather":9,"Pen Nib":20,"Red Mask":24,"Toxic Egg 2":10,"Cracked Core":0},{"Lantern":1,"TheAbacus":4,"Inserter":8,"NeowsBlessing":0,"Happy Flower":12,"Strawberry":3,"Spirit Poop":2,"Eternal Feather":4,"Pen Nib":9,"Red Mask":11,"Toxic Egg 2":5,"Cracked Core":0},{"Lantern":1,"TheAbacus":6,"Inserter":37,"NeowsBlessing":0,"Happy Flower":63,"Strawberry":3,"Spirit Poop":2,"Eternal Feather":6,"Pen Nib":44,"Red Mask":55,"Toxic Egg 2":15,"Cracked Core":0}]},"card_choices":[{"not_picked":["Compile Driver","Streamline"],"picked":"Glacier","floor":1},{"not_picked":["Rebound","Reinforced Body"],"picked":"Coolheaded","floor":4},{"not_picked":["Hologram","Ball Lightning"],"picked":"Go for the Eyes","floor":6},{"not_picked":["Cold Snap","Compile Driver"],"picked":"BootSequence","floor":7},{"not_picked":["Aggregate+1","Sweeping Beam"],"picked":"Chaos+1","floor":10},{"not_picked":["FTL","Barrage"],"picked":"Chaos+1","floor":11},{"not_picked":["Scrape","Turbo+1"],"picked":"Tempest+1","floor":14},{"not_picked":["Machine Learning","Reboot+1"],"picked":"Echo Form","floor":16},{"not_picked":["Streamline","Barrage","Redo+1"],"picked":"SKIP","floor":18},{"not_picked":["Hologram+1","Biased Cognition","Beam Cell"],"picked":"SKIP","floor":21},{"not_picked":["Barrage+1","Force Field+1"],"picked":"Redo+1","floor":24},{"not_picked":["Beam Cell","Leap+1"],"picked":"Redo+1","floor":25}],"player_experience":373522,"relics_obtained":[{"floor":6,"key":"Strawberry"},{"floor":9,"key":"Eternal Feather"},{"floor":10,"key":"Toxic Egg 2"},{"floor":24,"key":"Red Mask"},{"floor":26,"key":"Happy Flower"}],"event_choices":[{"damage_healed":0,"gold_gain":175,"player_choice":"AGREE","damage_taken":0,"max_hp_gain":0,"max_hp_loss":0,"event_name":"Liars Game","floor":2,"gold_loss":0,"cards_obtained":["Doubt"]},{"damage_healed":0,"gold_gain":0,"player_choice":"Success","damage_taken":12,"relics_obtained":["Lantern"],"max_hp_gain":0,"max_hp_loss":0,"event_name":"Scrap Ooze","floor":3,"gold_loss":0},{"cards_removed":["Doubt"],"damage_healed":0,"gold_gain":0,"player_choice":"Offered Curse","damage_taken":0,"relics_obtained":["Spirit Poop"],"max_hp_gain":0,"max_hp_loss":0,"event_name":"Bonfire Elementals","floor":5,"gold_loss":0},{"damage_healed":0,"gold_gain":99,"player_choice":"Stole From Cult","damage_taken":0,"max_hp_gain":0,"max_hp_loss":0,"event_name":"Nest","floor":19,"gold_loss":0},{"damage_healed":0,"gold_gain":0,"player_choice":"Obtained Relic","damage_taken":0,"relics_obtained":["Pen Nib"],"max_hp_gain":0,"max_hp_loss":0,"event_name":"Addict","floor":20,"gold_loss":85},{"cards_removed":["Defend_B"],"damage_healed":0,"gold_gain":0,"player_choice":"Gave Gold","damage_taken":0,"max_hp_gain":0,"max_hp_loss":0,"event_name":"Beggar","floor":22,"gold_loss":75},{"damage_healed":0,"gold_gain":0,"player_choice":"Fought Bandits","damage_taken":0,"max_hp_gain":0,"max_hp_loss":0,"event_name":"Masked Bandits","floor":24,"gold_loss":0},{"damage_healed":0,"gold_gain":0,"player_choice":"Became a vampire","damage_taken":0,"max_hp_gain":0,"max_hp_loss":25,"event_name":"Vampires","floor":27,"gold_loss":0,"cards_obtained":["Bite","Bite","Bite","Bite","Bite"]}],"is_beta":false,"boss_relics":[{"not_picked":["Black Star","Pandora\u0027s Box"],"picked":"Inserter"}],"items_purged_floors":[8,12],"is_endless":false,"potions_floor_spawned":[1,4,6,7,21,24],"ascension_level":0}}