{"host":"2e5gbsni44p3458r","time":1611742344,"event":{"mods":["BaseMod","Colored Map","Downfall","Hermit","Minty Spire (QoL Compilation)","Replay The Spire","StSLib","The Cursed"],"gold_per_floor":[99,99,99,99,99,131,206,225,225,252,152,162,144,157,177,276,276,176,188,188,201,50,61,61,94,86,121,132,232,242,268,280,280,280,280],"floor_reached":33,"language":"ENG","playtime":2467,"items_purged":["Hallucinations","CommonCold"],"score":474,"play_id":"0e095ca1-eace-410f-9e63-032158306cbb","local_time":"20210127191224","is_ascension_mode":true,"campfire_choices":[{"floor":1.0,"key":"RECALL"},{"data":"bronze:Mutator","floor":11.0,"key":"SMITH"},{"floor":18.0,"key":"DIG"}],"circlet_count":0,"master_deck":["bronze:Strike","bronze:Strike","bronze:Defend","bronze:Defend","bronze:Defend","bronze:Replicate","bronze:Goto","bronze:OilSpill","bronze:CleanCode","bronze:Library","bronze:ItsAFeature","bronze:Mutator+1","bronze:Return","bronze:MaxOutput","bronze:BugBarrage","bronze:HyperBeam","bronze:Flail","bronze:FineTuning","bronze:FunctionCard","bronze:Frontload+1","bronze:Branch+1","bronze:Iterate+1","ReplayUltimateDefense","bronze:Flail","bronze:ClassDefault+1","bronze:Hardcode"],"relics":["bronze:BronzeCore","downfall:HeartsMalice","downfall:ShatteredFragment","Blood Vial","bronze:CableSpool","downfall:HeartBlessingRed","ReplayTheSpireMod:CursedCoin","Replay:Wax Seal","Philosopher\u0027s Stone","downfall:HeartBlessingGreen","Mango","Regal Pillow","bronze:BronzeIdol","Replay:Bottled Snecko","ReplayTheSpireMod:Ninjato"],"acts_visited":["Exordium","TheCity"],"potions_floor_usage":[33],"damage_taken":[{"damage":0.0,"enemies":"2 Louse","floor":2.0,"turns":1.0},{"damage":0.0,"enemies":"Small Slimes","floor":3.0,"turns":1.0},{"damage":0.0,"enemies":"3 Sentries","floor":6.0,"turns":1.0},{"damage":0.0,"enemies":"Cultist","floor":8.0,"turns":2.0},{"damage":3.0,"enemies":"Replay:BlueRogue","floor":10.0,"turns":8.0},{"damage":5.0,"enemies":"Gremlin Gang","floor":12.0,"turns":4.0},{"damage":0.0,"enemies":"downfall:FleeingMerchant","floor":13.0,"turns":4.0},{"damage":0.0,"enemies":"2 Fungi Beasts","floor":14.0,"turns":3.0},{"damage":0.0,"enemies":"Lots of Slimes","floor":15.0,"turns":3.0},{"damage":36.0,"enemies":"WA_ARCHETYPE_RETAIN","floor":16.0,"turns":5.0},{"damage":16.0,"enemies":"Spheric Guardian","floor":19.0,"turns":4.0},{"damage":17.0,"enemies":"Shell Parasite","floor":21.0,"turns":3.0},{"damage":14.0,"enemies":"downfall:FleeingMerchant","floor":22.0,"turns":4.0},{"damage":4.0,"enemies":"Snake Plant","floor":23.0,"turns":4.0},{"damage":0.0,"enemies":"Replay:Snechameleon","floor":25.0,"turns":2.0},{"damage":15.0,"enemies":"downfall:FleeingMerchant","floor":26.0,"turns":4.0},{"damage":0.0,"enemies":"Gremlin Leader","floor":27.0,"turns":2.0},{"damage":0.0,"enemies":"Snecko","floor":28.0,"turns":1.0},{"damage":0.0,"enemies":"Cultist and Chosen","floor":30.0,"turns":2.0},{"damage":4.0,"enemies":"Book of Stabbing","floor":31.0,"turns":2.0},{"damage":7.0,"enemies":"Shelled Parasite and Fungi","floor":32.0,"turns":2.0},{"damage":20,"enemies":"DF_ARCHETYPE_CLAW","floor":33,"turns":5}],"seed_played":"8710931344370368933","potions_obtained":[{"floor":6.0,"key":"FearPotion"},{"floor":8.0,"key":"Slimebound:ThreeZeroPotion"},{"floor":15.0,"key":"Weak Potion"},{"floor":16.0,"key":"champ:CounterPotion"},{"floor":19.0,"key":"Adrenaline Potion"},{"floor":25.0,"key":"ColorlessPotion"},{"floor":27.0,"key":"DuplicationPotion"},{"floor":28.0,"key":"EntropicBrew"},{"floor":30.0,"key":"Slimebound:ThreeZeroPotion"},{"floor":31.0,"key":"Block Potion"}],"is_trial":false,"path_per_floor":["R","M","M","?","?","E","T","M","?","E","R","M","$","M","M","B",null,"R_BF","M","?","M","$","M","T","E","$","E","M","?","M","E","M","B"],"character_chosen":"THE_AUTOMATON","items_purchased":["ReplayTheSpireMod:CursedCoin","Replay:Wax Seal","bronze:Branch+1","bronze:BronzeIdol","ReplayUltimateDefense"],"campfire_rested":0,"item_purchase_floors":[13,13,22,26,26],"current_hp_per_floor":[70,70,70,49,49,49,49,51,51,50,50,47,49,51,53,19,70,84,68,68,53,41,39,39,41,28,30,32,32,34,32,27,9,9,9],"gold":280,"neow_bonus":"THREE_ENEMY_KILL","is_daily":false,"chose_seed":false,"campfire_upgraded":1,"win_rate":0.0,"timestamp":1611742344,"path_taken":["R","M","M","?","?","E","T","?","?","E","R","?","$","M","M","BOSS","R_BF","M","?","M","$","M","T","E","$","E","?","?","M","E","M","BOSS"],"items_purchased_type":["Relic","Relic","Card","Relic","Card"],"build_version":"2020-12-22","purchased_purges":2,"victory":false,"max_hp_per_floor":[70,70,70,70,70,70,70,70,70,70,70,70,70,70,70,70,70,84,84,84,84,84,84,84,84,84,84,84,84,84,84,84,84,84,84],"card_choices":[{"not_picked":["bronze:WhirlingStrike","bronze:MaxOutput","bronze:Repulsor"],"picked":"SKIP","floor":2.0},{"not_picked":["bronze:WhirlingStrike","bronze:Turbo"],"picked":"bronze:OilSpill","floor":3.0},{"not_picked":["bronze:Turbo","bronze:Hardcode"],"picked":"bronze:Library","floor":6.0},{"not_picked":["bronze:ForLoop","bronze:BugBarrage"],"picked":"bronze:ItsAFeature","floor":8.0},{"not_picked":["bronze:DelayedSlice","bronze:FineTuning"],"picked":"bronze:Mutator","floor":10.0},{"not_picked":["bronze:BugBarrage","bronze:WhirlingStrike"],"picked":"bronze:Return","floor":12.0},{"not_picked":["bronze:Return","bronze:Repair"],"picked":"bronze:MaxOutput","floor":13.0},{"not_picked":["bronze:GetLatest","bronze:Shield"],"picked":"bronze:BugBarrage","floor":14.0},{"not_picked":["bronze:DelayedSlice","bronze:Shield","bronze:Terminator"],"picked":"SKIP","floor":15.0},{"not_picked":["bronze:Virus","bronze:CleanCode"],"picked":"bronze:HyperBeam","floor":16.0},{"not_picked":["bronze:ChildClass+1","bronze:Invalidate"],"picked":"bronze:Flail","floor":19.0},{"not_picked":["bronze:Boost","bronze:Frontload"],"picked":"bronze:FineTuning","floor":21.0},{"not_picked":["bronze:Shield+1","bronze:Flail"],"picked":"bronze:Frontload+1","floor":22.0},{"not_picked":["bronze:WhirlingStrike","bronze:CutThrough","bronze:Shield+1"],"picked":"SKIP","floor":23.0},{"not_picked":["bronze:WhirlingStrike+1","bronze:Shield","bronze:WildBeam"],"picked":"SKIP","floor":25.0},{"not_picked":["bronze:Terminator","bronze:BuggyMess"],"picked":"bronze:Iterate+1","floor":26.0},{"not_picked":["bronze:Optimize","bronze:BronzeArmor+1"],"picked":"bronze:Flail","floor":27.0},{"not_picked":["bronze:BuggyMess","bronze:Iterate"],"picked":"bronze:ClassDefault+1","floor":28.0},{"not_picked":["bronze:Constructor","bronze:BitShift","bronze:DelayedGuard"],"picked":"SKIP","floor":30.0},{"not_picked":["bronze:Deprecate+1","bronze:CutThrough+1"],"picked":"bronze:Hardcode","floor":31.0},{"not_picked":["bronze:ChosenStrike","bronze:Invalidate","bronze:Repulsor+1"],"picked":"SKIP","floor":32.0}],"player_experience":760513,"relics_obtained":[{"floor":6.0,"key":"Blood Vial"},{"floor":7.0,"key":"bronze:CableSpool"},{"floor":10.0,"key":"Anchor"},{"floor":18.0,"key":"Mango"},{"floor":25.0,"key":"Regal Pillow"},{"floor":27.0,"key":"Replay:Bottled Snecko"},{"floor":31.0,"key":"ReplayTheSpireMod:Ninjato"}],"event_choices":[],"is_beta":false,"boss_relics":[{"not_picked":["Tiny House","Cursed Key"],"picked":"Philosopher\u0027s Stone"}],"items_purged_floors":[13,22],"is_endless":false,"potions_floor_spawned":[6,8,15,16,19,25,27,28,30,31],"killed_by":"DF_ARCHETYPE_CLAW","ascension_level":3}}