{"host":"9709z2dy8v1s63sm","time":1611714390,"event":{"mods":["AchievementEnabler","BaseMod","Minty Spire (QoL Compilation)","StSLib","SuperFastMode"],"gold_per_floor":[362,377,394,394,404,434,434,434,482,482,508,508,541,553,553,651,651,664,204,204,204,129,129,158,173,173,205,240,257,287,297,297,395,395,409,88,99,116,116,141,6,36,59,59,93,93,118,134,134,134,134,134,22,54,54],"floor_reached":56,"language":"KOR","playtime":2704,"items_purged":["Strike_R","Strike_R","Bash","Strike_R"],"score":2361,"play_id":"89ea420e-b121-48b5-b12a-db044057511e","local_time":"20210127112630","is_ascension_mode":true,"campfire_choices":[{"data":"Carnage","floor":7.0,"key":"SMITH"},{"data":"Second Wind","floor":10.0,"key":"SMITH"},{"data":"Body Slam","floor":12.0,"key":"SMITH"},{"floor":15.0,"key":"REST"},{"data":"Feel No Pain","floor":23.0,"key":"SMITH"},{"data":"Immolate","floor":32.0,"key":"SMITH"},{"data":"Dark Embrace","floor":44.0,"key":"SMITH"},{"data":"Barricade","floor":46.0,"key":"SMITH"},{"floor":49.0,"key":"RECALL"},{"data":"Defend_R","floor":52.0,"key":"SMITH"}],"circlet_count":0,"master_deck":["AscendersBane","Strike_R","Defend_R","Defend_R","Defend_R+1","Carnage+1","Second Wind+1","Body Slam+1","Shrug It Off+1","Entrench+1","Immolate+1","Feel No Pain+1","Disarm+1","Burning Pact+1","Double Tap+1","Warcry+1","Shockwave+1","Shrug It Off+1","True Grit+1","Barricade+1","Warcry+1","Dark Embrace+1","Warcry+1","Power Through+1","Seeing Red+1"],"relics":["Burning Blood","Matryoshka","Red Skull","Ancient Tea Set","Calipers","Toxic Egg 2","Velvet Choker","TheAbacus","Orichalcum","Sundial","Question Card","Singing Bowl","Red Mask","Darkstone Periapt","Black Star","Membership Card","Anchor","Thread and Needle","Pantograph","Oddly Smooth Stone","Omamori","Blood Vial","Pen Nib","MealTicket","Kunai","Centennial Puzzle","Ice Cream","InkBottle"],"acts_visited":["Exordium","TheCity","TheBeyond","TheEnding"],"potions_floor_usage":[55,55],"damage_taken":[{"damage":10.0,"enemies":"Small Slimes","floor":1.0,"turns":5.0},{"damage":6.0,"enemies":"Jaw Worm","floor":2.0,"turns":5.0},{"damage":3.0,"enemies":"2 Louse","floor":3.0,"turns":3.0},{"damage":13.0,"enemies":"Large Slime","floor":5.0,"turns":5.0},{"damage":18.0,"enemies":"Gremlin Nob","floor":6.0,"turns":4.0},{"damage":25.0,"enemies":"Lagavulin","floor":11.0,"turns":5.0},{"damage":13.0,"enemies":"3 Sentries","floor":13.0,"turns":6.0},{"damage":0.0,"enemies":"Exordium Wildlife","floor":14.0,"turns":3.0},{"damage":15.0,"enemies":"The Guardian","floor":16.0,"turns":7.0},{"damage":29.0,"enemies":"3 Byrds","floor":18.0,"turns":5.0},{"damage":15.0,"enemies":"Slavers","floor":24.0,"turns":4.0},{"damage":5.0,"enemies":"Shell Parasite","floor":25.0,"turns":4.0},{"damage":3.0,"enemies":"Book of Stabbing","floor":27.0,"turns":4.0},{"damage":0.0,"enemies":"Masked Bandits","floor":28.0,"turns":3.0},{"damage":0.0,"enemies":"Shelled Parasite and Fungi","floor":29.0,"turns":4.0},{"damage":18.0,"enemies":"Slavers","floor":30.0,"turns":5.0},{"damage":3.0,"enemies":"Snecko","floor":31.0,"turns":4.0},{"damage":14.0,"enemies":"Collector","floor":33.0,"turns":10.0},{"damage":0.0,"enemies":"3 Shapes","floor":35.0,"turns":1.0},{"damage":0.0,"enemies":"3 Darklings","floor":37.0,"turns":3.0},{"damage":0.0,"enemies":"Maw","floor":38.0,"turns":7.0},{"damage":10.0,"enemies":"Reptomancer","floor":40.0,"turns":7.0},{"damage":0.0,"enemies":"Giant Head","floor":42.0,"turns":5.0},{"damage":0.0,"enemies":"Reptomancer","floor":45.0,"turns":2.0},{"damage":0.0,"enemies":"Nemesis","floor":47.0,"turns":7.0},{"damage":0.0,"enemies":"Jaw Worm Horde","floor":48.0,"turns":1.0},{"damage":0.0,"enemies":"Awakened One","floor":50.0,"turns":10.0},{"damage":0,"enemies":"Shield and Spear","floor":54,"turns":8},{"damage":0,"enemies":"The Heart","floor":55,"turns":8}],"seed_played":"2261375364580872328","potions_obtained":[{"floor":3.0,"key":"Energy Potion"},{"floor":6.0,"key":"EssenceOfSteel"},{"floor":11.0,"key":"Block Potion"},{"floor":16.0,"key":"Fire Potion"},{"floor":18.0,"key":"GamblersBrew"},{"floor":24.0,"key":"GamblersBrew"},{"floor":30.0,"key":"SteroidPotion"},{"floor":33.0,"key":"Block Potion"},{"floor":40.0,"key":"Weak Potion"}],"is_trial":false,"path_per_floor":["M","M","M","?","M","E","R","?","T","R","E","R","E","M","R","B",null,"M","$","?","?","?","R","E","M","T","E","?","M","E","M","R","B",null,"M","$","M","M","?","E","$","E","T","R","E","R","E","M","R","B",null,"R","$","E","B",null],"character_chosen":"IRONCLAD","items_purchased":["Feel No Pain","Disarm+1","Burning Pact+1","TheAbacus","Membership Card","Dark Embrace","Warcry+1","Anchor","Oddly Smooth Stone","DistilledChaos"],"campfire_rested":1,"item_purchase_floors":[19,19,19,19,36,36,36,36,41,53],"current_hp_per_floor":[47,47,50,50,43,31,31,36,36,36,17,17,10,16,41,32,72,49,49,33,33,33,33,24,25,25,30,36,44,32,35,35,27,77,83,83,89,96,91,89,89,95,95,95,97,97,99,101,101,101,101,101,101,101,101],"gold":54,"neow_bonus":"TWO_FIFTY_GOLD","is_daily":false,"chose_seed":false,"campfire_upgraded":8,"win_rate":0.0,"timestamp":1611714390,"path_taken":["M","M","M","?","M","E","R","?","T","R","E","R","E","M","R","BOSS","M","$","?","?","?","R","E","M","T","E","?","M","E","M","R","BOSS","M","$","M","M","?","E","$","E","T","R","E","R","E","M","R","BOSS","R","$","E","BOSS"],"items_purchased_type":["Card","Card","Card","Relic","Relic","Card","Card","Relic","Relic","Potion"],"build_version":"2020-12-22","purchased_purges":4,"victory":true,"max_hp_per_floor":[80,80,80,80,80,80,80,85,85,85,85,85,85,85,85,85,85,85,85,90,90,90,90,90,90,90,92,92,94,94,94,94,94,94,94,94,94,96,91,93,93,95,95,95,97,97,99,101,101,101,101,101,101,101,101],"card_choices":[{"not_picked":["Armaments","Anger"],"picked":"Carnage","floor":1.0},{"not_picked":["Bloodletting","Warcry","Clothesline"],"picked":"SKIP","floor":2.0},{"not_picked":["Sever Soul","Iron Wave"],"picked":"Second Wind","floor":3.0},{"not_picked":["Iron Wave","Clothesline","Twin Strike"],"picked":"SKIP","floor":5.0},{"not_picked":["Juggernaut","Clash","Fire Breathing"],"picked":"SKIP","floor":6.0},{"not_picked":["Armaments","Perfected Strike"],"picked":"Body Slam","floor":11.0},{"not_picked":["Thunderclap","True Grit+1"],"picked":"Shrug It Off+1","floor":13.0},{"not_picked":["Immolate","Armaments+1"],"picked":"Entrench+1","floor":14.0},{"not_picked":["Limit Break+1","Berserk"],"picked":"Immolate","floor":16.0},{"not_picked":["Iron Wave","Metallicize","Sword Boomerang"],"picked":"SKIP","floor":18.0},{"not_picked":["Flex+1","Carnage"],"picked":"Double Tap+1","floor":24.0},{"not_picked":["Rampage","Armaments+1"],"picked":"Warcry+1","floor":25.0},{"not_picked":["Clothesline","Sword Boomerang","Whirlwind","Infernal Blade+1"],"picked":"Singing Bowl","floor":27.0},{"not_picked":["Rampage","Pummel","Flex+1"],"picked":"Shockwave+1","floor":28.0},{"not_picked":["Cleave","Iron Wave","Clash","Uppercut+1"],"picked":"Singing Bowl","floor":29.0},{"not_picked":["Anger","Flame Barrier+1","Entrench+1"],"picked":"Shrug It Off+1","floor":30.0},{"not_picked":["Flex+1","Pommel Strike","Juggernaut"],"picked":"True Grit+1","floor":31.0},{"not_picked":["Juggernaut","Bludgeon","Reaper"],"picked":"Barricade","floor":33.0},{"not_picked":["Body Slam","Ghostly Armor+1","Cleave+1"],"picked":"Warcry+1","floor":35.0},{"not_picked":["Armaments+1","Cleave","Flex+1"],"picked":"Power Through+1","floor":37.0},{"not_picked":["Metallicize","Anger","Ghostly Armor+1","Battle Trance+1"],"picked":"Singing Bowl","floor":38.0},{"not_picked":["Feed","Rupture+1","Anger","Pommel Strike"],"picked":"Singing Bowl","floor":40.0},{"not_picked":["Heavy Blade","Wild Strike","Armaments+1","Iron Wave+1"],"picked":"Singing Bowl","floor":42.0},{"not_picked":["Carnage","Sever Soul","Battle Trance+1","Fire Breathing"],"picked":"Singing Bowl","floor":45.0},{"not_picked":["True Grit+1","Headbutt","Havoc+1","Hemokinesis"],"picked":"Singing Bowl","floor":47.0},{"not_picked":["Clash+1","Rage+1","Searing Blow","Twin Strike"],"picked":"Singing Bowl","floor":48.0},{"not_picked":["Wild Strike","Ghostly Armor+1","Blood for Blood"],"picked":"Seeing Red+1","floor":54}],"player_experience":96350,"relics_obtained":[{"floor":6.0,"key":"Matryoshka"},{"floor":9.0,"key":"Red Skull"},{"floor":9.0,"key":"Ancient Tea Set"},{"floor":11.0,"key":"Calipers"},{"floor":13.0,"key":"Toxic Egg 2"},{"floor":24.0,"key":"Orichalcum"},{"floor":26.0,"key":"Sundial"},{"floor":26.0,"key":"Question Card"},{"floor":27.0,"key":"Singing Bowl"},{"floor":28.0,"key":"Red Mask"},{"floor":30.0,"key":"Darkstone Periapt"},{"floor":40.0,"key":"Thread and Needle"},{"floor":40.0,"key":"Pantograph"},{"floor":42.0,"key":"Omamori"},{"floor":42.0,"key":"Blood Vial"},{"floor":45.0,"key":"Pen Nib"},{"floor":45.0,"key":"MealTicket"},{"floor":47.0,"key":"Kunai"},{"floor":47.0,"key":"Centennial Puzzle"},{"floor":54,"key":"Ice Cream"},{"floor":54,"key":"InkBottle"}],"event_choices":[{"damage_healed":0.0,"max_hp_gain":0.0,"max_hp_loss":0.0,"gold_gain":0.0,"event_name":"Liars Game","player_choice":"Ignored","floor":4.0,"gold_loss":0.0,"damage_taken":0.0},{"damage_healed":0.0,"max_hp_gain":5.0,"max_hp_loss":0.0,"gold_gain":0.0,"event_name":"Big Fish","player_choice":"Donut","floor":8.0,"gold_loss":0.0,"damage_taken":0.0},{"damage_healed":0.0,"max_hp_gain":5.0,"max_hp_loss":0.0,"gold_gain":0.0,"event_name":"Forgotten Altar","player_choice":"Shed Blood","floor":20.0,"gold_loss":0.0,"damage_taken":21.0},{"cards_removed":["Defend_R"],"damage_healed":0.0,"max_hp_gain":0.0,"max_hp_loss":0.0,"gold_gain":0.0,"event_name":"Back to Basics","player_choice":"Elegance","floor":21.0,"gold_loss":0.0,"damage_taken":0.0},{"cards_removed":["Strike_R"],"damage_healed":0.0,"max_hp_gain":0.0,"max_hp_loss":0.0,"gold_gain":0.0,"event_name":"Beggar","player_choice":"Gave Gold","floor":22.0,"gold_loss":75.0,"damage_taken":0.0},{"damage_healed":0.0,"max_hp_gain":0.0,"max_hp_loss":0.0,"gold_gain":0.0,"event_name":"Masked Bandits","player_choice":"Fought Bandits","floor":28.0,"gold_loss":0.0,"damage_taken":0.0},{"damage_healed":0.0,"max_hp_gain":0.0,"max_hp_loss":5.0,"gold_gain":0.0,"event_name":"Winding Halls","player_choice":"Max HP","floor":39.0,"gold_loss":0.0,"damage_taken":0.0}],"is_beta":false,"boss_relics":[{"not_picked":["Runic Dome","Black Blood"],"picked":"Velvet Choker"},{"not_picked":["Tiny House","Pandora\u0027s Box"],"picked":"Black Star"}],"items_purged_floors":[19,36,41,53],"is_endless":false,"potions_floor_spawned":[3,6,11,16,18,24,30,33,37,40,45,48,54],"ascension_level":12}}