{"host":"xjs3b8lu14idcd3l","time":1611747850,"event":{"mods":["Act Like it!","BaseMod","CapriCore","Friendly Minions","Gensokyo","Kiyohime£®«Âºß£©","Koishi","Marisa£®ÏF”Í°°ƒß¿Ì…≥£©","Minty Spire (QoL Compilation)","Prisma Mod","Reimu£®≤©¿ˆ¡È√Œ£©","Remilia£®¿Ÿ√◊¿Ú—«£©","Replay The Spire","StSLib","The Administrix","The Immortal","The Servant 0.9.4","Youmu£®ªÍ∆«—˝√Œ£©","Yuyuko"],"gold_per_floor":[116,136,211,181,55,81,81,106,106,106,122,122,157,157,157,260,260,271,271,281,241,254,283,298,333,356,388,406,424,349,3,3,102,102,120,120,46,96,144,144,177,190,190,190,222,222,235,270,270,270,270,270,78,112,112],"floor_reached":56,"language":"ZHS","playtime":2168,"items_purged":["Strike_RM","Strike_RM"],"score":1735,"play_id":"01f73132-0c60-4465-942e-3845302c3480","local_time":"20210127194410","is_ascension_mode":true,"campfire_choices":[{"data":"Stigmanizer","floor":7.0,"key":"SMITH"},{"data":"RedMoon","floor":10.0,"key":"SMITH"},{"data":"MastersStateliness","floor":15.0,"key":"SMITH"},{"floor":32.0,"key":"REST"},{"data":"Mayhem","floor":40,"key":"SMITH"},{"floor":49,"key":"RECALL"},{"floor":52,"key":"DIG"}],"circlet_count":0,"master_deck":["Strike_RM","Strike_RM","Strike_RM","Defend_RM","Defend_RM","Defend_RM","RedMoon+1","ScarletShoot","MokouMod:HeatSpark","MastersStateliness+1","Stigmanizer+1","CharismaGuard","DiffusionOfMisfortune","Mayhem+1","ZunPunch:ReiMu","DiffusionOfMisfortune+1","MastersStateliness","Singularity","FitfulNightmare","MillenniumVampire+1","MastersStateliness","HunterOfTheNight"],"relics":["ScarletHat","StoneCalendar","Gremlin Horn","Mango","Singing Bowl","PrismaticShard","Pocketwatch","RedLine:ReiMu","Durian","Mummified Hand","Onion Ring","Happy Flower","Turnip","Quantum Egg","ScarletEmblem","Calipers","Shovel","Iron Hammer","ReplayTheSpireMod:Shallot","Tea:ReiMu","Unceasing Top","Bottled Lightning","ReplayTheSpireMod:Ninjato"],"acts_visited":["Exordium","TheCity","TheBeyond","TheEnding"],"potions_floor_usage":[39,39,50,50],"damage_taken":[{"damage":0.0,"enemies":"Cultist","floor":1.0,"turns":3.0},{"damage":1.0,"enemies":"2 Louse","floor":2.0,"turns":2.0},{"damage":9.0,"enemies":"3 Sentries","floor":6.0,"turns":7.0},{"damage":14.0,"enemies":"Lagavulin","floor":8.0,"turns":7.0},{"damage":0.0,"enemies":"Small Slimes","floor":11.0,"turns":2.0},{"damage":12.0,"enemies":"3 Sentries","floor":13.0,"turns":5.0},{"damage":0.0,"enemies":"Fading Forest","floor":16.0,"turns":11.0},{"damage":11.0,"enemies":"Shell Parasite","floor":18.0,"turns":4.0},{"damage":7.0,"enemies":"Chosen","floor":20.0,"turns":4.0},{"damage":26.0,"enemies":"Snake Plant","floor":22.0,"turns":6.0},{"damage":13.0,"enemies":"Book of Stabbing","floor":23.0,"turns":5.0},{"damage":0.0,"enemies":"Snecko","floor":24.0,"turns":4.0},{"damage":19.0,"enemies":"Slavers","floor":25.0,"turns":3.0},{"damage":12.0,"enemies":"Book of Stabbing","floor":27.0,"turns":3.0},{"damage":16.0,"enemies":"Shelled Parasite and Fungi","floor":28.0,"turns":3.0},{"damage":14.0,"enemies":"Snake Plant","floor":29.0,"turns":2.0},{"damage":0,"enemies":"Pondfish","floor":33,"turns":7},{"damage":23,"enemies":"3 Shapes","floor":35,"turns":1},{"damage":7,"enemies":"Mind Bloom Boss Battle","floor":38,"turns":3},{"damage":2,"enemies":"2 Orb Walkers","floor":39,"turns":2},{"damage":0,"enemies":"Nemesis","floor":41,"turns":7},{"damage":0,"enemies":"3 Darklings","floor":42,"turns":2},{"damage":0,"enemies":"Reptomancer","floor":45,"turns":2},{"damage":0,"enemies":"Spire Growth","floor":47,"turns":1},{"damage":7,"enemies":"R_Hoarder","floor":48,"turns":3},{"damage":0,"enemies":"Awakened One","floor":50,"turns":7},{"damage":8,"enemies":"Shield and Spear","floor":54,"turns":3},{"damage":31,"enemies":"The Heart","floor":55,"turns":5}],"seed_played":"2554673445249657902","potions_obtained":[{"floor":1.0,"key":"Strength Potion"},{"floor":4.0,"key":"Death Potion"},{"floor":4.0,"key":"Reflective Coating"},{"floor":8.0,"key":"FearPotion"},{"floor":14.0,"key":"SkillPotion"},{"floor":14.0,"key":"LiquidBronze"},{"floor":18.0,"key":"Fruit Juice"},{"floor":20.0,"key":"SkillPotion"},{"floor":25.0,"key":"Swift Potion"},{"floor":27.0,"key":"GamblersBrew"},{"floor":33,"key":"FearPotion"},{"floor":41,"key":"Fire Potion"},{"floor":42,"key":"Flashbang"}],"is_trial":false,"path_per_floor":["M","M","?","?","$","E","R","E","T","R","M","?","E","?","R","B",null,"M","T","M","?","M","E","M","E","T","E","M","M","?","$","R","B",null,"M","?","$","?","?","R","E","M","T","T","E","?","M","E","R","B",null,"R","$","E","B",null],"character_chosen":"REMILIA","items_purchased":["CharismaGuard","Quantum Egg","FitfulNightmare","MastersStateliness","Adrenaline Potion","FearPotion","HunterOfTheNight"],"campfire_rested":1,"item_purchase_floors":[5,31,37,53,53,53,53],"current_hp_per_floor":[75,74,63,63,63,57,57,67,67,67,69,69,65,65,65,73,93,92,97,97,97,72,59,61,47,47,49,41,29,29,29,63,72,117,96,96,96,94,94,94,103,105,105,105,107,107,117,129,129,129,129,129,129,123,106],"gold":112,"neow_bonus":"ONE_RARE_RELIC","is_daily":false,"chose_seed":false,"campfire_upgraded":4,"win_rate":0.0,"timestamp":1611747850,"path_taken":["M","M","?","?","$","E","R","E","T","R","?","?","E","?","R","BOSS","M","?","M","?","M","E","M","E","T","E","M","M","?","$","R","BOSS","M","?","$","?","?","R","E","M","T","?","E","?","M","E","R","BOSS","R","$","E","BOSS"],"items_purchased_type":["Card","Relic","Card","Card","Potion","Potion","Card"],"build_version":"2020-12-22","purchased_purges":2,"victory":true,"max_hp_per_floor":[75,75,75,75,75,75,75,89,89,89,91,91,93,93,93,93,93,100,105,107,107,107,107,109,109,109,111,113,115,115,115,115,117,117,119,113,113,113,115,115,117,119,119,119,121,121,123,129,129,129,129,129,129,131,131],"card_choices":[{"not_picked":["EndlessAdversity","RedRainbow"],"picked":"MastersStateliness","floor":1.0},{"not_picked":["StarOfDavid","FavorOfDestiny"],"picked":"Stigmanizer","floor":2.0},{"not_picked":["Septette","Ultimatum","Stigmanizer"],"picked":"SKIP","floor":6.0},{"not_picked":["VampireClaw","VampireKiss"],"picked":"DiffusionOfMisfortune","floor":8.0},{"not_picked":["RedMagic","UnderTheZenith","UnstableMagic"],"picked":"Singing Bowl","floor":11.0},{"not_picked":["PrismaMod:MiyuEvokeCheapAttack","Defy","VampireKiss"],"picked":"Singing Bowl","floor":13.0},{"not_picked":["PrismaMod:ChloeCarnivalAttack","GreatEnlightenmentAppearingAndDisappearing"],"picked":"Mayhem","floor":16.0},{"not_picked":["KiyohimeMod:AndSoTheShipConquers","Septette","Childlike+1"],"picked":"Singing Bowl","floor":18.0},{"not_picked":["Redemption of Death+1","Distraction","PrismaMod:ChloeDemonicTutor"],"picked":"Singing Bowl","floor":20.0},{"not_picked":["PrismaMod:MiyuChristmas","OrbThrow:ReiMu"],"picked":"DiffusionOfMisfortune+1","floor":22.0},{"not_picked":["PrismaMod:MiyuUberAttack","KiyohimeMod:WaterTurn"],"picked":"MastersStateliness","floor":23.0},{"not_picked":["Orbital+1","Open The Fan","MilkyWay"],"picked":"Singing Bowl","floor":24.0},{"not_picked":["BestPractice+1","AdministrixMod:RebukeDesires"],"picked":"Singularity","floor":25.0},{"not_picked":["Perfected Strike","MokouMod:EnchantingBambooForest","FIFO Queue"],"picked":"Singing Bowl","floor":27.0},{"not_picked":["KiyohimeMod:Grimoire+1","Nihility+1","InherentArray:ReiMu"],"picked":"Singing Bowl","floor":28.0},{"not_picked":["Vengeance+1","Escape Plan","PrismaMod:MiyuEvokeCheapAttack"],"picked":"Singing Bowl","floor":29.0},{"not_picked":["Fiend Fire","Koishi:FormlessExistence","PrismaMod:IllyaUberDefendChannel"],"picked":"Singing Bowl","floor":33},{"not_picked":["Sweeping Beam+1","Dodge and Roll","Disarm"],"picked":"Singing Bowl","floor":35},{"not_picked":["Gensokyo:BrilliantDragonBullet+1","PrismaMod:ChloeUncommonAttack+1"],"picked":"MillenniumVampire+1","floor":38},{"not_picked":["IllusionStar+1","KiyohimeMod:SteelTraining","ReplaySort+1"],"picked":"Singing Bowl","floor":39},{"not_picked":["Indignation","Unborn Light+1","Sweet of Phantom"],"picked":"Singing Bowl","floor":41},{"not_picked":["GearUp+1","GlobalNightmare+1","PrismaMod:IllyaGun+1"],"picked":"Singing Bowl","floor":42},{"not_picked":["Rebound","KiyohimeMod:GreenBlackKey+1","Turbo+1"],"picked":"Singing Bowl","floor":45},{"not_picked":["Barrage","Replay:Battleflow","Loop"],"picked":"Singing Bowl","floor":47},{"not_picked":["PrismaMod:IllyaFeed","Koishi:PerfectMindControl","DualDimension"],"picked":"Singing Bowl","floor":48},{"not_picked":["PrismaMod:IllyaAOECommonAttack+1","Genetic Algorithm+1","Shrug It Off"],"picked":"Singing Bowl","floor":54}],"player_experience":184221,"relics_obtained":[{"floor":6.0,"key":"Gremlin Horn"},{"floor":8.0,"key":"Mango"},{"floor":9.0,"key":"Singing Bowl"},{"floor":13.0,"key":"Pocketwatch"},{"floor":19.0,"key":"Durian"},{"floor":23.0,"key":"Mummified Hand"},{"floor":25.0,"key":"Onion Ring"},{"floor":26.0,"key":"Happy Flower"},{"floor":27.0,"key":"Turnip"},{"floor":38,"key":"Calipers"},{"floor":39,"key":"Shovel"},{"floor":41,"key":"Iron Hammer"},{"floor":44,"key":"ReplayTheSpireMod:Shallot"},{"floor":45,"key":"Tea:ReiMu"},{"floor":48,"key":"Unceasing Top"},{"floor":52,"key":"Bottled Lightning"},{"floor":54,"key":"ReplayTheSpireMod:Ninjato"}],"event_choices":[{"damage_healed":0.0,"max_hp_gain":0.0,"max_hp_loss":0.0,"gold_gain":75.0,"event_name":"World of Goop","player_choice":"Gather Gold","floor":3.0,"gold_loss":0.0,"damage_taken":11.0},{"damage_healed":0.0,"max_hp_gain":0.0,"max_hp_loss":0.0,"gold_gain":0.0,"event_name":"The Woman in Blue","player_choice":"Bought 2 Potions","floor":4.0,"gold_loss":0.0,"damage_taken":0.0},{"damage_healed":0.0,"max_hp_gain":0.0,"max_hp_loss":0.0,"gold_gain":0.0,"event_name":"Lab","player_choice":"Got Potions","floor":14.0,"gold_loss":0.0,"damage_taken":0.0},{"damage_healed":0.0,"max_hp_gain":0.0,"max_hp_loss":0.0,"gold_gain":0.0,"event_name":"ZunEvent","player_choice":"Ωª≥ˆ…Òæ∆","floor":21.0,"relics_lost":["ZunR:ReiMu"],"gold_loss":0.0,"damage_taken":0.0,"cards_obtained":["ZunPunch:ReiMu"]},{"cards_removed":["Languid"],"damage_healed":0.0,"max_hp_gain":0.0,"max_hp_loss":0.0,"gold_gain":0.0,"event_name":"Beggar","player_choice":"Gave Gold","floor":30.0,"gold_loss":75.0,"damage_taken":0.0},{"damage_healed":0,"gold_gain":0,"player_choice":"Max HP","damage_taken":0,"max_hp_gain":0,"max_hp_loss":6,"event_name":"Winding Halls","floor":36,"gold_loss":0},{"damage_healed":0,"gold_gain":0,"player_choice":"Fight","damage_taken":0,"max_hp_gain":0,"max_hp_loss":0,"event_name":"MindBloom","floor":38,"gold_loss":0},{"damage_healed":0,"gold_gain":0,"player_choice":"Fight","damage_taken":0,"max_hp_gain":0,"max_hp_loss":0,"event_name":"Mysterious Sphere","floor":39,"gold_loss":0},{"cards_removed":["Defend_RM"],"damage_healed":0,"gold_gain":0,"player_choice":"Removed Skill","damage_taken":0,"max_hp_gain":0,"max_hp_loss":0,"event_name":"Falling","floor":46,"gold_loss":0}],"is_beta":false,"boss_relics":[{"not_picked":["Kintsugi","Runic Pyramid"],"picked":"RedLine:ReiMu"},{"not_picked":["Velvet Choker","Replay:Drink Me"],"picked":"ScarletEmblem"}],"items_purged_floors":[5,31],"is_endless":false,"potions_floor_spawned":[1,8,18,20,25,27,33,38,41,42,48,54],"ascension_level":2}}