{"host":"1bmpebsu0h6jmm2g","time":1611757230,"event":{"mods":["BaseMod","BetterRewards","Colored Map","DeckTracker","Highlight Path","Keyboard Shortcuts","Minty Spire (QoL Compilation)","Permanent Neow","Quick Restart","Relic Stats","Slay the Relics Exporter","StSLib","SuperFastMode"],"gold_per_floor":[114,126,136,146,159,159,159,170,223,252,252,283,303,320,320,393,393,408,394,232,245,45,80,80,110,110,110,110,128,128,138,138,209,259,271,290,81,98,110,139,139,164,218,218,218,235,265,276,276,276,276,276,10,38,38],"floor_reached":56,"language":"KOR","playtime":1637,"items_purged":["Strike_B","Defend_B","Strike_B","Strike_B","Defend_B","Defend_B"],"score":2379,"play_id":"9846da76-03d4-4ff8-aadb-f4ca13010ee7","local_time":"20210127232030","is_ascension_mode":true,"campfire_choices":[{"data":"Defragment","floor":6.0,"key":"SMITH"},{"data":"Loop","floor":15.0,"key":"SMITH"},{"data":"Creative AI","floor":24.0,"key":"SMITH"},{"data":"Master of Strategy","floor":27,"key":"SMITH"},{"data":"Self Repair","floor":32,"key":"SMITH"},{"data":"Electrodynamics","floor":41,"key":"SMITH"},{"floor":45,"key":"RECALL"},{"data":"Capacitor","floor":49,"key":"SMITH"},{"data":"Compile Driver","floor":52,"key":"SMITH"}],"circlet_count":0,"master_deck":["AscendersBane","Zap","Dualcast+1","Loop+1","Defragment+1","Master of Strategy+1","Self Repair","Compile Driver+1","Self Repair+1","Chill","Creative AI+1","Ball Lightning","Hologram+1","Double Energy+1","Compile Driver","Echo Form+1","Recycle+1","Core Surge","Coolheaded+1","Electrodynamics+1","Capacitor+1","Loop"],"relics":["Cracked Core","Membership Card","Potion Belt","TungstenRod","Runic Capacitor","PreservedInsect","Lantern","Toxic Egg 2","Busted Crown","Art of War","Bag of Preparation","Regal Pillow","War Paint","Cables","Tiny House","InkBottle","Lizard Tail","FossilizedHelix","OrangePellets","Bird Faced Urn","Bronze Scales"],"acts_visited":["Exordium","TheCity","TheBeyond","TheEnding"],"potions_floor_usage":[25,33,33,50,54,55,55,55],"damage_taken":[{"damage":0.0,"enemies":"Cultist","floor":1.0,"turns":3.0},{"damage":8.0,"enemies":"2 Louse","floor":2.0,"turns":3.0},{"damage":14.0,"enemies":"Small Slimes","floor":3.0,"turns":3.0},{"damage":7.0,"enemies":"3 Louse","floor":4.0,"turns":3.0},{"damage":0.0,"enemies":"Large Slime","floor":5.0,"turns":5.0},{"damage":11.0,"enemies":"Lots of Slimes","floor":8.0,"turns":5.0},{"damage":10.0,"enemies":"3 Sentries","floor":10.0,"turns":7.0},{"damage":20.0,"enemies":"Gremlin Nob","floor":12.0,"turns":4.0},{"damage":2.0,"enemies":"Looter","floor":13.0,"turns":3.0},{"damage":12.0,"enemies":"3 Louse","floor":14.0,"turns":3.0},{"damage":16.0,"enemies":"Slime Boss","floor":16.0,"turns":8.0},{"damage":0.0,"enemies":"3 Byrds","floor":18.0,"turns":4.0},{"damage":10.0,"enemies":"2 Thieves","floor":19.0,"turns":4.0},{"damage":12.0,"enemies":"Centurion and Healer","floor":21.0,"turns":6.0},{"damage":15.0,"enemies":"Gremlin Leader","floor":23.0,"turns":5.0},{"damage":55,"enemies":"Book of Stabbing","floor":25,"turns":4},{"damage":29,"enemies":"Shelled Parasite and Fungi","floor":29,"turns":4},{"damage":0,"enemies":"3 Cultists","floor":31,"turns":3},{"damage":18,"enemies":"Champ","floor":33,"turns":7},{"damage":29,"enemies":"Orb Walker","floor":35,"turns":4},{"damage":12,"enemies":"3 Darklings","floor":36,"turns":4},{"damage":11,"enemies":"Spire Growth","floor":38,"turns":4},{"damage":20,"enemies":"Maw","floor":39,"turns":6},{"damage":23,"enemies":"Reptomancer","floor":40,"turns":4},{"damage":0,"enemies":"Mind Bloom Boss Battle","floor":42,"turns":6},{"damage":11,"enemies":"4 Shapes","floor":46,"turns":2},{"damage":12,"enemies":"Nemesis","floor":47,"turns":5},{"damage":9,"enemies":"Transient","floor":48,"turns":5},{"damage":38,"enemies":"Donu and Deca","floor":50,"turns":5},{"damage":63,"enemies":"Shield and Spear","floor":54,"turns":4},{"damage":64,"enemies":"The Heart","floor":55,"turns":6}],"seed_played":"2529884680686094721","potions_obtained":[{"floor":1.0,"key":"Dexterity Potion"},{"floor":3.0,"key":"SkillPotion"},{"floor":10.0,"key":"Dexterity Potion"},{"floor":12.0,"key":"Weak Potion"},{"floor":14.0,"key":"SteroidPotion"},{"floor":25,"key":"GamblersBrew"},{"floor":29,"key":"DistilledChaos"},{"floor":31,"key":"PowerPotion"},{"floor":33,"key":"FocusPotion"},{"floor":34,"key":"CultistPotion"},{"floor":36,"key":"DuplicationPotion"},{"floor":38,"key":"LiquidMemories"},{"floor":42,"key":"Swift Potion"},{"floor":54,"key":"LiquidBronze"}],"is_trial":false,"path_per_floor":["M","M","M","M","M","R","?","M","T","E","?","E","M","M","R","B",null,"M","M","$","M","$","E","R","E","T","R","?","M","?","M","R","B",null,"M","M","$","M","M","E","R","?","T","?","R","M","E","M","R","B",null,"R","$","E","B",null],"character_chosen":"DEFECT","items_purchased":["Loop","Defragment","Master of Strategy","Membership Card","Potion Belt","Fire Potion","TungstenRod","Runic Capacitor","Art of War","Bag of Preparation","Echo Form","Recycle+1","FocusPotion","Electrodynamics","PotionOfCapacity","OrangePellets","Bird Faced Urn","Loop"],"campfire_rested":0,"item_purchase_floors":[0,0,0,0,0,0,0,0,20,22,22,22,22,37,37,53,53,53],"current_hp_per_floor":[36,35,28,35,49,49,54,57,57,61,61,55,67,62,62,60,72,76,76,76,76,76,75,75,34,34,34,34,19,19,33,33,39,72,70,75,75,81,81,75,75,81,81,81,81,81,81,81,81,70,78,78,78,42,43],"gold":38,"neow_bonus":"","is_daily":false,"chose_seed":false,"campfire_upgraded":8,"win_rate":0.0,"timestamp":1611757230,"path_taken":["M","M","M","M","M","R","?","M","T","E","?","E","M","M","R","BOSS","M","M","$","M","$","E","R","E","T","R","?","M","?","M","R","BOSS","M","M","$","M","M","E","R","?","T","?","R","M","E","M","R","BOSS","R","$","E","BOSS"],"items_purchased_type":["Card","Card","Card","Relic","Relic","Potion","Relic","Relic","Relic","Relic","Card","Card","Potion","Card","Potion","Relic","Relic","Card"],"build_version":"2020-12-22","purchased_purges":6,"victory":true,"max_hp_per_floor":[71,71,71,71,71,71,76,76,76,76,76,76,76,76,76,76,76,76,76,76,76,76,76,76,76,76,76,76,76,76,76,76,76,81,81,81,81,81,81,81,81,81,81,81,81,81,81,81,81,81,81,81,81,81,81],"relic_stats":{"Regal Pillow":0,"counters":[64,315],"PreservedInsect":333,"Bag of Preparation":[34],"War Paint":["Dualcast","Defend_B"],"Cables":[65,55,10,0,0],"OrangePellets":[3],"Lizard Tail":0,"Busted Crown":38,"Bird Faced Urn":[55],"Bronze Scales":[93],"Art of War":[22],"obtain_stats":[{"Darkstone Periapt":31,"Lantern":10,"Regal Pillow":23,"Tiny House":34,"Torii":31,"Runic Capacitor":0,"Bag of Preparation":22,"Whetstone":53,"Centennial Puzzle":40,"Lizard Tail":42,"Prayer Wheel":0,"MealTicket":9,"Red Mask":22,"Kunai":12,"Toxic Egg 2":12,"Cracked Core":0,"InkBottle":40,"Runic Pyramid":34,"Potion Belt":0,"Pear":7,"PreservedInsect":9,"Omamori":26,"Frozen Egg 2":19,"Orichalcum":53,"War Paint":25,"Medical Kit":53,"Nuclear Battery":17,"Cables":26,"OrangePellets":53,"Busted Crown":17,"Shuriken":24,"Bird Faced Urn":53,"Bronze Scales":54,"Art of War":20,"Membership Card":0,"Symbiotic Virus":54,"TungstenRod":0,"FossilizedHelix":47,"Meat on the Bone":45},{"Darkstone Periapt":21,"Lantern":40,"Regal Pillow":48,"Tiny House":52,"Torii":21,"Runic Capacitor":33,"Bag of Preparation":47,"Whetstone":31,"Centennial Puzzle":25,"Lizard Tail":58,"Prayer Wheel":0,"MealTicket":7,"Red Mask":16,"Kunai":9,"Toxic Egg 2":41,"Cracked Core":0,"InkBottle":57,"Runic Pyramid":22,"Potion Belt":33,"Pear":6,"PreservedInsect":39,"Omamori":18,"Frozen Egg 2":13,"Orichalcum":31,"War Paint":49,"Medical Kit":31,"Nuclear Battery":12,"Cables":49,"OrangePellets":62,"Busted Crown":44,"Shuriken":17,"Bird Faced Urn":62,"Bronze Scales":63,"Art of War":46,"Membership Card":33,"Symbiotic Virus":32,"TungstenRod":33,"FossilizedHelix":60,"Meat on the Bone":28},{"Darkstone Periapt":93,"Lantern":208,"Regal Pillow":242,"Tiny House":260,"Torii":93,"Runic Capacitor":180,"Bag of Preparation":237,"Whetstone":158,"Centennial Puzzle":116,"Lizard Tail":288,"Prayer Wheel":0,"MealTicket":23,"Red Mask":67,"Kunai":33,"Toxic Egg 2":211,"Cracked Core":0,"InkBottle":282,"Runic Pyramid":104,"Potion Belt":180,"Pear":20,"PreservedInsect":201,"Omamori":79,"Frozen Egg 2":54,"Orichalcum":158,"War Paint":246,"Medical Kit":158,"Nuclear Battery":50,"Cables":246,"OrangePellets":305,"Busted Crown":224,"Shuriken":71,"Bird Faced Urn":305,"Bronze Scales":309,"Art of War":231,"Membership Card":180,"Symbiotic Virus":169,"TungstenRod":180,"FossilizedHelix":295,"Meat on the Bone":132}],"TungstenRod":128,"InkBottle":[19]},"card_choices":[{"not_picked":["Beam Cell","Redo"],"picked":"Self Repair","floor":1.0},{"not_picked":["Rebound","Fusion"],"picked":"Compile Driver","floor":2.0},{"not_picked":["Turbo","Rebound"],"picked":"Self Repair","floor":3.0},{"not_picked":["Redo","Steam Power","Turbo"],"picked":"SKIP","floor":4.0},{"not_picked":["Turbo","Beam Cell"],"picked":"Chill","floor":5.0},{"not_picked":["Hologram","Self Repair","Compile Driver"],"picked":"SKIP","floor":8.0},{"not_picked":["Chill","Genetic Algorithm"],"picked":"Creative AI","floor":10.0},{"not_picked":["Tempest+1","Beam Cell","Lockon"],"picked":"SKIP","floor":12.0},{"not_picked":["Reinforced Body+1","Streamline"],"picked":"Hologram+1","floor":13.0},{"not_picked":["Hologram+1","Barrage","Conserve Battery+1"],"picked":"SKIP","floor":14.0},{"not_picked":[],"picked":"Double Energy+1","floor":18.0},{"not_picked":[],"picked":"Compile Driver","floor":19.0},{"not_picked":["Self Repair"],"picked":"SKIP","floor":21.0},{"not_picked":["Redo+1"],"picked":"SKIP","floor":23.0},{"not_picked":["Go for the Eyes"],"picked":"SKIP","floor":25},{"not_picked":["Barrage"],"picked":"SKIP","floor":29},{"not_picked":["Barrage"],"picked":"SKIP","floor":31},{"not_picked":[],"picked":"Core Surge","floor":33},{"not_picked":[],"picked":"Coolheaded+1","floor":35},{"not_picked":["Steam+1"],"picked":"SKIP","floor":36},{"not_picked":["Streamline+1"],"picked":"SKIP","floor":38},{"not_picked":["Steam+1"],"picked":"SKIP","floor":39},{"not_picked":["All For One"],"picked":"SKIP","floor":40},{"not_picked":["Hologram+1"],"picked":"SKIP","floor":46},{"not_picked":[],"picked":"Capacitor","floor":47},{"not_picked":["Go for the Eyes"],"picked":"SKIP","floor":48},{"not_picked":["Compile Driver"],"picked":"SKIP","floor":54}],"player_experience":495139,"relics_obtained":[{"floor":9.0,"key":"PreservedInsect"},{"floor":10.0,"key":"Lantern"},{"floor":12.0,"key":"Toxic Egg 2"},{"floor":23.0,"key":"Regal Pillow"},{"floor":25,"key":"War Paint"},{"floor":26,"key":"Cables"},{"floor":40,"key":"InkBottle"},{"floor":42,"key":"Lizard Tail"},{"floor":47,"key":"FossilizedHelix"},{"floor":54,"key":"Bronze Scales"}],"event_choices":[{"damage_healed":0.0,"max_hp_gain":5.0,"max_hp_loss":0.0,"gold_gain":0.0,"event_name":"Big Fish","player_choice":"Donut","floor":7.0,"gold_loss":0.0,"damage_taken":0.0},{"damage_healed":0.0,"max_hp_gain":0.0,"max_hp_loss":0.0,"gold_gain":0.0,"cards_transformed":["Strike_B"],"event_name":"Transmorgrifier","player_choice":"Transformed","floor":11.0,"gold_loss":0.0,"damage_taken":0.0,"cards_obtained":["Ball Lightning"]},{"damage_healed":0,"gold_gain":0,"player_choice":"Ignored","damage_taken":0,"max_hp_gain":0,"max_hp_loss":0,"event_name":"The Mausoleum","floor":28,"gold_loss":0},{"damage_healed":0,"gold_gain":0,"player_choice":"Ignored","damage_taken":0,"max_hp_gain":0,"max_hp_loss":0,"event_name":"Vampires","floor":30,"gold_loss":0},{"damage_healed":0,"gold_gain":0,"player_choice":"Fight","damage_taken":0,"max_hp_gain":0,"max_hp_loss":0,"event_name":"MindBloom","floor":42,"gold_loss":0},{"cards_removed":["Defend_B"],"damage_healed":0,"gold_gain":0,"player_choice":"Offered Basic","damage_taken":0,"max_hp_gain":0,"max_hp_loss":0,"event_name":"Bonfire Elementals","floor":44,"gold_loss":0}],"is_beta":false,"boss_relics":[{"not_picked":["Sozu","FrozenCore"],"picked":"Busted Crown"},{"not_picked":["Fusion Hammer","Philosopher\u0027s Stone"],"picked":"Tiny House"}],"items_purged_floors":[0,0,0,0,20,37],"is_endless":false,"potions_floor_spawned":[1,3,10,12,14,25,29,31,33,36,38,40,42,54],"ascension_level":15}}