{"host":"37dk0reb6x0du8wx","time":1611730043,"event":{"mods":["BaseMod","Colored Map","DeckTracker","Minty Spire (QoL Compilation)","Quick Restart","StSLib"],"gold_per_floor":[109,109,109,109,124,124,134,134,134,134,52,52,86,99,99,200,200,219,72,72,90,122,122,122,122],"floor_reached":24,"language":"KOR","playtime":544,"items_purged":[],"score":279,"play_id":"93a33ae4-82a4-4f74-856f-a681463383b5","local_time":"20210127154723","daily_mods":["Hoarder","Heirloom","Flight","DeadlyEvents"],"is_ascension_mode":true,"campfire_choices":[{"data":"Flex","floor":6,"key":"SMITH"},{"data":"Inflame","floor":8,"key":"SMITH"},{"data":"Inflame","floor":12,"key":"SMITH"},{"data":"Inflame","floor":15,"key":"SMITH"},{"data":"Combust","floor":23,"key":"SMITH"}],"circlet_count":0,"master_deck":["Strike_R","Strike_R","Strike_R","Defend_R","Defend_R","Defend_R","Defend_R","Bash","Flex+1","Flex","Flex","Inflame+1","Inflame+1","Inflame+1","Whirlwind","Whirlwind","Whirlwind","Cleave","Cleave","Cleave","Inflame","Inflame","Inflame","Combust+1","Combust","Combust"],"relics":["Burning Blood","Incense Burner","Question Card","Unceasing Top","Vajra","Black Star","Lee\u0027s Waffle","Regal Pillow","Anchor"],"acts_visited":["Exordium","TheCity"],"potions_floor_usage":[21],"damage_taken":[{"damage":1,"enemies":"Cultist","floor":1,"turns":4},{"damage":5,"enemies":"2 Louse","floor":5,"turns":3},{"damage":9,"enemies":"Jaw Worm","floor":7,"turns":3},{"damage":15,"enemies":"Lagavulin","floor":13,"turns":5},{"damage":0,"enemies":"3 Louse","floor":14,"turns":1},{"damage":39,"enemies":"The Guardian","floor":16,"turns":9},{"damage":32,"enemies":"Shell Parasite","floor":18,"turns":5},{"damage":28,"enemies":"2 Thieves","floor":21,"turns":3},{"damage":7,"enemies":"Gremlin Leader","floor":22,"turns":6},{"damage":0,"enemies":"Book of Stabbing","floor":24,"turns":1}],"seed_played":"3429905571645298865","potions_obtained":[{"floor":7,"key":"SteroidPotion"},{"floor":16,"key":"AttackPotion"},{"floor":22,"key":"HeartOfIron"}],"is_trial":true,"path_per_floor":["M","?","?","$","M","R","M","R","T","$","$","R","E","M","R","B",null,"M","$","?","M","E","R","E"],"character_chosen":"IRONCLAD","items_purchased":["Whirlwind","Lee\u0027s Waffle"],"campfire_rested":0,"item_purchase_floors":[11,19],"current_hp_per_floor":[80,68,68,68,69,69,66,66,66,66,66,66,57,63,63,30,80,54,87,87,65,64,64,64,64],"gold":122,"neow_bonus":"","is_daily":false,"chose_seed":false,"campfire_upgraded":5,"win_rate":0.0,"timestamp":1611730043,"path_taken":["M","?","?","$","M","R","?","R","T","?","$","R","?","?","R","BOSS","M","$","?","M","?","R","E"],"items_purchased_type":["Card","Relic"],"build_version":"2020-12-22","purchased_purges":0,"victory":false,"max_hp_per_floor":[80,80,80,80,80,80,80,80,80,80,80,80,80,80,80,80,80,80,87,87,87,87,87,87,87],"card_choices":[{"not_picked":["Body Slam","Searing Blow","Armaments"],"picked":"SKIP","floor":1},{"not_picked":["Wild Strike","Entrench","Clothesline"],"picked":"Flex","floor":5},{"not_picked":["Carnage","True Grit","Anger"],"picked":"Inflame","floor":7},{"not_picked":["Perfected Strike","Feel No Pain","Rampage","Uppercut"],"picked":"SKIP","floor":13},{"not_picked":["Dark Embrace","Sever Soul","Sword Boomerang","Rampage"],"picked":"SKIP","floor":14},{"not_picked":["Flex","Reckless Charge","Cleave","Havoc+1"],"picked":"SKIP","floor":18},{"not_picked":["Armaments","Thunderclap","Dropkick"],"picked":"Inflame","floor":21},{"not_picked":["Anger+1","Second Wind+1","Havoc"],"picked":"Combust","floor":22}],"player_experience":221200,"relics_obtained":[{"floor":9,"key":"Unceasing Top"},{"floor":13,"key":"Vajra"},{"floor":22,"key":"Regal Pillow"},{"floor":22,"key":"Anchor"}],"event_choices":[{"damage_healed":0,"gold_gain":0,"player_choice":"Success","damage_taken":12,"relics_obtained":["Question Card"],"max_hp_gain":0,"max_hp_loss":0,"event_name":"Scrap Ooze","floor":2,"gold_loss":0},{"cards_removed":["Strike_R"],"damage_healed":0,"gold_gain":0,"player_choice":"Forget","damage_taken":0,"max_hp_gain":0,"max_hp_loss":0,"event_name":"Living Wall","floor":3,"gold_loss":0},{"damage_healed":0,"gold_gain":0,"cards_transformed":["Strike_R"],"player_choice":"Transformed","damage_taken":0,"max_hp_gain":0,"max_hp_loss":0,"event_name":"Transmorgrifier","floor":20,"gold_loss":0,"cards_obtained":["Cleave"]}],"is_beta":false,"boss_relics":[{"not_picked":["Busted Crown","Tiny House"],"picked":"Black Star"}],"items_purged_floors":[],"is_endless":false,"potions_floor_spawned":[7,16,22],"killed_by":"Book of Stabbing","ascension_level":4}}