{"host":"mmro3auxcbu5pwad","time":1611788729,"event":{"mods":["Aspiration","BaseMod","Conspire","Energized Spire","Halation","Hubris","Infinite Spire","Minty Spire (QoL Compilation)","Permanent Neow","Replay The Spire","StSLib"],"gold_per_floor":[112,124,49,49,66,66,66,85,108,108,118,118,137,153,153,251,251,263,263,283,183,183,183],"floor_reached":22,"language":"ENG","playtime":1118,"items_purged":["ReplayTheSpireMod:Necrosis","Defend_G"],"score":196,"play_id":"12345650-e228-45e2-9ef1-2aec89c8e538","local_time":"20210128000529","is_ascension_mode":true,"campfire_choices":[{"data":"Neutralize","floor":6,"key":"SMITH"},{"data":"Survivor","floor":10,"key":"SMITH"},{"data":"Leg Sweep","floor":12,"key":"SMITH"},{"data":"Well Laid Plans","floor":15,"key":"SMITH"}],"circlet_count":0,"master_deck":["Strike_G","Strike_G","Strike_G","Defend_G","Defend_G","Defend_G","Survivor+1","Neutralize+1","Flechettes","Quick Slash","Flechettes","Leg Sweep+1","Well Laid Plans+1","Adrenaline","Prepared+1"],"relics":["Ring of the Snake","conspire:SpecialSausage"],"acts_visited":["Exordium","TheCity"],"potions_floor_usage":[16,18],"damage_taken":[{"damage":0,"enemies":"Cultist","floor":1,"turns":4},{"damage":0,"enemies":"Jaw Worm","floor":2,"turns":3},{"damage":0,"enemies":"Small Slimes","floor":5,"turns":3},{"damage":3,"enemies":"Looter","floor":8,"turns":3},{"damage":3,"enemies":"3 Louse","floor":11,"turns":4},{"damage":0,"enemies":"2 Fungi Beasts","floor":13,"turns":3},{"damage":3,"enemies":"Looter","floor":14,"turns":5},{"damage":28,"enemies":"Hexaghost","floor":16,"turns":14},{"damage":0,"enemies":"3 Byrds","floor":18,"turns":6},{"damage":21,"enemies":"Spheric Guardian","floor":20,"turns":9},{"damage":0,"enemies":"Centurion and Healer","floor":22,"turns":1}],"seed_played":"-1136618990741161338","potions_obtained":[{"floor":5,"key":"DuplicationPotion"},{"floor":8,"key":"Adrenaline Potion"},{"floor":13,"key":"LiquidBronze"},{"floor":16,"key":"Reflective Coating"}],"is_trial":false,"path_per_floor":["M","M","$","?","M","R","?","M","T","R","M","R","M","M","R","B",null,"M","?","M","$","M"],"character_chosen":"THE_SILENT","items_purchased":[],"campfire_rested":0,"item_purchase_floors":[],"current_hp_per_floor":[63,63,63,63,63,63,63,60,60,60,57,57,57,54,54,26,63,63,63,42,42,42,42],"gold":183,"neow_bonus":"TRANSFORM_TWO_CARDS","is_daily":false,"chose_seed":false,"campfire_upgraded":4,"win_rate":0.0,"timestamp":1611788729,"path_taken":["M","?","?","?","?","R","?","M","T","R","M","R","?","M","R","BOSS","M","?","M","?","?"],"items_purchased_type":[],"build_version":"2020-12-22","purchased_purges":2,"victory":false,"max_hp_per_floor":[63,63,63,63,63,63,63,63,63,63,63,63,63,63,63,63,63,63,63,63,63,63,63],"card_choices":[{"not_picked":["Dagger Throw","ReplayTheSpireMod:Tripwire"],"picked":"Quick Slash","floor":1},{"not_picked":["Blade Dance","Hidden Blade","PiercingWail"],"picked":"SKIP","floor":2},{"not_picked":["ReplayTheSpireMod:Shiv Toss","Dagger Throw"],"picked":"Flechettes","floor":5},{"not_picked":["Sucker Punch","Poisoned Stab","Bane"],"picked":"SKIP","floor":8},{"not_picked":["Predator","Slice"],"picked":"Leg Sweep","floor":11},{"not_picked":["Flying Knee","Catalyst"],"picked":"Well Laid Plans","floor":13},{"not_picked":["Heel Hook","Slice","Quick Slash"],"picked":"SKIP","floor":14},{"not_picked":["Night Terror","aspiration:Lunge"],"picked":"Adrenaline","floor":16},{"not_picked":["Calculated Gamble","Deadly Poison","ReplayTheSpireMod:The Works"],"picked":"SKIP","floor":18},{"not_picked":["Backflip","Dodge and Roll"],"picked":"Prepared+1","floor":20}],"player_experience":64685,"relics_obtained":[],"event_choices":[{"damage_healed":0,"gold_gain":0,"player_choice":"0 cards matched","damage_taken":0,"max_hp_gain":0,"max_hp_loss":0,"event_name":"Match and Keep!","floor":7,"gold_loss":0,"cards_obtained":[]},{"cards_removed":["Strike_G"],"damage_healed":0,"gold_gain":0,"player_choice":"Card Removal","damage_taken":0,"max_hp_gain":0,"max_hp_loss":0,"event_name":"Wheel of Change","floor":19,"gold_loss":0}],"is_beta":false,"boss_relics":[{"not_picked":["hubris:TerracottaHorce","aspiration:RitualDagger"],"picked":"conspire:SpecialSausage"}],"items_purged_floors":[3,21],"is_endless":false,"potions_floor_spawned":[5,8,13,14,16],"killed_by":"Centurion and Healer","ascension_level":2}}