{"host":"e326moqq81vao3qq","time":1611779788,"event":{"mods":["BaseMod","Colored Powertips","Highlight Path","Minty Spire (QoL Compilation)","Quick Restart","Relic Stats","Spicy Shops","StSLib","The Druid"],"gold_per_floor":[110,120,136,147,147,173,173,189,244,244,15,190,215,48,48,144,144,154,77,87,97,107,107,107],"floor_reached":23,"language":"ENG","playtime":1205,"items_purged":["theDruid:Strike_O"],"score":223,"play_id":"795db95d-b4f4-4de6-ae6d-ee526f1ddeaf","local_time":"20210127153628","is_ascension_mode":true,"campfire_choices":[{"data":"theDruid:BriarArmor","floor":7,"key":"SMITH"},{"data":"theDruid:SurvivalCache","floor":10,"key":"SMITH"},{"floor":15,"key":"REST"}],"circlet_count":0,"master_deck":["theDruid:Strike_O+1","theDruid:Defend_O","theDruid:Defend_O","theDruid:Defend_O+1","theDruid:BriarArmor+1","theDruid:WildSlash","theDruid:Scavenge","theDruid:ThickHide","theDruid:ThornStrike","theDruid:InsectSwarm","theDruid:SurvivalCache+1","Doubt","theDruid:Guidance","theDruid:SpiritCall","theDruid:Rummage+1","theDruid:Mutilate+1","theDruid:BristlingDefense+1","theDruid:ThornStrike","theDruid:FelineGrace","theDruid:ForestsSoul"],"relics":["theDruid:CrownOfTheWilds","NeowsBlessing","Tiny Chest","Strawberry","Oddly Smooth Stone","Blue Candle","Ice Cream","Toolbox","Astrolabe","HandDrill"],"acts_visited":["Exordium","TheCity"],"potions_floor_usage":[23],"damage_taken":[{"damage":0,"enemies":"2 Louse","floor":1,"turns":1},{"damage":0,"enemies":"Jaw Worm","floor":2,"turns":1},{"damage":0,"enemies":"Cultist","floor":3,"turns":1},{"damage":7,"enemies":"Large Slime","floor":4,"turns":5},{"damage":14,"enemies":"Lagavulin","floor":6,"turns":8},{"damage":10,"enemies":"3 Louse","floor":8,"turns":3},{"damage":9,"enemies":"3 Sentries","floor":13,"turns":7},{"damage":21,"enemies":"Hexaghost","floor":16,"turns":8},{"damage":1,"enemies":"Chosen","floor":18,"turns":4},{"damage":17,"enemies":"Spheric Guardian","floor":20,"turns":5},{"damage":29,"enemies":"Chosen and Byrds","floor":21,"turns":7},{"damage":21,"enemies":"Snake Plant","floor":22,"turns":3},{"damage":16,"enemies":"Book of Stabbing","floor":23,"turns":2}],"seed_played":"-7230325739725625611","potions_obtained":[{"floor":2,"key":"SpeedPotion"},{"floor":3,"key":"ColorlessPotion"},{"floor":8,"key":"SkillPotion"}],"is_trial":false,"path_per_floor":["M","M","M","M","?","E","R","M","T","R","$","?","E","$","R","B",null,"M","$","M","M","M","E"],"character_chosen":"DRUID","items_purchased":["Oddly Smooth Stone","Ice Cream","Toolbox","HandDrill"],"campfire_rested":1,"item_purchase_floors":[11,14,14,19],"current_hp_per_floor":[75,75,75,68,53,39,39,29,36,36,36,36,27,27,51,30,82,81,81,64,35,14,0,0],"gold":107,"neow_bonus":"THREE_ENEMY_KILL","is_daily":false,"chose_seed":false,"campfire_upgraded":2,"win_rate":0.0,"timestamp":1611779788,"path_taken":["M","M","M","M","?","E","R","M","T","R","$","?","E","$","R","BOSS","M","$","M","M","M","E"],"items_purchased_type":["Relic","Relic","Relic","Relic"],"build_version":"2020-12-22","purchased_purges":1,"victory":false,"max_hp_per_floor":[75,75,75,75,75,75,75,75,82,82,82,82,82,82,82,82,82,82,82,82,82,82,82,82],"relic_stats":{"counters":[13,55],"Blue Candle":[1],"Astrolabe":["theDruid:Rummage","theDruid:Mutilate","theDruid:BristlingDefense"],"Tiny Chest":0,"HandDrill":[10],"obtain_stats":[{"Ice Cream":14,"NeowsBlessing":0,"Strawberry":9,"Blue Candle":13,"Astrolabe":17,"Oddly Smooth Stone":11,"Toolbox":14,"Tiny Chest":6,"HandDrill":19,"theDruid:CrownOfTheWilds":0},{"Ice Cream":7,"NeowsBlessing":0,"Strawberry":6,"Blue Candle":7,"Astrolabe":8,"Oddly Smooth Stone":6,"Toolbox":7,"Tiny Chest":5,"HandDrill":9,"theDruid:CrownOfTheWilds":0},{"Ice Cream":26,"NeowsBlessing":0,"Strawberry":19,"Blue Candle":26,"Astrolabe":34,"Oddly Smooth Stone":19,"Toolbox":26,"Tiny Chest":16,"HandDrill":38,"theDruid:CrownOfTheWilds":0}]},"card_choices":[{"not_picked":["theDruid:IronClaw","theDruid:InsectSwarm"],"picked":"theDruid:Scavenge","floor":1},{"not_picked":["theDruid:LunarScythe","theDruid:InsectSwarm"],"picked":"theDruid:ThickHide","floor":2},{"not_picked":["theDruid:ForestsSoul","theDruid:Slingshot"],"picked":"theDruid:ThornStrike","floor":3},{"not_picked":["theDruid:TwilightsCall","theDruid:FuriousSlash","theDruid:WildFrenzy"],"picked":"SKIP","floor":4},{"not_picked":["theDruid:Resupply","theDruid:FuriousSlash"],"picked":"theDruid:InsectSwarm","floor":6},{"not_picked":["theDruid:PlagueClaw","theDruid:Gore"],"picked":"theDruid:SurvivalCache","floor":8},{"not_picked":["theDruid:FuriousSlash","theDruid:Eclipse"],"picked":"theDruid:Guidance","floor":13},{"not_picked":["theDruid:TearOpen","theDruid:TwinStars"],"picked":"theDruid:SpiritCall","floor":16},{"not_picked":["theDruid:Starfall","theDruid:AstralShield","theDruid:BloodiedFur"],"picked":"SKIP","floor":18},{"not_picked":["theDruid:TwilightsCall","theDruid:Stampede+1"],"picked":"theDruid:ThornStrike","floor":20},{"not_picked":["theDruid:AstralShield","theDruid:Resupply+1"],"picked":"theDruid:FelineGrace","floor":21},{"not_picked":["theDruid:Resupply","theDruid:FuriousSlash"],"picked":"theDruid:ForestsSoul","floor":22}],"player_experience":257506,"relics_obtained":[{"floor":6,"key":"Tiny Chest"},{"floor":9,"key":"Strawberry"},{"floor":13,"key":"Blue Candle"}],"event_choices":[{"damage_healed":0,"gold_gain":0,"player_choice":"Entered Light","damage_taken":15,"max_hp_gain":0,"max_hp_loss":0,"event_name":"Shining Light","floor":5,"gold_loss":0,"cards_upgraded":["theDruid:Defend_O","theDruid:Strike_O"]},{"damage_healed":0,"gold_gain":175,"player_choice":"AGREE","damage_taken":0,"max_hp_gain":0,"max_hp_loss":0,"event_name":"Liars Game","floor":12,"gold_loss":0,"cards_obtained":["Doubt"]}],"is_beta":false,"boss_relics":[{"not_picked":["Philosopher\u0027s Stone","Tiny House"],"picked":"Astrolabe"}],"items_purged_floors":[11],"is_endless":false,"potions_floor_spawned":[2,3,8,16,18,21],"killed_by":"Book of Stabbing","ascension_level":2}}