{"host":"cjhtzh7tp54jdfyv","time":1611737054,"event":{"mods":["AchievementEnabler","BaseMod","Colored Map","Colored Powertips","Curses Come First","DeckTracker","Minty Spire (QoL Compilation)","RNG Fix","Relic Sorter","Relic Stats","StSLib","UnlockEverythingMod","ojb\u0027s Better Paths Mod","ojb\u0027s Info Mod"],"gold_per_floor":[119,130,130,130,130,156,156,186,211,236,246,246,263,283,283,360,360,373,373,298,312,36,71,89,89,116,135,166,184,212,231,231,303,303,313,313,313,329,38,69,85,85,85,114,114,141,161,179,179,179,179,179],"floor_reached":51,"language":"ENG","playtime":10378,"items_purged":["Poisoned Stab","Poisoned Stab"],"score":1984,"play_id":"0dc0947f-621b-4301-8fa4-39cc3d8a93cc","local_time":"20210127034414","is_ascension_mode":true,"campfire_choices":[{"data":"Skewer","floor":7,"key":"SMITH"},{"data":"Neutralize","floor":12,"key":"SMITH"},{"data":"Calculated Gamble","floor":15,"key":"SMITH"},{"data":"Wraith Form v2","floor":25,"key":"SMITH"},{"data":"Outmaneuver","floor":32,"key":"SMITH"},{"floor":42,"key":"RECALL"},{"data":"Burst","floor":49,"key":"SMITH"}],"circlet_count":0,"master_deck":["AscendersBane","Survivor+1","Neutralize+1","Skewer+1","Burst+1","Terror","Flying Knee","Calculated Gamble+1","Calculated Gamble","Infinite Blades","Backflip","Wraith Form v2+1","Concentrate","Burst+1","Flying Knee","Outmaneuver+1","After Image","PiercingWail","Backflip","Blade Dance","Backflip","Dash","Eviscerate","Dodge and Roll+1","Infinite Blades","Prepared+1","Backflip","Malaise","Eviscerate","Finesse","Good Instincts","Violence","Concentrate+1","Accuracy+1","Blur","Underhanded Strike","Expertise","Acrobatics","Blade Dance","Madness","Madness","Expertise+1","Backflip","Envenom+1"],"relics":["Ring of the Snake","Happy Flower","NeowsBlessing","Matryoshka","Paper Crane","War Paint","Bottled Flame","Pandora\u0027s Box","ClockworkSouvenir","Bottled Tornado","Ornamental Fan","Frozen Egg 2","Boot","HoveringKite","Anchor","Bag of Marbles","The Courier","Ninja Scroll"],"acts_visited":["Exordium","TheCity","TheBeyond"],"potions_floor_usage":[8,10,23,28,51],"damage_taken":[{"damage":0,"enemies":"2 Louse","floor":1,"turns":1},{"damage":0,"enemies":"Jaw Worm","floor":2,"turns":1},{"damage":0,"enemies":"Gremlin Nob","floor":6,"turns":1},{"damage":7,"enemies":"Lagavulin","floor":8,"turns":7},{"damage":15,"enemies":"3 Sentries","floor":10,"turns":8},{"damage":6,"enemies":"Cultist","floor":11,"turns":3},{"damage":0,"enemies":"Exordium Thugs","floor":13,"turns":6},{"damage":0,"enemies":"Red Slaver","floor":14,"turns":3},{"damage":24,"enemies":"Slime Boss","floor":16,"turns":9},{"damage":3,"enemies":"Shell Parasite","floor":18,"turns":6},{"damage":9,"enemies":"Chosen","floor":21,"turns":7},{"damage":0,"enemies":"Gremlin Leader","floor":23,"turns":8},{"damage":0,"enemies":"3 Cultists","floor":24,"turns":6},{"damage":0,"enemies":"Shelled Parasite and Fungi","floor":27,"turns":6},{"damage":2,"enemies":"Slavers","floor":28,"turns":8},{"damage":6,"enemies":"Sentry and Sphere","floor":29,"turns":9},{"damage":5,"enemies":"Gremlin Leader","floor":30,"turns":5},{"damage":0,"enemies":"Snake Plant","floor":31,"turns":5},{"damage":0,"enemies":"Automaton","floor":33,"turns":12},{"damage":0,"enemies":"Orb Walker","floor":35,"turns":5},{"damage":3,"enemies":"3 Darklings","floor":38,"turns":9},{"damage":0,"enemies":"Nemesis","floor":40,"turns":7},{"damage":0,"enemies":"Jaw Worm Horde","floor":41,"turns":3},{"damage":0,"enemies":"Giant Head","floor":44,"turns":6},{"damage":0,"enemies":"Nemesis","floor":46,"turns":6},{"damage":0,"enemies":"Writhing Mass","floor":47,"turns":6},{"damage":0,"enemies":"3 Darklings","floor":48,"turns":6},{"damage":5,"enemies":"Awakened One","floor":50,"turns":9},{"damage":53,"enemies":"Time Eater","floor":51,"turns":10}],"seed_played":"823848382922857797","potions_obtained":[{"floor":1,"key":"Strength Potion"},{"floor":6,"key":"SkillPotion"},{"floor":18,"key":"FairyPotion"},{"floor":24,"key":"AttackPotion"},{"floor":28,"key":"BlessingOfTheForge"},{"floor":40,"key":"SteroidPotion"}],"is_trial":false,"path_per_floor":["M","M","?","$","$","E","R","E","T","E","M","R","M","M","R","B",null,"M","?","$","M","$","E","M","R","T","M","E","M","E","M","R","B",null,"M","?","?","M","$","E","M","R","T","E","?","E","M","M","R","B","B"],"character_chosen":"THE_SILENT","items_purchased":["Backflip","ClockworkSouvenir","Explosive Potion","Accuracy+1","Blur","Underhanded Strike"],"campfire_rested":0,"item_purchase_floors":[22,22,22,39,39,39],"current_hp_per_floor":[59,59,59,59,59,59,59,52,52,37,31,31,31,31,31,7,51,48,48,48,39,39,39,39,39,39,39,37,31,26,26,26,26,56,56,56,46,43,43,43,43,43,43,43,31,31,31,31,31,26,0,0],"gold":179,"neow_bonus":"THREE_ENEMY_KILL","is_daily":false,"chose_seed":false,"campfire_upgraded":6,"win_rate":0.0,"timestamp":1611737054,"path_taken":["M","M","?","?","$","E","R","E","T","E","M","R","M","M","R","BOSS","M","?","$","M","$","E","?","R","T","M","E","M","E","M","R","BOSS","M","?","?","M","$","E","M","R","T","E","?","E","?","M","R","BOSS","BOSS"],"items_purchased_type":["Card","Relic","Potion","Card","Card","Card"],"build_version":"2020-12-22","purchased_purges":2,"victory":false,"max_hp_per_floor":[66,66,66,66,66,66,66,66,66,66,66,66,66,66,66,66,66,66,66,66,66,66,66,66,66,66,66,66,66,66,66,66,66,66,66,66,66,66,66,66,66,66,66,66,66,66,66,66,66,66,66,66],"relic_stats":{"Happy Flower":[56],"counters":[29,178],"Ornamental Fan":[348],"HoveringKite":[38],"Pandora\u0027s Box":["Concentrate","Burst","Flying Knee","Poisoned Stab","Outmaneuver","Poisoned Stab","After Image","PiercingWail","Sucker Punch"],"War Paint":["Survivor","Burst"],"Boot":[156],"obtain_stats":[{"NeowsBlessing":0,"Happy Flower":8,"HoveringKite":34,"The Courier":44,"Paper Crane":9,"War Paint":9,"Bottled Tornado":23,"Frozen Egg 2":28,"Boot":30,"ClockworkSouvenir":22,"Bottled Flame":10,"Anchor":40,"Matryoshka":6,"Ornamental Fan":26,"Ninja Scroll":46,"Pandora\u0027s Box":17,"Bag of Marbles":43,"Ring of the Snake":0},{"NeowsBlessing":0,"Happy Flower":4,"HoveringKite":19,"The Courier":24,"Paper Crane":4,"War Paint":4,"Bottled Tornado":12,"Frozen Egg 2":15,"Boot":17,"ClockworkSouvenir":11,"Bottled Flame":5,"Anchor":22,"Matryoshka":3,"Ornamental Fan":13,"Ninja Scroll":25,"Pandora\u0027s Box":9,"Bag of Marbles":23,"Ring of the Snake":0},{"NeowsBlessing":0,"Happy Flower":10,"HoveringKite":111,"The Courier":141,"Paper Crane":10,"War Paint":10,"Bottled Tornado":60,"Frozen Egg 2":80,"Boot":94,"ClockworkSouvenir":52,"Bottled Flame":18,"Anchor":132,"Matryoshka":3,"Ornamental Fan":66,"Ninja Scroll":147,"Pandora\u0027s Box":39,"Bag of Marbles":135,"Ring of the Snake":0}],"Ring of the Snake":[58]},"card_choices":[{"not_picked":["Tactician","Backflip"],"picked":"Skewer","floor":1},{"not_picked":["Bane","Caltrops","Heel Hook"],"picked":"SKIP","floor":2},{"not_picked":["Acrobatics","Storm of Steel"],"picked":"Terror","floor":6},{"not_picked":["Cloak And Dagger","Bane"],"picked":"Flying Knee","floor":8},{"not_picked":["Escape Plan","Sucker Punch"],"picked":"Calculated Gamble","floor":10},{"not_picked":["Prepared","All Out Attack"],"picked":"Calculated Gamble","floor":11},{"not_picked":["Flying Knee","Distraction"],"picked":"Infinite Blades","floor":13},{"not_picked":["Infinite Blades","Deflect"],"picked":"Backflip","floor":14},{"not_picked":["Die Die Die","Tools of the Trade"],"picked":"Wraith Form v2","floor":16},{"not_picked":["Distraction","Underhanded Strike+1"],"picked":"Backflip","floor":18},{"not_picked":["Flying Knee","Prepared"],"picked":"Blade Dance","floor":21},{"not_picked":["Bouncing Flask","PiercingWail"],"picked":"Dash","floor":23},{"not_picked":["Slice","Endless Agony"],"picked":"Eviscerate","floor":24},{"not_picked":["Bane","Dagger Spray"],"picked":"Dodge and Roll+1","floor":27},{"not_picked":["Distraction","Cloak And Dagger"],"picked":"Infinite Blades","floor":28},{"not_picked":["Bane","Deflect"],"picked":"Prepared+1","floor":29},{"not_picked":["PiercingWail","Bouncing Flask"],"picked":"Backflip","floor":30},{"not_picked":["Distraction","Dodge and Roll","Setup"],"picked":"SKIP","floor":31},{"not_picked":["Glass Knife","Burst"],"picked":"Malaise","floor":33},{"not_picked":["Flechettes+1","Choke+1"],"picked":"Eviscerate","floor":35},{"not_picked":["Enlightenment","Jack Of All Trades"],"picked":"Finesse","floor":37},{"not_picked":["Metamorphosis","Purity"],"picked":"Good Instincts","floor":37},{"not_picked":["Jack Of All Trades","Discovery"],"picked":"Violence","floor":37},{"not_picked":["Sucker Punch","Flying Knee+1"],"picked":"Concentrate+1","floor":38},{"not_picked":["Choke+1","Slice"],"picked":"Expertise","floor":40},{"not_picked":["Flechettes","Caltrops+1"],"picked":"Acrobatics","floor":41},{"not_picked":["Dash","Catalyst"],"picked":"Blade Dance","floor":44},{"not_picked":["A Thousand Cuts+1","Bane"],"picked":"Expertise+1","floor":46},{"not_picked":["Finisher","PiercingWail"],"picked":"Backflip","floor":47},{"not_picked":["Underhanded Strike+1","Acrobatics"],"picked":"Envenom+1","floor":48}],"player_experience":4535987,"relics_obtained":[{"floor":6,"key":"Matryoshka"},{"floor":8,"key":"Happy Flower"},{"floor":9,"key":"Paper Crane"},{"floor":9,"key":"War Paint"},{"floor":10,"key":"Bottled Flame"},{"floor":23,"key":"Bottled Tornado"},{"floor":26,"key":"Ornamental Fan"},{"floor":28,"key":"Frozen Egg 2"},{"floor":30,"key":"Boot"},{"floor":40,"key":"Anchor"},{"floor":43,"key":"Bag of Marbles"},{"floor":44,"key":"The Courier"},{"floor":46,"key":"Ninja Scroll"}],"event_choices":[{"damage_healed":0,"gold_gain":0,"cards_transformed":["Defend_G"],"player_choice":"Transformed","damage_taken":0,"max_hp_gain":0,"max_hp_loss":0,"event_name":"Transmorgrifier","floor":3,"gold_loss":0,"cards_obtained":["Burst"]},{"damage_healed":0,"gold_gain":0,"player_choice":"Ignored","damage_taken":0,"max_hp_gain":0,"max_hp_loss":0,"event_name":"Vampires","floor":19,"gold_loss":0},{"cards_removed":["Sucker Punch"],"damage_healed":0,"gold_gain":0,"player_choice":"Removed Attack","damage_taken":0,"max_hp_gain":0,"max_hp_loss":0,"event_name":"Falling","floor":36,"gold_loss":0},{"damage_healed":0,"gold_gain":0,"player_choice":"Memory 3","damage_taken":10,"max_hp_gain":0,"max_hp_loss":0,"event_name":"SensoryStone","floor":37,"gold_loss":0},{"damage_healed":0,"gold_gain":0,"player_choice":"Embrace Madness","damage_taken":12,"max_hp_gain":0,"max_hp_loss":0,"event_name":"Winding Halls","floor":45,"gold_loss":0,"cards_obtained":["Madness","Madness"]}],"is_beta":false,"boss_relics":[{"not_picked":["Calling Bell","Runic Dome"],"picked":"Pandora\u0027s Box"},{"not_picked":["Snecko Eye","Tiny House"],"picked":"HoveringKite"}],"items_purged_floors":[20,39],"is_endless":false,"potions_floor_spawned":[1,6,18,24,28,30,40,46,48],"killed_by":"Time Eater","ascension_level":20}}