{"host":"ctlqibkg0sskiu65","time":1611729858,"event":{"mods":["AchievementEnabler","Aspiration","BaseMod","BetterRewards","Colored Map","Colored Powertips","Conspire","Fiend Mod","Infinite Spire","Minty Spire (QoL Compilation)","Quick Restart","Replay The Spire","Shop Mod","StSLib","The Bladedancer","The Cursed","The Hierophant","The Jungle","The Kombatant","The Servant 0.9.4","TheBandit"],"gold_per_floor":[118,118,64,80,98,98,128,128,153,163,163,173,185,185,185,260,260,275,286,286,301,251,260,260],"floor_reached":23,"language":"ENG","playtime":1069,"items_purged":["Strike_G"],"score":367,"play_id":"450f97e0-e769-4980-be51-c87baf74e6e3","local_time":"20210127004418","is_ascension_mode":true,"campfire_choices":[{"data":"Bouncing Flask","floor":6.0,"key":"SMITH"},{"data":"Slice","floor":8.0,"key":"SMITH"},{"floor":11.0,"key":"REST"},{"floor":15,"key":"REST"}],"circlet_count":0,"master_deck":["AscendersBane","Strike_G","Strike_G","Strike_G","Strike_G","Defend_G","Defend_G","Defend_G","Defend_G","Defend_G","Survivor","Neutralize","Bouncing Flask+1","Bane","Dodge and Roll","Slice+1","PiercingWail","Replay:Bag of Tricks","ReplayTheSpireMod:Chaos Vortex","Leg Sweep","conspire:SpireCoStock"],"relics":["Ring of the Snake","infinitespire:PuzzleCube","Shuriken","Strawberry","Fiend:Scarf","aspiration:Nostalgia","m_SnakeCloak","Philosopher\u0027s Stone"],"acts_visited":["Exordium","TheCity"],"potions_floor_usage":[16,16,18,19,23],"damage_taken":[{"damage":2.0,"enemies":"Small Slimes","floor":1.0,"turns":6.0},{"damage":1.0,"enemies":"infinitespire:Voidling","floor":4.0,"turns":4.0},{"damage":7.0,"enemies":"2 Louse","floor":5.0,"turns":4.0},{"damage":19.0,"enemies":"Lagavulin","floor":7.0,"turns":8.0},{"damage":2.0,"enemies":"2 Fungi Beasts","floor":10.0,"turns":3.0},{"damage":25.0,"enemies":"Exordium Wildlife","floor":12.0,"turns":7.0},{"damage":9,"enemies":"Blue Slaver","floor":13,"turns":4},{"damage":34,"enemies":"Fading Forest","floor":16,"turns":11},{"damage":16,"enemies":"Shell Parasite","floor":18,"turns":5},{"damage":20,"enemies":"conspire:FuzzyDice","floor":19,"turns":7},{"damage":12,"enemies":"conspire:HollyBat","floor":21,"turns":7},{"damage":25,"enemies":"conspire:Head Lice","floor":23,"turns":6}],"seed_played":"3917121336187997433","potions_obtained":[{"floor":5.0,"key":"LiquidBronze"},{"floor":10.0,"key":"Reflective Coating"},{"floor":12.0,"key":"SteroidPotion"},{"floor":16,"key":"AttackPotion"},{"floor":18,"key":"Adrenaline Potion"},{"floor":21,"key":"Block Potion"}],"is_trial":false,"path_per_floor":["M","?","$","M","M","R","E","R","T","M","R","M","M","?","R","B",null,"M","M","AVR","M","?","E"],"character_chosen":"THE_SILENT","items_purchased":["Bane"],"campfire_rested":2,"item_purchase_floors":[3],"current_hp_per_floor":[57,57,57,56,49,49,30,30,37,35,56,31,22,22,43,17,59,43,23,23,11,11,0,0],"gold":260,"neow_bonus":"","is_daily":false,"chose_seed":false,"campfire_upgraded":2,"win_rate":0.0,"timestamp":1611729858,"path_taken":["M","?","$","M","M","R","E","R","T","?","R","M","M","?","R","BOSS","M","M","AVR","M","?","E"],"items_purchased_type":["Card"],"build_version":"2020-12-22","purchased_purges":1,"victory":false,"max_hp_per_floor":[66,66,66,66,66,66,66,66,73,73,73,73,73,73,73,73,73,73,73,73,73,73,73,73],"card_choices":[{"not_picked":["Outmaneuver","Replay:Poison Smokescreen"],"picked":"Bouncing Flask","floor":1.0},{"not_picked":["All Out Attack","Cloak And Dagger"],"picked":"Dodge and Roll","floor":4.0},{"not_picked":["Underhanded Strike","Reflex","ReplayTheSpireMod:Exploit Weakness"],"picked":"SKIP","floor":5.0},{"not_picked":["Quick Slash","Underhanded Strike"],"picked":"Slice","floor":7.0},{"not_picked":["Heel Hook","Outmaneuver"],"picked":"PiercingWail","floor":10.0},{"not_picked":["Blur","Sucker Punch","Outmaneuver"],"picked":"SKIP","floor":12.0},{"not_picked":["Dagger Throw","Flying Knee","ReplayTheSpireMod:Exploit Weakness"],"picked":"SKIP","floor":13},{"not_picked":["A Thousand Cuts","aspiration:Lunge"],"picked":"Replay:Bag of Tricks","floor":16},{"not_picked":["Sucker Punch","Underhanded Strike","Outmaneuver"],"picked":"SKIP","floor":18},{"not_picked":["Acrobatics","Cloak And Dagger","Blade Dance"],"picked":"SKIP","floor":19},{"not_picked":["Blur","PiercingWail"],"picked":"Leg Sweep","floor":21}],"player_experience":251749,"relics_obtained":[{"floor":2.0,"key":"infinitespire:PuzzleCube"},{"floor":7.0,"key":"Shuriken"},{"floor":9.0,"key":"Strawberry"}],"event_choices":[{"damage_healed":0.0,"max_hp_gain":0.0,"max_hp_loss":0.0,"gold_gain":0.0,"event_name":"Wheel of Change","player_choice":"Relic","floor":2.0,"gold_loss":0.0,"damage_taken":0.0},{"damage_healed":0,"gold_gain":0,"player_choice":"Invest 1","damage_taken":0,"max_hp_gain":0,"max_hp_loss":0,"event_name":"conspire:Investor","floor":22,"gold_loss":0}],"is_beta":false,"boss_relics":[{"not_picked":["aspiration:WatcherSkillbook","aspiration:PoetsPen_weak"],"picked":"Fiend:Scarf"}],"items_purged_floors":[20],"is_endless":false,"potions_floor_spawned":[5,10,12,16,18,21],"killed_by":"conspire:Head Lice","ascension_level":18}}