{"host":"w7o06k3e8uel8euj","time":1611742299,"event":{"mods":["AchievementEnabler","BaseMod","Colored Powertips","Custom Start","DeckTracker","Keyboard Shortcuts","Minty Spire (QoL Compilation)","Quick Restart","Relic Stats","StSLib","SuperFastMode","everything is the same but u backflip on backflip"],"gold_per_floor":[110,122,122,139,152,152,187,187,259,276,307,325,325,338,338,414,414,429,444,462,472,489,516,516,541,541,541,556,575,585,346,346,421,421,438,463,463,42,89,89,118,133,133,167,178,190,200,43,43,43,43],"floor_reached":50,"language":"KOR","playtime":2261,"items_purged":["Bite","Feed"],"score":1295,"play_id":"221d5a7a-f85f-4a9d-bbdc-f0e0c6aee4b6","local_time":"20210127191139","is_ascension_mode":true,"campfire_choices":[{"data":"Seeing Red","floor":6.0,"key":"SMITH"},{"data":"Feed","floor":8.0,"key":"SMITH"},{"data":"Feed","floor":13.0,"key":"SMITH"},{"data":"Feed","floor":15.0,"key":"SMITH"},{"data":"Dark Embrace","floor":24,"key":"SMITH"},{"data":"Pommel Strike","floor":32,"key":"SMITH"},{"data":"Pommel Strike","floor":40,"key":"SMITH"},{"floor":49,"key":"RECALL"}],"circlet_count":0,"master_deck":["AscendersBane","Bite","Bite","Bite","Feed+1","Feed+1","Feed+1","Feed","Reaper","Seeing Red+1","Battle Trance","Pommel Strike+1","Dark Embrace","Dark Embrace+1","Reaper","Inflame","Blood for Blood","Pommel Strike+1","Berserk","CurseOfTheBell"],"relics":["Black Blood","Strawberry","Pear","Mango","Lee\u0027s Waffle","Blood Vial","CultistMask","FaceOfCleric","Thread and Needle","Self Forming Clay","Akabeko","Mark of Pain","Sundial","Letter Opener","White Beast Statue","Calling Bell","Lantern","Singing Bowl","StoneCalendar","Ice Cream","Medical Kit","PreservedInsect","Pocketwatch","Regal Pillow","Oddly Smooth Stone","TheAbacus"],"acts_visited":["Exordium","TheCity","TheBeyond"],"potions_floor_usage":[33,33,42,44,47],"damage_taken":[{"damage":8.0,"enemies":"Small Slimes","floor":1.0,"turns":3.0},{"damage":0.0,"enemies":"Cultist","floor":2.0,"turns":2.0},{"damage":12.0,"enemies":"Jaw Worm","floor":4.0,"turns":3.0},{"damage":13.0,"enemies":"Blue Slaver","floor":5.0,"turns":2.0},{"damage":39.0,"enemies":"Gremlin Nob","floor":7.0,"turns":4.0},{"damage":18.0,"enemies":"3 Louse","floor":10.0,"turns":3.0},{"damage":48.0,"enemies":"Lagavulin","floor":11.0,"turns":6.0},{"damage":38.0,"enemies":"Exordium Thugs","floor":12.0,"turns":5.0},{"damage":16.0,"enemies":"Blue Slaver","floor":14.0,"turns":3.0},{"damage":149.0,"enemies":"The Guardian","floor":16.0,"turns":16.0},{"damage":20,"enemies":"Chosen","floor":18,"turns":4},{"damage":21,"enemies":"2 Thieves","floor":19,"turns":4},{"damage":34,"enemies":"Snake Plant","floor":20,"turns":4},{"damage":75,"enemies":"3 Cultists","floor":21,"turns":6},{"damage":37,"enemies":"Centurion and Healer","floor":22,"turns":7},{"damage":74,"enemies":"Slavers","floor":23,"turns":4},{"damage":123,"enemies":"Gremlin Leader","floor":25,"turns":9},{"damage":34,"enemies":"Snake Plant","floor":28,"turns":4},{"damage":73,"enemies":"Chosen and Byrds","floor":29,"turns":6},{"damage":55,"enemies":"Snecko","floor":30,"turns":6},{"damage":98,"enemies":"Automaton","floor":33,"turns":8},{"damage":85,"enemies":"3 Shapes","floor":35,"turns":5},{"damage":68,"enemies":"Mind Bloom Boss Battle","floor":36,"turns":9},{"damage":105,"enemies":"2 Orb Walkers","floor":39,"turns":4},{"damage":89,"enemies":"Nemesis","floor":41,"turns":5},{"damage":25,"enemies":"Orb Walker","floor":42,"turns":3},{"damage":36,"enemies":"Giant Head","floor":44,"turns":5},{"damage":111,"enemies":"4 Shapes","floor":45,"turns":3},{"damage":65,"enemies":"3 Darklings","floor":46,"turns":4},{"damage":70,"enemies":"Jaw Worm Horde","floor":47,"turns":4},{"damage":200,"enemies":"Awakened One","floor":50,"turns":5}],"seed_played":"-7890965517062540667","potions_obtained":[{"floor":0.0,"key":"AttackPotion"},{"floor":0.0,"key":"HeartOfIron"},{"floor":0.0,"key":"BlessingOfTheForge"},{"floor":14.0,"key":"GamblersBrew"},{"floor":33,"key":"Dexterity Potion"},{"floor":35,"key":"Dexterity Potion"},{"floor":41,"key":"BloodPotion"},{"floor":42,"key":"SkillPotion"},{"floor":44,"key":"EssenceOfSteel"},{"floor":45,"key":"LiquidMemories"},{"floor":46,"key":"BloodPotion"},{"floor":47,"key":"Block Potion"}],"is_trial":false,"path_per_floor":["M","M","?","M","M","R","E","R","T","M","E","M","R","M","R","B",null,"M","M","M","M","M","E","R","E","T","?","M","M","M","$","R","B",null,"M","?","?","$","?","R","E","M","T","E","M","M","M","$","R","B"],"character_chosen":"IRONCLAD","items_purchased":["Berserk","Medical Kit","PreservedInsect","TheAbacus"],"campfire_rested":0,"item_purchase_floors":[31,38,38,48],"current_hp_per_floor":[120,124,124,128,132,132,115,115,115,124,112,132,132,143,143,67,144,157,175,174,148,188,187,187,138,138,138,136,102,82,82,82,57,200,176,153,153,153,121,121,71,143,143,156,113,101,144,144,144,0,0],"gold":43,"neow_bonus":"THREE_SMALL_POTIONS","is_daily":false,"chose_seed":false,"campfire_upgraded":7,"win_rate":0.0,"timestamp":1611742299,"path_taken":["M","M","?","M","M","R","E","R","T","M","E","?","R","M","R","BOSS","M","M","M","M","M","E","R","E","T","?","M","M","M","$","R","BOSS","M","?","?","$","?","R","E","M","T","E","M","M","M","?","R","BOSS"],"items_purchased_type":["Card","Relic","Relic","Relic"],"build_version":"2020-12-22","purchased_purges":2,"victory":false,"max_hp_per_floor":[120,124,124,128,132,132,136,136,136,147,152,160,160,165,165,170,170,175,184,189,201,210,223,223,228,228,228,233,238,243,243,243,248,248,263,270,256,256,267,267,274,281,281,288,306,313,328,328,328,336,336],"relic_stats":{"Lee\u0027s Waffle":14,"Regal Pillow":0,"Singing Bowl":18,"counters":[31,156],"Self Forming Clay":[438],"Black Blood":341,"StoneCalendar":[52],"PreservedInsect":213,"Letter Opener":[0],"Medical Kit":[32],"Blood Vial":52,"TheAbacus":[30],"FaceOfCleric":30,"Sundial":[90],"obtain_stats":[{"Darkstone Periapt":0,"Ice Cream":36,"Lantern":34,"Regal Pillow":41,"Singing Bowl":34,"Black Blood":0,"Mango":0,"StoneCalendar":34,"Burning Blood":0,"Blood Vial":0,"TheAbacus":48,"FaceOfCleric":0,"Sundial":23,"Strawberry":0,"Lee\u0027s Waffle":0,"Pear":0,"Self Forming Clay":9,"Oddly Smooth Stone":44,"Thread and Needle":7,"PreservedInsect":38,"Letter Opener":25,"Medical Kit":38,"Akabeko":11,"White Beast Statue":26,"Calling Bell":34,"CultistMask":0,"Mark of Pain":17,"Pocketwatch":39},{"Darkstone Periapt":0,"Ice Cream":23,"Lantern":21,"Regal Pillow":25,"Singing Bowl":21,"Black Blood":0,"Mango":0,"StoneCalendar":21,"Burning Blood":0,"Blood Vial":0,"TheAbacus":30,"FaceOfCleric":0,"Sundial":16,"Strawberry":0,"Lee\u0027s Waffle":0,"Pear":0,"Self Forming Clay":5,"Oddly Smooth Stone":27,"Thread and Needle":5,"PreservedInsect":23,"Letter Opener":17,"Medical Kit":23,"Akabeko":7,"White Beast Statue":17,"Calling Bell":21,"CultistMask":0,"Mark of Pain":10,"Pocketwatch":24},{"Darkstone Periapt":0,"Ice Cream":123,"Lantern":109,"Regal Pillow":132,"Singing Bowl":109,"Black Blood":0,"Mango":0,"StoneCalendar":109,"Burning Blood":0,"Blood Vial":0,"TheAbacus":151,"FaceOfCleric":0,"Sundial":76,"Strawberry":0,"Lee\u0027s Waffle":0,"Pear":0,"Self Forming Clay":14,"Oddly Smooth Stone":140,"Thread and Needle":14,"PreservedInsect":123,"Letter Opener":85,"Medical Kit":123,"Akabeko":23,"White Beast Statue":85,"Calling Bell":109,"CultistMask":0,"Mark of Pain":47,"Pocketwatch":127}],"Pocketwatch":[12]},"card_choices":[{"not_picked":["Rampage","Heavy Blade","Iron Wave"],"picked":"SKIP","floor":1.0},{"not_picked":["Thunderclap","Headbutt","Exhume"],"picked":"SKIP","floor":2.0},{"not_picked":["Rupture","Sever Soul","Wild Strike"],"picked":"SKIP","floor":4.0},{"not_picked":["Thunderclap","Havoc"],"picked":"Battle Trance","floor":5.0},{"not_picked":["Reckless Charge","Shrug It Off"],"picked":"Pommel Strike","floor":7.0},{"not_picked":["Ghostly Armor","Thunderclap","Havoc"],"picked":"SKIP","floor":10.0},{"not_picked":["Spot Weakness","Dropkick"],"picked":"Dark Embrace","floor":11.0},{"not_picked":["Pummel","Twin Strike","Flex"],"picked":"SKIP","floor":12.0},{"not_picked":["Cleave","Warcry"],"picked":"Dark Embrace","floor":14.0},{"not_picked":["Brutality","Limit Break"],"picked":"Reaper","floor":16.0},{"not_picked":["Pummel","Armaments","Perfected Strike+1"],"picked":"SKIP","floor":18},{"not_picked":["Metallicize+1","Body Slam"],"picked":"Inflame","floor":19},{"not_picked":["Wild Strike+1","Armaments","Heavy Blade"],"picked":"SKIP","floor":20},{"not_picked":["Thunderclap","Cleave","Wild Strike"],"picked":"SKIP","floor":21},{"not_picked":["Wild Strike","Cleave"],"picked":"Blood for Blood","floor":22},{"not_picked":["Headbutt+1","Anger","Limit Break"],"picked":"SKIP","floor":23},{"not_picked":["Cleave","Flex"],"picked":"Pommel Strike","floor":25},{"not_picked":["Pommel Strike","Body Slam","Disarm"],"picked":"SKIP","floor":28},{"not_picked":["Barricade","Cleave","Searing Blow"],"picked":"SKIP","floor":29},{"not_picked":["Wild Strike","Cleave","Metallicize"],"picked":"SKIP","floor":30},{"not_picked":["Iron Wave+1","Shrug It Off","Second Wind"],"picked":"Singing Bowl","floor":35},{"not_picked":["Headbutt","Demon Form","Disarm+1"],"picked":"Singing Bowl","floor":36},{"not_picked":["Headbutt","Perfected Strike","Seeing Red"],"picked":"Singing Bowl","floor":39},{"not_picked":["Reckless Charge","Body Slam","Impervious"],"picked":"Singing Bowl","floor":41},{"not_picked":["Disarm","Twin Strike+1","Cleave"],"picked":"Singing Bowl","floor":42},{"not_picked":["Body Slam+1","Reckless Charge","Iron Wave"],"picked":"Singing Bowl","floor":44},{"not_picked":["Seeing Red","Heavy Blade","Flex+1"],"picked":"Singing Bowl","floor":45},{"not_picked":["Sword Boomerang+1","Flex","Pommel Strike"],"picked":"Singing Bowl","floor":46},{"not_picked":["Headbutt","Barricade","Battle Trance"],"picked":"Singing Bowl","floor":47}],"player_experience":506549,"relics_obtained":[{"floor":7.0,"key":"Thread and Needle"},{"floor":9.0,"key":"Self Forming Clay"},{"floor":11.0,"key":"Akabeko"},{"floor":23,"key":"Sundial"},{"floor":25,"key":"Letter Opener"},{"floor":26,"key":"White Beast Statue"},{"floor":34,"key":"Lantern"},{"floor":34,"key":"Singing Bowl"},{"floor":34,"key":"StoneCalendar"},{"floor":36,"key":"Ice Cream"},{"floor":39,"key":"Pocketwatch"},{"floor":41,"key":"Regal Pillow"},{"floor":44,"key":"Oddly Smooth Stone"}],"event_choices":[{"damage_healed":0.0,"max_hp_gain":0.0,"max_hp_loss":0.0,"gold_gain":0.0,"event_name":"Match and Keep!","player_choice":"2 cards matched","floor":3.0,"gold_loss":0.0,"damage_taken":0.0,"cards_obtained":["Reaper","Seeing Red"]},{"cards_removed":["Bash"],"damage_healed":0,"gold_gain":0,"player_choice":"Elegance","damage_taken":0,"max_hp_gain":0,"max_hp_loss":0,"event_name":"Back to Basics","floor":27,"gold_loss":0},{"damage_healed":0,"gold_gain":0,"player_choice":"Fight","damage_taken":0,"max_hp_gain":0,"max_hp_loss":0,"event_name":"MindBloom","floor":36,"gold_loss":0},{"damage_healed":0,"gold_gain":0,"player_choice":"Max HP","damage_taken":0,"max_hp_gain":0,"max_hp_loss":14,"event_name":"Winding Halls","floor":37,"gold_loss":0},{"damage_healed":0,"gold_gain":0,"player_choice":"Fight","damage_taken":0,"max_hp_gain":0,"max_hp_loss":0,"event_name":"Mysterious Sphere","floor":39,"gold_loss":0}],"is_beta":false,"boss_relics":[{"not_picked":["Runic Dome","SlaversCollar"],"picked":"Mark of Pain"},{"not_picked":["Philosopher\u0027s Stone","Cursed Key"],"picked":"Calling Bell"}],"items_purged_floors":[31,38],"is_endless":false,"potions_floor_spawned":[5,7,14,18,19,20,28,29,30,33,35,36,39,41,42,44,45,46,47],"killed_by":"Awakened One","ascension_level":20}}