{"host":"eeb412nj2w7f9cz8","time":1611724524,"event":{"mods":["Act Like it!","BaseMod","GungeonMod","Minty Spire (QoL Compilation)","Ryuuou¡˙Õı","StSLib"],"gold_per_floor":[114,124,139,139,166,207,207,217,287,287,287,316,330,347,347,347,347],"floor_reached":16,"language":"ZHS","playtime":1486,"items_purged":[],"score":106,"play_id":"d3d869eb-678a-4d18-b9ae-eaca38328042","local_time":"20210127131524","is_ascension_mode":false,"campfire_choices":[{"data":"DemoMod:FortunesFavor","floor":7,"key":"SMITH"},{"data":"DemoMod:BlankBullets","floor":11,"key":"SMITH"},{"data":"DemoMod:HungryBullets","floor":15,"key":"SMITH"}],"circlet_count":0,"master_deck":["DemoMod:Strike_Huntress","DemoMod:Strike_Huntress","DemoMod:Strike_Huntress","DemoMod:Defend_Huntress","DemoMod:Defend_Huntress","DemoMod:Defend_Huntress","DemoMod:Defend_Huntress","DemoMod:Roll","DemoMod:ManualReload","DemoMod:RustySidearm","DemoMod:CrossBow","DemoMod:FortunesFavor+1","DemoMod:MachoBrace","DemoMod:HungryBullets+1","DemoMod:LifeOrb","DemoMod:BlankBullets+1","DemoMod:ShadowBullets"],"relics":["DemoMod:Dog","DemoMod:Antibody","CeramicFish","Tiny Chest","Meat on the Bone"],"acts_visited":["Exordium"],"potions_floor_usage":[5,12,13],"damage_taken":[{"damage":0,"enemies":"2 Louse","floor":1,"turns":3},{"damage":0,"enemies":"Cultist","floor":2,"turns":4},{"damage":0,"enemies":"Small Slimes","floor":3,"turns":6},{"damage":9,"enemies":"Gremlin Gang","floor":5,"turns":10},{"damage":29,"enemies":"Lagavulin","floor":6,"turns":9},{"damage":11,"enemies":"Blue Slaver","floor":8,"turns":4},{"damage":0,"enemies":"Looter","floor":12,"turns":2},{"damage":11,"enemies":"Gremlin Gang","floor":13,"turns":6},{"damage":0,"enemies":"2 Fungi Beasts","floor":14,"turns":2},{"damage":38,"enemies":"The Guardian","floor":16,"turns":8}],"seed_played":"-4585799508550637137","potions_obtained":[{"floor":1,"key":"SkillPotion"},{"floor":2,"key":"DistilledChaos"},{"floor":6,"key":"DistilledChaos"},{"floor":8,"key":"SkillPotion"}],"is_trial":false,"path_per_floor":["M","M","M","?","M","E","R","M","T","?","R","M","M","M","R","B"],"character_chosen":"HUNTRESS","items_purchased":[],"campfire_rested":0,"item_purchase_floors":[],"current_hp_per_floor":[77,77,77,77,68,39,39,28,28,28,28,52,41,41,41,3,3],"gold":347,"neow_bonus":"TEN_PERCENT_HP_BONUS","is_daily":false,"chose_seed":false,"campfire_upgraded":3,"win_rate":0.0,"timestamp":1611724524,"path_taken":["M","M","M","?","?","E","R","M","T","?","R","?","M","M","R","BOSS"],"items_purchased_type":[],"build_version":"2020-12-22","purchased_purges":0,"victory":false,"max_hp_per_floor":[77,77,77,77,77,77,77,77,77,77,77,77,77,77,77,77,77],"card_choices":[{"not_picked":["DemoMod:FastSwitch","DemoMod:CursedBullets"],"picked":"DemoMod:FortunesFavor","floor":1},{"not_picked":["DemoMod:JK47","DemoMod:FastSwitch"],"picked":"DemoMod:MachoBrace","floor":1},{"not_picked":["DemoMod:CursedBullets","DemoMod:FortunesFavor","DemoMod:ZorGun"],"picked":"SKIP","floor":2},{"not_picked":["DemoMod:PracticeMakesPerfect","DemoMod:MachoBrace"],"picked":"DemoMod:HungryBullets","floor":3},{"not_picked":["DemoMod:CombinedRifle","DemoMod:FastSwitch"],"picked":"DemoMod:LifeOrb","floor":5},{"not_picked":["DemoMod:Unmoved","DemoMod:SAA"],"picked":"DemoMod:BlankBullets","floor":6},{"not_picked":["DemoMod:ZorGun","DemoMod:PracticeMakesPerfect","DemoMod:HighKaliber"],"picked":"SKIP","floor":8},{"not_picked":["DemoMod:ChanceBullets","DemoMod:ZorGun"],"picked":"DemoMod:ShadowBullets","floor":12},{"not_picked":["DemoMod:Polaris","DemoMod:Unmoved","DemoMod:ZorGun"],"picked":"SKIP","floor":13},{"not_picked":["DemoMod:SAA","DemoMod:JK47","DemoMod:ShadowBullets"],"picked":"SKIP","floor":14}],"player_experience":85887,"relics_obtained":[{"floor":3,"key":"DemoMod:Antibody"},{"floor":6,"key":"Tiny Chest"},{"floor":9,"key":"Meat on the Bone"}],"event_choices":[{"damage_healed":0,"gold_gain":0,"player_choice":"Gave Potion","damage_taken":0,"relics_obtained":["CeramicFish"],"max_hp_gain":0,"max_hp_loss":0,"event_name":"WeMeetAgain","floor":4,"gold_loss":0},{"damage_healed":0,"gold_gain":0,"player_choice":"Ignored","damage_taken":0,"max_hp_gain":0,"max_hp_loss":0,"event_name":"NoteForYourself","floor":10,"gold_loss":0}],"is_beta":false,"boss_relics":[],"items_purged_floors":[],"is_endless":false,"potions_floor_spawned":[1,2,6,8],"killed_by":"The Guardian","ascension_level":0}}