{"host":"52m1o8iwwagurbjs","time":1611783036,"event":{"mods":["AchievementEnabler","BaseMod","Bestiary","Colored Powertips","GifTheSpireLib","Minty Spire (QoL Compilation)","Quick Restart","RNG Fix","Relic Stats","StSLib"],"gold_per_floor":[116,133,208,208,41,41,75,75,102,137,162,162,162,206,206,335,335,353,47,66,90,104,104,128,128,128],"floor_reached":25,"language":"ENG","playtime":1044,"items_purged":["Strike_R"],"score":285,"play_id":"f068f250-e972-4562-9332-df25c7ce31d6","local_time":"20210127163036","is_ascension_mode":true,"campfire_choices":[{"data":"Bludgeon","floor":6.0,"key":"SMITH"},{"data":"True Grit","floor":8.0,"key":"SMITH"},{"data":"Battle Trance","floor":12.0,"key":"SMITH"},{"data":"Bash","floor":15.0,"key":"SMITH"},{"data":"Double Tap","floor":23,"key":"SMITH"}],"circlet_count":0,"master_deck":["Strike_R","Defend_R","Defend_R","Defend_R","Defend_R","Bash+1","Shrug It Off","Carnage","Bludgeon+1","Cleave","True Grit+1","Battle Trance+1","Ghostly Armor","Dropkick","Double Tap+1","Anger+1","Perfected Strike+1","Impervious+1","Feel No Pain","Entrench+1","Metallicize","Flame Barrier","Flame Barrier","Thunderclap","Feel No Pain+1","Battle Trance"],"relics":["Burning Blood","NeowsBlessing","Golden Idol","Happy Flower","Potion Belt","Bottled Flame","Nunchaku","Meat on the Bone","Astrolabe","Orrery"],"acts_visited":[],"potions_floor_usage":[21,21,24],"damage_taken":[{"damage":0.0,"enemies":"Cultist","floor":1.0,"turns":1.0},{"damage":0.0,"enemies":"Jaw Worm","floor":2.0,"turns":1.0},{"damage":0.0,"enemies":"Gremlin Nob","floor":7.0,"turns":1.0},{"damage":18.0,"enemies":"Lagavulin","floor":10.0,"turns":5.0},{"damage":0.0,"enemies":"2 Louse","floor":11.0,"turns":2.0},{"damage":0.0,"enemies":"Gremlin Nob","floor":14.0,"turns":2.0},{"damage":2.0,"enemies":"Slime Boss","floor":16.0,"turns":8.0},{"damage":0,"enemies":"Spheric Guardian","floor":18,"turns":3},{"damage":16,"enemies":"2 Thieves","floor":20,"turns":4},{"damage":25,"enemies":"Chosen and Byrds","floor":21,"turns":6},{"damage":14,"enemies":"Snecko","floor":22,"turns":4},{"damage":2,"enemies":"3 Cultists","floor":24,"turns":5},{"damage":68,"enemies":"Gremlin Leader","floor":25,"turns":9}],"seed_played":"4288410136685742177","potions_obtained":[{"floor":2.0,"key":"Fruit Juice"},{"floor":10.0,"key":"Regen Potion"},{"floor":11.0,"key":"LiquidMemories"},{"floor":18,"key":"GamblersBrew"},{"floor":20,"key":"BloodPotion"},{"floor":21,"key":"SteroidPotion"}],"is_trial":false,"path_per_floor":["M","M","?","?","$","R","E","R","T","E","M","R","?","E","R","B",null,"M","$","M","M","M","R","M","E"],"character_chosen":"IRONCLAD","items_purchased":["Bludgeon","Cleave","Orrery","Flame Barrier"],"campfire_rested":0,"item_purchase_floors":[5,5,19,19],"current_hp_per_floor":[80,80,74,74,74,74,79,79,79,67,73,73,61,67,67,71,79,79,79,69,65,57,57,61,0,0],"gold":128,"neow_bonus":"THREE_ENEMY_KILL","is_daily":false,"chose_seed":false,"campfire_upgraded":5,"win_rate":0.0,"timestamp":1611783036,"path_taken":["M","?","?","?","?","R","E","R","T","E","M","R","?","E","R","BOSS","M","?","M","M","?","R","M","E"],"items_purchased_type":["Card","Card","Relic","Card"],"build_version":"2020-12-22","purchased_purges":1,"victory":false,"max_hp_per_floor":[80,80,85,79,79,79,79,79,79,79,79,79,79,79,79,79,79,79,79,79,79,79,79,79,79,79],"relic_stats":{"Nunchaku":[5],"Happy Flower":[11],"counters":[6,31],"Golden Idol":21,"Astrolabe":[],"obtain_stats":[{"Potion Belt":0,"Bottled Flame":0,"Nunchaku":0,"NeowsBlessing":0,"Happy Flower":0,"Golden Idol":0,"Astrolabe":0,"Orrery":19,"Burning Blood":0,"Meat on the Bone":0},{"Potion Belt":0,"Bottled Flame":0,"Nunchaku":0,"NeowsBlessing":0,"Happy Flower":0,"Golden Idol":0,"Astrolabe":0,"Orrery":1,"Burning Blood":0,"Meat on the Bone":0},{"Potion Belt":0,"Bottled Flame":0,"Nunchaku":0,"NeowsBlessing":0,"Happy Flower":0,"Golden Idol":0,"Astrolabe":0,"Orrery":3,"Burning Blood":0,"Meat on the Bone":0}],"Burning Blood":24,"Meat on the Bone":0},"card_choices":[{"not_picked":["Clash","Ghostly Armor"],"picked":"Shrug It Off","floor":1.0},{"not_picked":["Havoc","Twin Strike"],"picked":"Carnage","floor":2.0},{"not_picked":["Disarm","Pommel Strike"],"picked":"True Grit","floor":7.0},{"not_picked":["Wild Strike","Body Slam"],"picked":"Battle Trance","floor":10.0},{"not_picked":["Cleave","Anger"],"picked":"Ghostly Armor","floor":11.0},{"not_picked":["Pummel","Berserk"],"picked":"Dropkick","floor":14.0},{"not_picked":["Demon Form","Brutality"],"picked":"Double Tap","floor":16.0},{"not_picked":["Cleave","Sword Boomerang","Ghostly Armor+1"],"picked":"SKIP","floor":18},{"not_picked":["Perfected Strike","Flex"],"picked":"Feel No Pain","floor":19},{"not_picked":["Body Slam","Sever Soul"],"picked":"Entrench+1","floor":19},{"not_picked":["Hemokinesis","Pummel"],"picked":"Metallicize","floor":19},{"not_picked":["Intimidate","Shockwave"],"picked":"Flame Barrier","floor":19},{"not_picked":["Anger","Heavy Blade+1"],"picked":"Thunderclap","floor":20},{"not_picked":["Flame Barrier+1","Berserk"],"picked":"Feel No Pain+1","floor":21},{"not_picked":["Armaments","Perfected Strike","Iron Wave+1"],"picked":"SKIP","floor":22},{"not_picked":["Heavy Blade","Clash"],"picked":"Battle Trance","floor":24}],"player_experience":1223339,"relics_obtained":[{"floor":7.0,"key":"Happy Flower"},{"floor":9.0,"key":"Potion Belt"},{"floor":10.0,"key":"Bottled Flame"},{"floor":14.0,"key":"Meat on the Bone"}],"event_choices":[{"damage_healed":0.0,"max_hp_gain":0.0,"max_hp_loss":0.0,"gold_gain":75.0,"event_name":"World of Goop","player_choice":"Gather Gold","floor":3.0,"gold_loss":0.0,"damage_taken":11.0},{"damage_healed":0.0,"max_hp_gain":0.0,"max_hp_loss":6.0,"gold_gain":0.0,"event_name":"Golden Idol","player_choice":"Lose Max HP","floor":4.0,"gold_loss":0.0,"damage_taken":0.0,"relics_obtained":["Golden Idol"]},{"damage_healed":0.0,"max_hp_gain":0.0,"max_hp_loss":0.0,"gold_gain":0.0,"event_name":"Scrap Ooze","player_choice":"Success","floor":13.0,"gold_loss":0.0,"damage_taken":12.0,"relics_obtained":["Nunchaku"]}],"is_beta":false,"boss_relics":[{"not_picked":["Cursed Key","Busted Crown"],"picked":"Astrolabe"}],"items_purged_floors":[19],"is_endless":false,"potions_floor_spawned":[2,10,11,18,20,21],"killed_by":"Gremlin Leader","ascension_level":1}}