{"host":"5s7sm4h73jkd9266","time":1611628983,"event":{"mods":["AchievementEnabler","Bartender","BaseMod","Better Vampires","BetterRewards","Colored Map","Colored Powertips","Conspire","Downfall","Energized Spire","Hermit","Hubris","Magitek Elite","Minty Spire (QoL Compilation)","Potion Indicator Mod","Rare Cards Sparkle","Shop Mod","StSLib","The Blue Laboratory","The Necromancer","The Witch","Virulent Crown","everything is the same but u backflip on backflip","slay the spire mod where everything is the same but ironclad has a cowboy hat"],"gold_per_floor":[118,134,134,134,145,145,177,177,177,197,208,290,300,311,311,413,413,428,446,416,426,426,446,463,476,552,552,552,552,570,201,201,304,304,323,337,337,337,347,347,382,396,396,346,346,356,403,11,11,44,44,44,5,33,33,33],"floor_reached":55,"language":"ENG","playtime":4987,"items_purged":[],"score":705,"play_id":"0e0f4e47-6a9d-4477-8522-23ab0dbb1913","local_time":"20210125214303","is_ascension_mode":false,"campfire_choices":[{"floor":6.0,"key":"REST"},{"floor":8.0,"key":"RECALL"},{"floor":15.0,"key":"REST"},{"floor":27.0,"key":"REST"},{"floor":29.0,"key":"REST"},{"data":"Zap","floor":32.0,"key":"SMITH"},{"data":"Echo Form","floor":40.0,"key":"SMITH"},{"data":"Defragment","floor":45.0,"key":"SMITH"},{"floor":49,"key":"REST"},{"data":"Static Discharge","floor":52,"key":"SMITH"}],"circlet_count":1,"master_deck":["Strike_B+1","Strike_B","Strike_B","Defend_B","Defend_B","Defend_B","Zap+1","Dualcast","Defragment","Defragment+1","Conserve Battery","Stack+1","Loop","Static Discharge+1","hubris:Prefetch+1","Gash","Darkness+1","Gash","Cold Snap","Undo+1","Stack+1","Electrodynamics","BootSequence+1","conspire:SharedLibrary+1","Gash","Lockon","Coolheaded+1","Self Repair+1","Doom and Gloom","The Bomb+1","Conserve Battery+1","Echo Form+1","Steam+1","Conserve Battery+1","Madness+1","Madness+1","Bandage Up+1","Leap+1","Tempest+1","Tempest+1","conspire:SpireCoStock+1","Cold Snap+1","Undo+1","Panache","Stack+1","Force Field+1","Buffer"],"relics":["Cracked Core","hubris:Spice","DollysMirror","Toxic Egg 2","Emotion Chip","White Beast Statue","hubris:HollowSoul","Enchiridion","Nloth\u0027s Gift","Circlet","conspire:TopHat","Nunchaku","Strawberry"],"acts_visited":["Exordium","TheCity","TheBeyond","TheEnding"],"potions_floor_usage":[50],"damage_taken":[{"damage":3.0,"enemies":"Small Slimes","floor":1.0,"turns":3.0},{"damage":0.0,"enemies":"2 Louse","floor":2.0,"turns":3.0},{"damage":0.0,"enemies":"Cultist","floor":5.0,"turns":3.0},{"damage":27.0,"enemies":"Gremlin Nob","floor":7.0,"turns":4.0},{"damage":10.0,"enemies":"Exordium Thugs","floor":10.0,"turns":3.0},{"damage":5.0,"enemies":"Blue Slaver","floor":11.0,"turns":3.0},{"damage":21.0,"enemies":"Lots of Slimes","floor":13.0,"turns":2.0},{"damage":0.0,"enemies":"2 Fungi Beasts","floor":14.0,"turns":4.0},{"damage":26.0,"enemies":"The Guardian","floor":16.0,"turns":8.0},{"damage":20.0,"enemies":"3 Byrds","floor":18.0,"turns":3.0},{"damage":2.0,"enemies":"2 Thieves","floor":19.0,"turns":4.0},{"damage":10.0,"enemies":"Snake Plant","floor":21.0,"turns":3.0},{"damage":0.0,"enemies":"Shelled Parasite and Fungi","floor":23.0,"turns":7.0},{"damage":10.0,"enemies":"Snecko","floor":24.0,"turns":5.0},{"damage":0.0,"enemies":"Chosen and Byrds","floor":25.0,"turns":4.0},{"damage":14.0,"enemies":"Snake Plant","floor":30.0,"turns":4.0},{"damage":33.0,"enemies":"hubris:MusketHawk","floor":33.0,"turns":6.0},{"damage":2.0,"enemies":"3 Shapes","floor":35.0,"turns":2.0},{"damage":13.0,"enemies":"3 Darklings","floor":36.0,"turns":4.0},{"damage":5.0,"enemies":"Sphere and 2 Shapes","floor":39.0,"turns":3.0},{"damage":31.0,"enemies":"Giant Head","floor":41.0,"turns":12.0},{"damage":22.0,"enemies":"4 Shapes","floor":42.0,"turns":3.0},{"damage":16.0,"enemies":"Transient","floor":46.0,"turns":5.0},{"damage":16.0,"enemies":"Jaw Worm Horde","floor":47.0,"turns":3.0},{"damage":69,"enemies":"Awakened One","floor":50,"turns":10},{"damage":35,"enemies":"Shield and Spear","floor":54,"turns":5},{"damage":38,"enemies":"The Heart","floor":55,"turns":2}],"seed_played":"-4718487160080971255","potions_obtained":[{"floor":2.0,"key":"PotionOfCapacity"},{"floor":10.0,"key":"blueLaboratory:BiasPotion"},{"floor":13.0,"key":"ColorlessPotion"},{"floor":14.0,"key":"BlessingOfTheForge"},{"floor":16.0,"key":"blueLaboratory:BottleOfVodka"},{"floor":18.0,"key":"Fire Potion"},{"floor":19.0,"key":"blueLaboratory:EnragingPotion"},{"floor":20.0,"key":"ColorlessPotion"},{"floor":20.0,"key":"Fire Potion"},{"floor":21.0,"key":"blueLaboratory:FruitPunch"},{"floor":23.0,"key":"FearPotion"},{"floor":24.0,"key":"FearPotion"},{"floor":25.0,"key":"SkillPotion"},{"floor":30.0,"key":"blueLaboratory:Moonshine"},{"floor":33.0,"key":"Swift Potion"},{"floor":35.0,"key":"Fire Potion"},{"floor":41.0,"key":"blueLaboratory:BubblePotion"},{"floor":42.0,"key":"blueLaboratory:BubblePotion"},{"floor":46.0,"key":"blueLaboratory:ConsumingVoid"},{"floor":47.0,"key":"BlessingOfTheForge"},{"floor":54,"key":"blueLaboratory:FruitPreserves"}],"is_trial":false,"path_per_floor":["M","M","?","?","M","R","E","R","T","M","M","T","M","M","R","B",null,"M","M","?","M","?","M","M","M","T","R","?","R","M","$","R","B",null,"M","M","?","?","M","R","E","M","T","?","R","M","M","$","R","B",null,"R","$","E","B"],"character_chosen":"DEFECT","items_purchased":["hubris:Spice","Defragment","DollysMirror","Conserve Battery","Toxic Egg 2","vexMod:PaidLearning","The Bomb+1","Conserve Battery+1","Panache","Nunchaku","Stack+1","Force Field+1"],"campfire_rested":5,"item_purchase_floors":[0,0,0,0,0,31,31,31,48,48,48,53],"current_hp_per_floor":[45,45,45,45,45,69,42,42,42,32,27,27,6,6,30,4,83,63,61,61,51,35,37,27,27,27,52,52,77,70,70,70,37,93,93,90,78,78,83,83,68,72,72,72,72,72,56,56,81,18,85,85,85,57,0,0],"gold":33,"neow_bonus":"","is_daily":false,"chose_seed":false,"campfire_upgraded":4,"win_rate":0.0,"timestamp":1611628983,"path_taken":["M","M","?","?","M","R","E","R","T","?","M","?","M","M","R","BOSS","M","M","?","?","?","M","M","M","T","R","?","R","?","$","R","BOSS","M","M","?","?","M","R","E","M","T","?","R","M","M","$","R","BOSS","R","$","E","BOSS"],"items_purchased_type":["Relic","Card","Relic","Card","Relic","Undefined","Card","Card","Card","Relic","Card","Card"],"build_version":"2020-12-22","purchased_purges":0,"victory":false,"max_hp_per_floor":[83,83,83,83,83,83,83,83,83,83,83,83,83,83,83,83,83,83,83,83,83,83,85,85,85,85,85,85,85,85,85,85,85,93,93,93,93,93,93,93,93,93,85,85,85,85,85,85,85,85,85,85,85,92,92,92],"card_choices":[{"not_picked":["Go for the Eyes","Rebound"],"picked":"Stack+1","floor":1.0},{"not_picked":["Go for the Eyes","Reinforced Body+1"],"picked":"Loop","floor":2.0},{"not_picked":["Coolheaded+1","Leap+1"],"picked":"Gash","floor":5.0},{"not_picked":["Redo+1","Thunder Strike"],"picked":"Darkness+1","floor":7.0},{"not_picked":["Steam+1","Compile Driver"],"picked":"Gash","floor":10.0},{"not_picked":["Beam Cell","Rebound"],"picked":"Cold Snap","floor":11.0},{"not_picked":["Ball Lightning","Genetic Algorithm+1"],"picked":"Undo+1","floor":13.0},{"not_picked":["Hello World","Static Discharge"],"picked":"Stack+1","floor":14.0},{"not_picked":["Rainbow+1","Multi-Cast+1"],"picked":"Electrodynamics","floor":16.0},{"not_picked":["Cold Snap+1","Skim+1"],"picked":"BootSequence+1","floor":18.0},{"not_picked":["Rebound+1","Stack+1"],"picked":"conspire:SharedLibrary+1","floor":19.0},{"not_picked":["Go for the Eyes","conspire:Rain+1"],"picked":"Gash","floor":21.0},{"not_picked":["Reprogram+1","Hello World"],"picked":"Lockon","floor":23.0},{"not_picked":["Cold Snap+1","Turbo+1"],"picked":"Coolheaded+1","floor":24.0},{"not_picked":["Beam Cell","Reboot+1"],"picked":"Self Repair","floor":25.0},{"not_picked":["Heatsinks","Recycle+1"],"picked":"Doom and Gloom","floor":30.0},{"not_picked":["hubris:SpecializedCircuitry","hubris:DoWhile+1"],"picked":"Echo Form","floor":33.0},{"not_picked":["Stack+1","Sweeping Beam+1"],"picked":"Steam+1","floor":35.0},{"not_picked":["Machine Learning","Streamline+1"],"picked":"Conserve Battery+1","floor":36.0},{"not_picked":["Flash of Steel","Purity+1"],"picked":"Bandage Up+1","floor":38.0},{"not_picked":["Gash","Sweeping Beam"],"picked":"Leap+1","floor":39.0},{"not_picked":["Redo+1","Storm"],"picked":"Tempest+1","floor":41.0},{"not_picked":["Fission+1","Genetic Algorithm+1"],"picked":"Tempest+1","floor":42.0},{"not_picked":["FTL","Recycle+1"],"picked":"Cold Snap+1","floor":46.0},{"not_picked":["hubris:SpiceAddiction","Redo+1"],"picked":"Undo+1","floor":47.0},{"not_picked":["Stack+1","Core Surge"],"picked":"Buffer","floor":54}],"player_experience":5496336,"relics_obtained":[{"floor":7.0,"key":"Emotion Chip"},{"floor":12.0,"key":"White Beast Statue"},{"floor":22.0,"key":"Enchiridion"},{"floor":26.0,"key":"hubris:DisguiseKit"},{"floor":41.0,"key":"conspire:TopHat"},{"floor":43.0,"key":"hubris:Spice"},{"floor":54,"key":"Strawberry"}],"event_choices":[{"damage_healed":0.0,"max_hp_gain":0.0,"max_hp_loss":0.0,"gold_gain":0.0,"cards_transformed":["Defend_B"],"event_name":"Living Wall","player_choice":"Change","floor":3.0,"gold_loss":0.0,"damage_taken":0.0,"cards_obtained":["Static Discharge"]},{"damage_healed":0.0,"max_hp_gain":0.0,"max_hp_loss":0.0,"gold_gain":0.0,"cards_transformed":["Strike_B"],"event_name":"Transmorgrifier","player_choice":"Transformed","floor":4.0,"gold_loss":0.0,"damage_taken":0.0,"cards_obtained":["hubris:Prefetch"]},{"damage_healed":0.0,"max_hp_gain":0.0,"max_hp_loss":0.0,"gold_gain":0.0,"event_name":"The Woman in Blue","player_choice":"Bought 2 Potions","floor":20.0,"gold_loss":0.0,"damage_taken":0.0},{"damage_healed":0.0,"max_hp_gain":0.0,"max_hp_loss":0.0,"gold_gain":0.0,"event_name":"Cursed Tome","player_choice":"Obtained Book","floor":22.0,"gold_loss":0.0,"damage_taken":16.0},{"damage_healed":0.0,"max_hp_gain":0.0,"max_hp_loss":0.0,"gold_gain":0.0,"event_name":"N\u0027loth","player_choice":"Traded Relic","floor":28.0,"relics_lost":["hubris:DisguiseKit"],"gold_loss":0.0,"damage_taken":0.0,"relics_obtained":["Nloth\u0027s Gift"]},{"damage_healed":0.0,"max_hp_gain":0.0,"max_hp_loss":0.0,"gold_gain":0.0,"event_name":"Winding Halls","player_choice":"Embrace Madness","floor":37.0,"gold_loss":0.0,"damage_taken":12.0,"cards_obtained":["Madness","Madness"]},{"damage_healed":0.0,"max_hp_gain":0.0,"max_hp_loss":0.0,"gold_gain":0.0,"event_name":"SensoryStone","player_choice":"Memory 1","floor":38.0,"gold_loss":0.0,"damage_taken":0.0},{"damage_healed":0.0,"max_hp_gain":0.0,"max_hp_loss":0.0,"gold_gain":0.0,"event_name":"conspire:Investor","player_choice":"Invest 1","floor":44.0,"gold_loss":0.0,"damage_taken":0.0}],"is_beta":false,"boss_relics":[{"not_picked":["conspire:RunicOctahedron","Snecko Eye"],"picked":"hubris:HollowSoul"},{"not_picked":["energizedSpire:OgreHead","vexMod:DeviousBotling"],"picked":"hubris:Spice"}],"items_purged_floors":[],"is_endless":false,"potions_floor_spawned":[2,10,13,14,16,18,19,21,23,24,25,30,33,35,36,39,41,42,46,47,54],"killed_by":"The Heart","ascension_level":0}}