{"host":"6a9c3xws62y7efyw","time":1611727589,"event":{"mods":["BaseMod","Colored Map","Minty Spire (QoL Compilation)","Relic Stats","StSLib"],"gold_per_floor":[118,137,152,165,179,179,199,8,81,81,101,129,129,141,141,218,218,232,248,119,131,143,143,178,178,203,128,139,139,167,167,167,167,167],"floor_reached":33,"language":"ENG","playtime":1916,"items_purged":["Strike_B","Strike_B"],"score":692,"play_id":"23e8f22e-3e4b-45f9-8362-5e14317f9c28","local_time":"20210126220629","is_ascension_mode":true,"campfire_choices":[{"data":"Zap","floor":6.0,"key":"SMITH"},{"floor":10.0,"key":"REST"},{"data":"Static Discharge","floor":15.0,"key":"SMITH"},{"data":"Biased Cognition","floor":23.0,"key":"SMITH"},{"data":"Self Repair","floor":25.0,"key":"SMITH"},{"data":"Go for the Eyes","floor":29.0,"key":"SMITH"},{"data":"Loop","floor":32,"key":"SMITH"}],"circlet_count":0,"master_deck":["AscendersBane","Defend_B","Defend_B","Defend_B","Zap+1","Dualcast","Gash","Glacier","Ball Lightning","All For One","Conserve Battery","Self Repair+1","FTL","Chill","Leap","Leap","Static Discharge+1","Go for the Eyes+1","Biased Cognition+1","Double Energy+1","Loop+1","Cold Snap","Gash","Creative AI","Chill","Coolheaded"],"relics":["Cracked Core","Kunai","Anchor","Coffee Dripper","Du-Vu Doll","Juzu Bracelet","Red Mask"],"acts_visited":["Exordium","TheCity"],"potions_floor_usage":[],"damage_taken":[{"damage":5.0,"enemies":"Small Slimes","floor":1.0,"turns":3.0},{"damage":1.0,"enemies":"Cultist","floor":2.0,"turns":3.0},{"damage":2.0,"enemies":"Jaw Worm","floor":3.0,"turns":3.0},{"damage":7.0,"enemies":"2 Fungi Beasts","floor":4.0,"turns":4.0},{"damage":9.0,"enemies":"Large Slime","floor":5.0,"turns":5.0},{"damage":2.0,"enemies":"Blue Slaver","floor":7.0,"turns":3.0},{"damage":11.0,"enemies":"Looter","floor":11.0,"turns":2.0},{"damage":0.0,"enemies":"Gremlin Nob","floor":12.0,"turns":3.0},{"damage":1.0,"enemies":"Gremlin Gang","floor":14.0,"turns":6.0},{"damage":0.0,"enemies":"The Guardian","floor":16.0,"turns":11.0},{"damage":6.0,"enemies":"Spheric Guardian","floor":18.0,"turns":4.0},{"damage":32.0,"enemies":"Chosen","floor":19.0,"turns":5.0},{"damage":0.0,"enemies":"Snake Plant","floor":21.0,"turns":7.0},{"damage":8.0,"enemies":"Cultist and Chosen","floor":22.0,"turns":5.0},{"damage":32.0,"enemies":"Gremlin Leader","floor":24.0,"turns":7.0},{"damage":7.0,"enemies":"Centurion and Healer","floor":28.0,"turns":8.0},{"damage":7.0,"enemies":"Masked Bandits","floor":30.0,"turns":5.0},{"damage":26,"enemies":"Collector","floor":33,"turns":5}],"seed_played":"5807394116249518576","potions_obtained":[{"floor":4.0,"key":"Weak Potion"},{"floor":7.0,"key":"LiquidMemories"},{"floor":11.0,"key":"FocusPotion"},{"floor":12.0,"key":"Energy Potion"},{"floor":19.0,"key":"Strength Potion"}],"is_trial":false,"path_per_floor":["M","M","M","M","M","R","M","$","T","R","M","E","?","M","R","B",null,"M","M","$","M","M","R","E","R","T","?","M","R","?","?","R","B"],"character_chosen":"DEFECT","items_purchased":["Self Repair","FTL","Cold Snap"],"campfire_rested":1,"item_purchase_floors":[8,8,20],"current_hp_per_floor":[59,58,56,49,40,40,38,38,38,57,46,53,53,59,59,64,64,64,39,39,46,45,45,20,20,20,20,23,23,26,26,26,0,0],"gold":167,"neow_bonus":"REMOVE_TWO","is_daily":false,"chose_seed":false,"campfire_upgraded":6,"win_rate":0.0,"timestamp":1611727589,"path_taken":["M","M","M","M","M","R","M","$","T","R","M","E","?","M","R","BOSS","M","M","$","M","?","R","E","R","T","?","M","R","?","?","R","BOSS"],"items_purchased_type":["Card","Card","Card"],"build_version":"2020-12-22","purchased_purges":2,"victory":false,"max_hp_per_floor":[64,64,64,64,64,64,64,64,64,64,64,64,64,64,64,64,64,64,64,64,64,64,64,64,64,64,64,64,64,64,64,64,64,64],"relic_stats":{"counters":[18,89],"Juzu Bracelet":0,"Kunai":[29],"obtain_stats":[{"Du-Vu Doll":24,"Anchor":12,"Coffee Dripper":17,"Juzu Bracelet":26,"Red Mask":30,"Kunai":9,"Cracked Core":0},{"Du-Vu Doll":15,"Anchor":8,"Coffee Dripper":10,"Juzu Bracelet":15,"Red Mask":17,"Kunai":6,"Cracked Core":0},{"Du-Vu Doll":71,"Anchor":26,"Coffee Dripper":43,"Juzu Bracelet":71,"Red Mask":84,"Kunai":21,"Cracked Core":0}]},"card_choices":[{"not_picked":["Rebound","Undo"],"picked":"Gash","floor":1.0},{"not_picked":["Beam Cell","Compile Driver"],"picked":"Glacier","floor":2.0},{"not_picked":["Storm","Stack","Chaos"],"picked":"SKIP","floor":3.0},{"not_picked":["Coolheaded","Recycle"],"picked":"Ball Lightning","floor":4.0},{"not_picked":["Rebound","Turbo"],"picked":"All For One","floor":5.0},{"not_picked":["Barrage","Redo"],"picked":"Conserve Battery","floor":7.0},{"not_picked":["Loop","Hologram"],"picked":"Chill","floor":11.0},{"not_picked":["Stack","Rebound"],"picked":"Leap","floor":12.0},{"not_picked":["Ball Lightning","Amplify"],"picked":"Go for the Eyes","floor":14.0},{"not_picked":["Creative AI","Thunder Strike"],"picked":"Biased Cognition","floor":16.0},{"not_picked":["Conserve Battery","Darkness"],"picked":"Double Energy+1","floor":18.0},{"not_picked":["Heatsinks","Turbo"],"picked":"Loop","floor":19.0},{"not_picked":["Auto Shields","Barrage"],"picked":"Gash","floor":21.0},{"not_picked":["Rebound","Conserve Battery","Fusion"],"picked":"SKIP","floor":22.0},{"not_picked":["Scrape","Streamline+1"],"picked":"Creative AI","floor":24.0},{"not_picked":["Barrage","Chaos"],"picked":"Chill","floor":28.0},{"not_picked":["Cold Snap","Sweeping Beam+1"],"picked":"Coolheaded","floor":30.0}],"player_experience":1418287,"relics_obtained":[{"floor":9.0,"key":"Kunai"},{"floor":12.0,"key":"Anchor"},{"floor":24.0,"key":"Du-Vu Doll"},{"floor":26.0,"key":"Juzu Bracelet"},{"floor":30.0,"key":"Red Mask"}],"event_choices":[{"damage_healed":0.0,"max_hp_gain":0.0,"max_hp_loss":0.0,"gold_gain":0.0,"event_name":"Match and Keep!","player_choice":"2 cards matched","floor":13.0,"gold_loss":0.0,"damage_taken":0.0,"cards_obtained":["Leap","Static Discharge"]},{"cards_removed":["Strike_B"],"damage_healed":0.0,"max_hp_gain":0.0,"max_hp_loss":0.0,"gold_gain":0.0,"event_name":"Beggar","player_choice":"Gave Gold","floor":27.0,"gold_loss":75.0,"damage_taken":0.0},{"damage_healed":0.0,"max_hp_gain":0.0,"max_hp_loss":0.0,"gold_gain":0.0,"event_name":"Masked Bandits","player_choice":"Fought Bandits","floor":30.0,"gold_loss":0.0,"damage_taken":0.0},{"damage_healed":0.0,"max_hp_gain":0.0,"max_hp_loss":0.0,"gold_gain":0.0,"event_name":"Vampires","player_choice":"Ignored","floor":31.0,"gold_loss":0.0,"damage_taken":0.0}],"is_beta":false,"boss_relics":[{"not_picked":["Tiny House","Black Star"],"picked":"Coffee Dripper"}],"items_purged_floors":[8,20],"is_endless":false,"potions_floor_spawned":[4,7,11,12,14,19,24,28],"killed_by":"Collector","ascension_level":20}}