{"host":"kydqlojjt9mno5rv","time":1611730358,"event":{"mods":["AchievementEnabler","BaseMod","Colored Powertips","DeckTracker","Minty Spire (QoL Compilation)","Spicy Shops","Spire Arcade","StSLib","SuperFastMode","Synergy Search","Weighted Paths"],"gold_per_floor":[111,122,140,156,171,171,25,25,25,52,227,241,241,241,241,241,241],"floor_reached":16,"language":"ENG","playtime":523,"items_purged":[],"score":102,"play_id":"86114a07-0798-42b5-829f-53affd108dcf","local_time":"20210127015238","is_ascension_mode":false,"campfire_choices":[{"floor":6,"key":"REST"},{"floor":13,"key":"REST"},{"floor":15,"key":"REST"}],"circlet_count":0,"master_deck":["Strike_R","Strike_R","Strike_R","Strike_R","Strike_R","Defend_R+1","Defend_R","Defend_R+1","Defend_R","Bash","Offering","Headbutt","Barricade","Body Slam","True Grit","Iron Wave","Headbutt","Battle Trance"],"relics":["Burning Blood","Orichalcum","Omamori","PreservedInsect","Pantograph"],"acts_visited":["Exordium"],"potions_floor_usage":[],"damage_taken":[{"damage":1,"enemies":"Jaw Worm","floor":1,"turns":4},{"damage":0,"enemies":"2 Louse","floor":2,"turns":3},{"damage":8,"enemies":"Small Slimes","floor":3,"turns":4},{"damage":22,"enemies":"Exordium Wildlife","floor":4,"turns":5},{"damage":41,"enemies":"Gremlin Gang","floor":5,"turns":6},{"damage":10,"enemies":"3 Sentries","floor":10,"turns":9},{"damage":7,"enemies":"Exordium Thugs","floor":12,"turns":4},{"damage":82,"enemies":"Hexaghost","floor":16,"turns":11}],"seed_played":"2555967429221080017","potions_obtained":[{"floor":10,"key":"FearPotion"},{"floor":12,"key":"BlessingOfTheForge"}],"is_trial":false,"path_per_floor":["M","M","M","M","M","R","$","?","T","E","?","M","R","?","R","B"],"character_chosen":"IRONCLAD","items_purchased":["Orichalcum"],"campfire_rested":3,"item_purchase_floors":[7],"current_hp_per_floor":[80,80,78,62,27,51,51,48,48,44,44,43,67,51,75,0,0],"gold":241,"neow_bonus":"ONE_RANDOM_RARE_CARD","is_daily":false,"chose_seed":false,"campfire_upgraded":0,"win_rate":0.0,"timestamp":1611730358,"path_taken":["M","M","M","M","M","R","$","?","T","E","?","M","R","?","R","BOSS"],"items_purchased_type":["Relic"],"build_version":"2020-12-22","purchased_purges":0,"victory":false,"max_hp_per_floor":[80,80,80,80,80,80,80,80,80,80,80,80,80,80,80,80,80],"card_choices":[{"not_picked":["Anger","Heavy Blade"],"picked":"Headbutt","floor":1},{"not_picked":["Heavy Blade","Body Slam"],"picked":"Barricade","floor":2},{"not_picked":["Burning Pact","True Grit"],"picked":"Body Slam","floor":3},{"not_picked":["Uppercut","Reckless Charge"],"picked":"True Grit","floor":4},{"not_picked":["Clothesline","Sword Boomerang"],"picked":"Iron Wave","floor":5},{"not_picked":["Havoc","Rupture"],"picked":"Headbutt","floor":10},{"not_picked":["Dark Embrace","Infernal Blade"],"picked":"Battle Trance","floor":12}],"player_experience":126191,"relics_obtained":[{"floor":9,"key":"PreservedInsect"},{"floor":10,"key":"Pantograph"}],"event_choices":[{"damage_healed":0,"gold_gain":0,"player_choice":"Success","damage_taken":3,"relics_obtained":["Omamori"],"max_hp_gain":0,"max_hp_loss":0,"event_name":"Scrap Ooze","floor":8,"gold_loss":0},{"damage_healed":0,"gold_gain":175,"player_choice":"AGREE","damage_taken":0,"max_hp_gain":0,"max_hp_loss":0,"event_name":"Liars Game","floor":11,"gold_loss":0,"cards_obtained":["Doubt"]},{"damage_healed":0,"gold_gain":0,"player_choice":"Entered Light","damage_taken":16,"max_hp_gain":0,"max_hp_loss":0,"event_name":"Shining Light","floor":14,"gold_loss":0,"cards_upgraded":["Defend_R","Defend_R"]}],"is_beta":false,"boss_relics":[],"items_purged_floors":[],"is_endless":false,"potions_floor_spawned":[10,12],"killed_by":"Hexaghost","ascension_level":0}}