{"host":"p62uqwu04pp7leh9","time":1611721257,"event":{"mods":["BaseMod","Block Reminder","Colored Map","Colored Powertips","Minty Spire (QoL Compilation)","Relic Stats"],"gold_per_floor":[115,127,52,68,81,81,110,33,58,58,58,58,96,119,119,119,119],"floor_reached":16,"language":"ENG","playtime":942,"items_purged":["Strike_B"],"score":110,"play_id":"c2bdf0d6-0981-43a2-83db-c55526c8c573","local_time":"20210126222057","is_ascension_mode":false,"campfire_choices":[{"data":"Chrysalis","floor":6,"key":"SMITH"},{"data":"Sunder","floor":11,"key":"SMITH"},{"data":"Buffer","floor":15,"key":"SMITH"}],"circlet_count":0,"master_deck":["Strike_B","Strike_B","Strike_B","Defend_B","Defend_B","Defend_B","Defend_B","Zap","Dualcast","Chrysalis+1","Melter","Loop","Reboot","Buffer+1","Sunder+1","Lockon"],"relics":["Cracked Core","Orichalcum","Potion Belt","Golden Idol","Bottled Lightning","Omamori"],"acts_visited":["Exordium"],"potions_floor_usage":[13,16],"damage_taken":[{"damage":0,"enemies":"Cultist","floor":1,"turns":3},{"damage":0,"enemies":"Small Slimes","floor":2,"turns":2},{"damage":1,"enemies":"Jaw Worm","floor":4,"turns":3},{"damage":4,"enemies":"Exordium Wildlife","floor":5,"turns":4},{"damage":8,"enemies":"3 Sentries","floor":7,"turns":11},{"damage":8,"enemies":"Gremlin Nob","floor":13,"turns":4},{"damage":12,"enemies":"Looter","floor":14,"turns":4},{"damage":24,"enemies":"Hexaghost","floor":16,"turns":9}],"seed_played":"-367180603798578306","potions_obtained":[{"floor":1,"key":"Dexterity Potion"},{"floor":5,"key":"BlessingOfTheForge"},{"floor":7,"key":"Energy Potion"},{"floor":13,"key":"Swift Potion"}],"is_trial":false,"path_per_floor":["M","M","$","M","M","R","E","$","T","?","R","T","E","M","R","B"],"character_chosen":"DEFECT","items_purchased":["Sunder"],"campfire_rested":0,"item_purchase_floors":[8],"current_hp_per_floor":[54,54,54,53,49,49,41,41,41,41,41,41,33,21,21,0,0],"gold":119,"neow_bonus":"RANDOM_COLORLESS_2","is_daily":false,"chose_seed":false,"campfire_upgraded":3,"win_rate":0.0,"timestamp":1611721257,"path_taken":["M","?","$","M","M","R","E","$","T","?","R","?","E","M","R","BOSS"],"items_purchased_type":["Card"],"build_version":"2020-12-22","purchased_purges":1,"victory":false,"max_hp_per_floor":[75,75,75,75,75,75,75,75,75,69,69,69,69,69,69,69,69],"relic_stats":{"counters":[8,39],"Golden Idol":13,"Orichalcum":[36],"obtain_stats":[{"Potion Belt":9,"Golden Idol":10,"Omamori":13,"Bottled Lightning":12,"Orichalcum":7,"Cracked Core":0},{"Potion Belt":5,"Golden Idol":5,"Omamori":6,"Bottled Lightning":5,"Orichalcum":5,"Cracked Core":0},{"Potion Belt":22,"Golden Idol":22,"Omamori":26,"Bottled Lightning":22,"Orichalcum":22,"Cracked Core":0}]},"card_choices":[{"not_picked":["Thinking Ahead","Secret Technique"],"picked":"Chrysalis","floor":0},{"not_picked":["Storm","Blizzard"],"picked":"Melter","floor":1},{"not_picked":["Stack","Reinforced Body"],"picked":"Loop","floor":2},{"not_picked":["Turbo","Go for the Eyes","Melter"],"picked":"SKIP","floor":4},{"not_picked":["Barrage","Stack"],"picked":"Reboot","floor":5},{"not_picked":["Redo","Storm"],"picked":"Buffer","floor":7},{"not_picked":["Gash","Redo","Skim"],"picked":"SKIP","floor":13},{"not_picked":["Stack","Leap"],"picked":"Lockon","floor":14}],"player_experience":368206,"relics_obtained":[{"floor":7,"key":"Orichalcum"},{"floor":9,"key":"Potion Belt"},{"floor":12,"key":"Bottled Lightning"},{"floor":13,"key":"Omamori"}],"event_choices":[{"damage_healed":0,"gold_gain":0,"player_choice":"Lose Max HP","damage_taken":0,"relics_obtained":["Golden Idol"],"max_hp_gain":0,"max_hp_loss":6,"event_name":"Golden Idol","floor":10,"gold_loss":0}],"is_beta":false,"boss_relics":[],"items_purged_floors":[3],"is_endless":false,"potions_floor_spawned":[1,5,7,13],"killed_by":"Hexaghost","ascension_level":0}}