{"host":"hfxahm4y1ssattqc","time":1611727057,"event":{"mods":["2.2 Compatiblity","Act Like it!","Aspiration","BaseMod","Beaked The Cultist","Better Third Choice","BetterRewards","Colored Map","Colored Powertips","Custom Start","Googly Eyes","Halation","Hallownest","Hermit","Highlight Path","Hubris","Mimic Mod","Minty Spire (QoL Compilation)","Reorder Act Four","Replay The Spire","Shop Mod","Spikes Relics","StSLib","The Bug Knight","The IronCluck","The Jungle","Unknown Chances","slay the spire mod where everything is the same but ironclad has a cowboy hat"],"gold_per_floor":[115,45,72,85,51,81,3,3,28,40,40,50,63,75,75,173,173,184,184,30,30,42,42,42],"floor_reached":23,"language":"ENG","playtime":881,"items_purged":[],"score":191,"play_id":"89521e0e-ff84-419f-8359-08d82c161584","local_time":"20210126215737","is_ascension_mode":false,"campfire_choices":[{"floor":11.0,"key":"REST"},{"floor":15.0,"key":"REST"}],"circlet_count":0,"master_deck":["hermit:Strike_Hermit","hermit:Strike_Hermit","hermit:Strike_Hermit","hermit:Strike_Hermit","hermit:Defend_Hermit","hermit:Defend_Hermit","hermit:Defend_Hermit","hermit:Defend_Hermit","hermit:Snapshot+1","hermit:Covet","hermit:GhostlyPresence","hermit:EyeOfTheStorm","hermit:Showdown+1","hermit:TrackingShot","hermit:TakeAim","hermit:Maintenance","AbeCurse","hermit:Shortfuse","ReplayTheSpireMod:IOU","ReplayTheSpireMod:IOU","hermit:Brawl+1","hermit:Combo+1"],"relics":["hermit:Momento","Hallownest:StagBellRelic1","Art of War","Replay:Mystery Machine","Replay:Wax Seal","Abe\u0027s Treasure","TungstenRod"],"acts_visited":["Hallownest:Greenpath","TheCity"],"potions_floor_usage":[],"damage_taken":[{"damage":0.0,"enemies":"Hallownest:monsterHuskWarrior","floor":1.0,"turns":3.0},{"damage":0.0,"enemies":"Hallownest:2_Baldur","floor":4.0,"turns":3.0},{"damage":41.0,"enemies":"Hallownest:eliteCrystalGuardian","floor":6.0,"turns":6.0},{"damage":0.0,"enemies":"Hallownest:2_MossCreeps","floor":10.0,"turns":4.0},{"damage":6.0,"enemies":"Hallownest:Wandering_and_Horned","floor":12.0,"turns":6.0},{"damage":10.0,"enemies":"Hallownest:MossCreep_and_Mosskin","floor":13.0,"turns":6.0},{"damage":7.0,"enemies":"Hallownest:Guard_and_Warrior","floor":14.0,"turns":7.0},{"damage":39.0,"enemies":"Hallownest:BossHornet","floor":16.0,"turns":13.0},{"damage":19,"enemies":"3 Byrds","floor":18,"turns":8},{"damage":10,"enemies":"Chosen","floor":22,"turns":6},{"damage":61,"enemies":"Book of Stabbing","floor":23,"turns":7}],"seed_played":"5063560097196645976","potions_obtained":[{"floor":1.0,"key":"Strength Potion"},{"floor":6.0,"key":"Block Potion"},{"floor":13.0,"key":"Fruit Juice"}],"is_trial":false,"path_per_floor":["M","?","T","M","$","E","$","?","T","M","R","M","M","M","R","B",null,"M","?","$","?","M","E"],"character_chosen":"HERMIT","items_purchased":["hermit:Showdown","Replay:Wax Seal","TungstenRod","hermit:Brawl+1"],"campfire_rested":2,"item_purchase_floors":[5,7,20,20],"current_hp_per_floor":[75,75,75,75,75,34,34,34,34,34,56,50,40,33,55,21,80,61,61,61,69,59,0,0],"gold":42,"neow_bonus":"UPGRADE_CARD","is_daily":false,"chose_seed":false,"campfire_upgraded":0,"win_rate":0.0,"timestamp":1611727057,"path_taken":["M","?","?","M","$","E","$","?","T","M","R","M","M","M","R","BOSS","M","?","$","?","M","E"],"items_purchased_type":["Card","Relic","Relic","Card"],"build_version":"2020-12-22","purchased_purges":0,"victory":false,"max_hp_per_floor":[75,75,75,75,75,75,75,75,75,75,75,75,75,75,75,80,80,80,80,80,80,80,80,80],"card_choices":[{"not_picked":["hermit:Desperado","hermit:SprayPray"],"picked":"hermit:GhostlyPresence","floor":1.0},{"not_picked":["hermit:TakeCover","hermit:PistolWhip"],"picked":"hermit:EyeOfTheStorm","floor":4.0},{"not_picked":["hermit:Magnum","hermit:ItchyTrigger"],"picked":"hermit:TrackingShot","floor":6.0},{"not_picked":["hermit:Cheat","hermit:Glare","hermit:Roulette"],"picked":"SKIP","floor":10.0},{"not_picked":["hermit:BigShot","hermit:Headshot"],"picked":"hermit:TakeAim","floor":12.0},{"not_picked":["hermit:Coalescence","hermit:DeadMansHand"],"picked":"hermit:Maintenance","floor":13.0},{"not_picked":["hermit:Ricochet","hermit:Misfire","hermit:Dive"],"picked":"SKIP","floor":14.0},{"not_picked":["hermit:Snipe","hermit:Feint"],"picked":"hermit:Shortfuse","floor":18},{"not_picked":["hermit:Cheat","hermit:Deadeye+1"],"picked":"hermit:Combo+1","floor":22}],"player_experience":917202,"relics_obtained":[{"floor":3.0,"key":"Art of War"},{"floor":6.0,"key":"Replay:Mystery Machine"}],"event_choices":[{"damage_healed":0,"gold_gain":0,"player_choice":"Ignored","damage_taken":0,"max_hp_gain":0,"max_hp_loss":0,"event_name":"Vampires","floor":19,"gold_loss":0}],"is_beta":false,"boss_relics":[{"not_picked":["Astrolabe","Kintsugi"],"picked":"Abe\u0027s Treasure"}],"items_purged_floors":[],"is_endless":false,"potions_floor_spawned":[1,6,13],"killed_by":"Book of Stabbing","ascension_level":0}}