{"host":"9l4mw5jqza9qz9hr","time":1611758625,"event":{"mods":["AchievementEnabler","Always Whale","BaseMod","Colored Map","Minty Spire (QoL Compilation)","StSLib","SuperFastMode"],"gold_per_floor":[11,27,27,47,47,81,81,107,107,125,125,143,162,6,6,104,104,114,114,213,213,230,274,274,274,274],"floor_reached":25,"language":"KOR","playtime":752,"items_purged":["Strike_G"],"score":370,"play_id":"6f2f0ce3-ab39-4622-a749-eaaf0f25765a","local_time":"20210127234345","is_ascension_mode":true,"campfire_choices":[{"data":"Neutralize","floor":7,"key":"SMITH"},{"floor":11,"key":"REST"},{"data":"Terror","floor":15,"key":"SMITH"},{"data":"Blade Dance","floor":24,"key":"SMITH"}],"circlet_count":0,"master_deck":["AscendersBane","Strike_G","Strike_G","Defend_G","Defend_G","Defend_G","Defend_G","Survivor","Neutralize+1","Heel Hook","Blade Dance+1","Backflip","Crippling Poison","PiercingWail","Deadly Poison","Noxious Fumes","Prepared","Terror+1","Corpse Explosion","PiercingWail","Writhe","Acrobatics+1"],"relics":["Ring of the Snake","Bottled Flame","Blood Vial","Shuriken","Runic Pyramid","Kunai","Darkstone Periapt","CeramicFish"],"acts_visited":["Exordium","TheCity"],"potions_floor_usage":[6,23],"damage_taken":[{"damage":3,"enemies":"Cultist","floor":1,"turns":5},{"damage":0,"enemies":"Jaw Worm","floor":2,"turns":4},{"damage":0,"enemies":"Small Slimes","floor":4,"turns":3},{"damage":12,"enemies":"Gremlin Nob","floor":6,"turns":4},{"damage":23,"enemies":"3 Sentries","floor":8,"turns":10},{"damage":12,"enemies":"Exordium Thugs","floor":10,"turns":4},{"damage":3,"enemies":"2 Fungi Beasts","floor":12,"turns":4},{"damage":5,"enemies":"Blue Slaver","floor":13,"turns":4},{"damage":31,"enemies":"The Guardian","floor":16,"turns":10},{"damage":22,"enemies":"Shell Parasite","floor":18,"turns":6},{"damage":17,"enemies":"2 Thieves","floor":22,"turns":3},{"damage":29,"enemies":"Book of Stabbing","floor":23,"turns":7},{"damage":69,"enemies":"Gremlin Leader","floor":25,"turns":6}],"seed_played":"6043032971798637282","potions_obtained":[{"floor":1,"key":"Strength Potion"},{"floor":4,"key":"Swift Potion"},{"floor":10,"key":"PowerPotion"},{"floor":12,"key":"Fire Potion"}],"is_trial":false,"path_per_floor":["M","M","?","M","?","E","R","E","T","M","R","M","M","$","R","B",null,"M","?","?","T","M","E","R","E"],"character_chosen":"THE_SILENT","items_purchased":["Terror"],"campfire_rested":1,"item_purchase_floors":[14],"current_hp_per_floor":[60,60,60,60,60,48,48,25,25,15,36,35,32,32,32,3,53,33,33,33,33,18,51,51,0,0],"gold":274,"neow_bonus":"REMOVE_TWO","is_daily":false,"chose_seed":false,"campfire_upgraded":3,"win_rate":0.0,"timestamp":1611758625,"path_taken":["M","?","?","M","?","E","R","E","T","?","R","M","M","?","R","BOSS","M","?","?","?","M","E","R","E"],"items_purchased_type":["Card"],"build_version":"2020-12-22","purchased_purges":1,"victory":false,"max_hp_per_floor":[70,70,70,70,70,70,70,70,70,70,70,70,70,70,70,70,70,70,70,70,70,70,70,70,70,70],"card_choices":[{"not_picked":["Flying Knee","Prepared"],"picked":"Heel Hook","floor":1},{"not_picked":["Endless Agony","Poisoned Stab"],"picked":"Blade Dance","floor":2},{"not_picked":["Catalyst","All Out Attack"],"picked":"Backflip","floor":4},{"not_picked":["Predator","Underhanded Strike"],"picked":"Crippling Poison","floor":6},{"not_picked":["Slice","Phantasmal Killer"],"picked":"PiercingWail","floor":8},{"not_picked":["Dagger Throw","Quick Slash"],"picked":"Deadly Poison","floor":10},{"not_picked":["Tactician","Bane"],"picked":"Noxious Fumes","floor":12},{"not_picked":["Concentrate","All Out Attack"],"picked":"Prepared","floor":13},{"not_picked":["Storm of Steel","Malaise"],"picked":"Corpse Explosion","floor":16},{"not_picked":["Deflect","Dodge and Roll"],"picked":"PiercingWail","floor":18},{"not_picked":["Poisoned Stab","Distraction","Choke"],"picked":"SKIP","floor":22},{"not_picked":["Noxious Fumes","Backstab"],"picked":"Acrobatics+1","floor":23}],"player_experience":265740,"relics_obtained":[{"floor":6,"key":"Bottled Flame"},{"floor":8,"key":"Blood Vial"},{"floor":9,"key":"Shuriken"},{"floor":21,"key":"Darkstone Periapt"},{"floor":23,"key":"CeramicFish"}],"event_choices":[{"cards_removed":["Strike_G"],"damage_healed":0,"gold_gain":0,"player_choice":"Forget","damage_taken":0,"max_hp_gain":0,"max_hp_loss":0,"event_name":"Living Wall","floor":3,"gold_loss":0},{"damage_healed":0,"gold_gain":0,"player_choice":"Ignored","damage_taken":0,"max_hp_gain":0,"max_hp_loss":0,"event_name":"Liars Game","floor":5,"gold_loss":0},{"damage_healed":0,"gold_gain":0,"player_choice":"Opened","damage_taken":0,"relics_obtained":["Kunai"],"max_hp_gain":0,"max_hp_loss":0,"event_name":"The Mausoleum","floor":19,"gold_loss":0,"cards_obtained":["Writhe"]},{"damage_healed":0,"gold_gain":99,"player_choice":"Stole From Cult","damage_taken":0,"max_hp_gain":0,"max_hp_loss":0,"event_name":"Nest","floor":20,"gold_loss":0}],"is_beta":false,"boss_relics":[{"not_picked":["Snecko Eye","HoveringKite"],"picked":"Runic Pyramid"}],"items_purged_floors":[14],"is_endless":false,"potions_floor_spawned":[1,4,10,12,16,22],"killed_by":"Gremlin Leader","ascension_level":12}}