{"host":"bxn2em57qlx5u4i0","time":1611789475,"event":{"mods":["BaseMod","Colored Map","Colored Powertips","Highlight Path","Minty Spire (QoL Compilation)","Random Character Button","Relic Sorter","Relic Stats","StSLib","SuperFastMode"],"gold_per_floor":[114,125,200,200,70,110,110,129,201,241,23,59,59,77,77,77,77],"floor_reached":16,"language":"ENG","playtime":317,"items_purged":["Strike_G","Strike_G"],"score":336,"play_id":"c52c0326-d3de-490b-84f3-ea58a225c2a2","local_time":"20210127181755","is_ascension_mode":true,"campfire_choices":[{"data":"Noxious Fumes","floor":13,"key":"SMITH"},{"data":"Footwork","floor":15,"key":"SMITH"}],"circlet_count":0,"master_deck":["AscendersBane","Strike_G","Strike_G","Defend_G","Defend_G","Defend_G","Defend_G","Defend_G","Survivor","Neutralize","Slice","Noxious Fumes+1","Deadly Poison","Dagger Throw","Dash","PiercingWail+1","Crippling Poison+1","Footwork+1"],"relics":["Ring of the Snake","NeowsBlessing","Golden Idol","Vajra","Toxic Egg 2","Du-Vu Doll","Meat on the Bone"],"acts_visited":["Exordium"],"potions_floor_usage":[10,12,12],"damage_taken":[{"damage":0,"enemies":"Jaw Worm","floor":1,"turns":1},{"damage":0,"enemies":"2 Louse","floor":2,"turns":1},{"damage":0,"enemies":"3 Sentries","floor":6,"turns":1},{"damage":0,"enemies":"Cultist","floor":8,"turns":3},{"damage":17,"enemies":"Lagavulin","floor":10,"turns":6},{"damage":0,"enemies":"Gremlin Nob","floor":12,"turns":3},{"damage":2,"enemies":"Lots of Slimes","floor":14,"turns":3},{"damage":48,"enemies":"Slime Boss","floor":16,"turns":10}],"seed_played":"-2948368330199260528","potions_obtained":[{"floor":2,"key":"BlessingOfTheForge"},{"floor":8,"key":"FearPotion"},{"floor":10,"key":"Fire Potion"}],"is_trial":false,"path_per_floor":["M","M","?","?","$","E","?","M","T","E","$","E","R","M","R","B"],"character_chosen":"THE_SILENT","items_purchased":["Deadly Poison","Crippling Poison+1","Footwork"],"campfire_rested":0,"item_purchase_floors":[5,11,11],"current_hp_per_floor":[59,59,48,48,48,48,48,48,48,31,31,31,31,41,41,0,0],"gold":77,"neow_bonus":"THREE_ENEMY_KILL","is_daily":false,"chose_seed":false,"campfire_upgraded":2,"win_rate":0.0,"timestamp":1611789475,"path_taken":["M","M","?","?","$","E","?","?","T","E","?","E","R","M","R","BOSS"],"items_purchased_type":["Card","Card","Card"],"build_version":"2020-12-22","purchased_purges":2,"victory":false,"max_hp_per_floor":[66,66,66,60,60,60,60,60,60,60,60,60,60,60,60,60,60],"relic_stats":{"counters":[8,28],"Golden Idol":31,"obtain_stats":[{"Du-Vu Doll":10,"NeowsBlessing":0,"Golden Idol":4,"Vajra":6,"Toxic Egg 2":9,"Ring of the Snake":0,"Meat on the Bone":12},{"Du-Vu Doll":5,"NeowsBlessing":0,"Golden Idol":2,"Vajra":3,"Toxic Egg 2":4,"Ring of the Snake":0,"Meat on the Bone":6},{"Du-Vu Doll":12,"NeowsBlessing":0,"Golden Idol":2,"Vajra":3,"Toxic Egg 2":6,"Ring of the Snake":0,"Meat on the Bone":15}],"Ring of the Snake":[16],"Meat on the Bone":12},"card_choices":[{"not_picked":["Masterful Stab","Backflip"],"picked":"Slice","floor":1},{"not_picked":["Slice","Sucker Punch"],"picked":"Noxious Fumes","floor":2},{"not_picked":["Storm of Steel","Terror"],"picked":"Dagger Throw","floor":6},{"not_picked":["Outmaneuver","Tactician"],"picked":"Dash","floor":8},{"not_picked":["Deflect+1","Envenom"],"picked":"PiercingWail+1","floor":10},{"not_picked":["Prepared+1","Flying Knee","Phantasmal Killer+1"],"picked":"SKIP","floor":12},{"not_picked":["Choke","Prepared+1","Predator"],"picked":"SKIP","floor":14},{"not_picked":["Choke","Prepared+1","Predator"],"picked":"SKIP","floor":14}],"player_experience":2951416,"relics_obtained":[{"floor":6,"key":"Vajra"},{"floor":9,"key":"Toxic Egg 2"},{"floor":10,"key":"Du-Vu Doll"},{"floor":12,"key":"Meat on the Bone"}],"event_choices":[{"damage_healed":0,"gold_gain":75,"player_choice":"Gather Gold","damage_taken":11,"max_hp_gain":0,"max_hp_loss":0,"event_name":"World of Goop","floor":3,"gold_loss":0},{"damage_healed":0,"gold_gain":0,"player_choice":"Lose Max HP","damage_taken":0,"relics_obtained":["Golden Idol"],"max_hp_gain":0,"max_hp_loss":6,"event_name":"Golden Idol","floor":4,"gold_loss":0},{"cards_removed":["Strike_G"],"damage_healed":0,"gold_gain":0,"player_choice":"Purged","damage_taken":0,"max_hp_gain":0,"max_hp_loss":0,"event_name":"Purifier","floor":7,"gold_loss":0}],"is_beta":false,"boss_relics":[],"items_purged_floors":[5,11],"is_endless":false,"potions_floor_spawned":[2,8,10],"killed_by":"Slime Boss","ascension_level":20}}