{"host":"tkinv8gv6hgcc58b","time":1611710940,"event":{"mods":["AchievementEnabler","BaseMod","BetterRewards","Colored Map","Downfall","Googly Eyes","Hermit","Minty Spire (QoL Compilation)","READ ME - Guardian Mod","Relic Filter","StSLib","The Cursed","The Disciple"],"gold_per_floor":[109,125,90,108,80,80,114,114,194,205,205,152,172,172,172,251,251,267,25,25,42,42,42,56,56,83,83,98,98,98],"floor_reached":29,"language":"ENG","playtime":1089,"items_purged":[],"score":614,"play_id":"1f89bb91-0c4b-4709-83a5-04a1b3792c32","local_time":"20210126202900","is_ascension_mode":true,"campfire_choices":[{"data":"Flying Knee","floor":6.0,"key":"SMITH"},{"data":"Crippling Poison","floor":8,"key":"SMITH"},{"floor":11,"key":"REST"},{"floor":15,"key":"REST"},{"data":"Bullet Time","floor":23,"key":"SMITH"},{"floor":25,"key":"REST"}],"circlet_count":0,"master_deck":["AscendersBane","Strike_G","Strike_G","Strike_G","Strike_G","Strike_G","Defend_G","Defend_G","Defend_G","Defend_G","Survivor+1","Neutralize","Deadly Poison+1","Deflect","Deadly Poison","Flying Knee+1","Sucker Punch","Dagger Spray","Crippling Poison+1","Dash","Dagger Throw","Bullet Time+1","Heel Hook","Bane","Catalyst"],"relics":["Ring of the Serpent","Gremlin Horn","StoneCalendar","Potion Belt","Runic Pyramid","Bottled Flame","Darkstone Periapt","Ginger","Membership Card","Akabeko","CultistMask","War Paint","Singing Bowl"],"acts_visited":["Exordium","TheCity"],"potions_floor_usage":[16,18,18,29,29],"damage_taken":[{"damage":0.0,"enemies":"2 Louse","floor":1.0,"turns":3.0},{"damage":0.0,"enemies":"Small Slimes","floor":2.0,"turns":2.0},{"damage":0.0,"enemies":"Cultist","floor":4.0,"turns":3.0},{"damage":13.0,"enemies":"3 Sentries","floor":7.0,"turns":5.0},{"damage":21,"enemies":"Exordium Thugs","floor":10,"turns":4},{"damage":8,"enemies":"3 Louse","floor":13,"turns":2},{"damage":29,"enemies":"Slime Boss","floor":16,"turns":7},{"damage":16,"enemies":"2 Thieves","floor":18,"turns":3},{"damage":8,"enemies":"3 Byrds","floor":21,"turns":4},{"damage":11,"enemies":"Snecko","floor":24,"turns":4},{"damage":32,"enemies":"Snake Plant","floor":28,"turns":4},{"damage":22,"enemies":"Chosen and Byrds","floor":29,"turns":5}],"seed_played":"5092130893092351452","potions_obtained":[{"floor":2.0,"key":"Energy Potion"},{"floor":7,"key":"SkillPotion"},{"floor":16,"key":"Swift Potion"},{"floor":21,"key":"Swift Potion"},{"floor":24,"key":"sneckomod:MuddlingPotion"}],"is_trial":false,"path_per_floor":["M","M","?","M","$","R","E","R","T","M","R","$","M","?","R","B",null,"M","$","?","M","?","R","M","R","T","T","M","M"],"character_chosen":"THE_SILENT","items_purchased":["Gremlin Horn","Runic Pyramid","Deflect","Dagger Spray","Dagger Throw","Membership Card","Akabeko"],"campfire_rested":3,"item_purchase_floors":[0,0,0,5,12,19,19],"current_hp_per_floor":[38,38,54,54,54,54,41,41,41,20,39,39,31,26,45,16,54,38,38,51,43,43,43,32,51,51,51,21,0,0],"gold":98,"neow_bonus":"","is_daily":false,"chose_seed":false,"campfire_upgraded":3,"win_rate":0.0,"timestamp":1611710940,"path_taken":["M","M","?","M","$","R","E","R","T","M","R","$","M","?","R","BOSS","M","$","?","M","?","R","?","R","T","?","M","M"],"items_purchased_type":["Relic","Relic","Card","Card","Card","Relic","Relic"],"build_version":"2020-12-22","purchased_purges":0,"victory":false,"max_hp_per_floor":[66,66,66,66,66,66,66,66,66,66,66,66,66,66,66,66,66,66,66,66,66,66,66,66,66,66,66,68,68,68],"card_choices":[{"not_picked":["Skewer","Outmaneuver"],"picked":"Deadly Poison","floor":1.0},{"not_picked":["All Out Attack","Poisoned Stab"],"picked":"Flying Knee","floor":2.0},{"not_picked":["Underhanded Strike","Heel Hook"],"picked":"Sucker Punch","floor":4.0},{"not_picked":["Flechettes","Deadly Poison"],"picked":"Crippling Poison","floor":7},{"not_picked":["Flying Knee","Backflip"],"picked":"Dash","floor":10},{"not_picked":["Underhanded Strike","Backflip","Quick Slash"],"picked":"SKIP","floor":13},{"not_picked":["Wraith Form v2","Burst"],"picked":"Bullet Time","floor":16},{"not_picked":["Underhanded Strike","Deflect"],"picked":"Heel Hook","floor":18},{"not_picked":["Blade Dance","Well Laid Plans"],"picked":"Bane","floor":21},{"not_picked":["Eviscerate","Riddle With Holes"],"picked":"Catalyst","floor":24},{"not_picked":["Slice","Cloak And Dagger","Leg Sweep"],"picked":"Singing Bowl","floor":28}],"player_experience":1079805,"relics_obtained":[{"floor":7,"key":"Bottled Flame"},{"floor":9,"key":"Darkstone Periapt"},{"floor":26,"key":"War Paint"},{"floor":27,"key":"Singing Bowl"}],"event_choices":[{"damage_healed":16.0,"max_hp_gain":0.0,"max_hp_loss":0.0,"gold_gain":0.0,"event_name":"The Cleric","player_choice":"Healed","floor":3.0,"gold_loss":35.0,"damage_taken":0.0},{"damage_healed":0,"gold_gain":0,"player_choice":"Success","damage_taken":5,"relics_obtained":["Ginger"],"max_hp_gain":0,"max_hp_loss":0,"event_name":"Scrap Ooze","floor":14,"gold_loss":0},{"damage_healed":13,"gold_gain":0,"player_choice":"Heal","damage_taken":0,"max_hp_gain":0,"max_hp_loss":0,"event_name":"The Library","floor":20,"gold_loss":0},{"damage_healed":0,"gold_gain":0,"player_choice":"Trade","damage_taken":0,"relics_obtained":["CultistMask"],"max_hp_gain":0,"max_hp_loss":0,"event_name":"FaceTrader","floor":22,"gold_loss":0}],"is_beta":false,"boss_relics":[{"not_picked":["bronze:MakeshiftBattery","Snecko Eye"],"picked":"Ring of the Serpent"}],"items_purged_floors":[],"is_endless":false,"potions_floor_spawned":[2,7,16,21,24],"killed_by":"Chosen and Byrds","ascension_level":18}}