{"host":"9p8ljyyt9iu4be92","time":1611760742,"event":{"mods":["AchievementEnabler","BaseMod","Challenge The Spire","Colored Map","Downfall","Hubris","Minty Spire (QoL Compilation)","StSLib","The Bug Knight","slay the spire mod where everything is the same but ironclad has a cowboy hat"],"gold_per_floor":[99,99,99,118,135,164,212,224,243,268,68,103,103,134,148,248,248,248,268,286,118,129,139,163,176,176,76,88,88,113,147,166,265,265,265,284,284,295,135,167,218,250,266,266,281,315,315,365,379,379,379,408,19,19,19,19],"floor_reached":57,"language":"ENG","playtime":7095,"items_purged":["champ:Defend"],"score":1705,"play_id":"87acbbda-f19c-4e1d-abda-d10e33f13926","local_time":"20210127101902","is_ascension_mode":true,"campfire_choices":[{"floor":1,"key":"RECALL"},{"floor":11,"key":"REST"},{"data":"champ:Backstep","floor":13,"key":"SMITH"},{"data":"champ:Encircle","floor":18,"key":"SMITH"},{"data":"champ:StanceDance","floor":27,"key":"SMITH"},{"data":"champ:FlashCut","floor":35,"key":"SMITH"},{"floor":54,"key":"REST"}],"circlet_count":0,"master_deck":["champ:Strike","champ:Strike","champ:Strike","champ:Strike","champ:Defend","champ:Defend","champ:Defend","champ:Execute+1","champ:Backstep+1","champ:FocusedBerserking","champ:StanceDance+1","champ:DeathBlow","champ:FlashCut+1","champ:Encircle+1","champ:SwordThrow+1","champ:HeavySlash+1","champ:Shatter+1","champ:PerfectedStrike+1","champ:TornadoPunch+1","champ:CrookedStrike+1","champ:HeartStrike+1","champ:FanOfKnives+1","RitualDagger+1","champ:DeathBlow+1","champ:PreciseThrust+1","champ:AdrenalArmor+1","champ:HeavySlash+1","champ:Devastate+1","champ:DeathBlow+1","champ:RapidStrikes+1","champ:Duel+1","champ:CrownThrow+1","champ:Improvising","champ:FanOfKnives+1","champ:StanceDance+1","champ:BerserkersShout+1","champ:StanceDance+1","champ:EnragedBash+1"],"relics":["champ:ChampionCrown","Regal Pillow","Orichalcum","WingedGreaves","downfall:HeartBlessingRed","downfall:HeartBlessingGreen","Molten Egg 2","Thread and Needle","hubris:RunicObelisk","Medical Kit","downfall:HeartBlessingBlue","hubris:Towel","hubris:PeanutButter","HornCleat","hubris:TerracottaHorce","hubris:CrystalStatue","Akabeko","hubris:DisguiseKit","hubris:Metronome","hubris:ToyBattleship","hubris:Reverence","MealTicket","CaptainsWheel","hubris:Potato","Bag of Marbles","Toolbox"],"acts_visited":["Exordium","TheCity","TheBeyond","TheEnding"],"potions_floor_usage":[15,21,23,30,39,39,50,50],"damage_taken":[{"damage":10,"enemies":"2 Louse","floor":4,"turns":2},{"damage":19,"enemies":"Cultist","floor":5,"turns":4},{"damage":54,"enemies":"Gremlin Nob","floor":6,"turns":5},{"damage":10,"enemies":"Jaw Worm","floor":8,"turns":4},{"damage":47,"enemies":"Large Slime","floor":9,"turns":5},{"damage":78,"enemies":"HollowMod:MossKnight","floor":10,"turns":10},{"damage":36,"enemies":"Lagavulin","floor":12,"turns":5},{"damage":23,"enemies":"3 Sentries","floor":14,"turns":4},{"damage":10,"enemies":"Exordium Thugs","floor":15,"turns":4},{"damage":36,"enemies":"WA_ARCHETYPE_RETAIN","floor":16,"turns":6},{"damage":20,"enemies":"Chosen","floor":19,"turns":3},{"damage":10,"enemies":"3 Byrds","floor":20,"turns":3},{"damage":25,"enemies":"downfall:FleeingMerchant","floor":21,"turns":4},{"damage":17,"enemies":"3 Cultists","floor":22,"turns":4},{"damage":20,"enemies":"Snecko","floor":23,"turns":3},{"damage":10,"enemies":"Sentry and Sphere","floor":25,"turns":3},{"damage":0,"enemies":"Cultist and Chosen","floor":28,"turns":3},{"damage":16,"enemies":"Slavers","floor":30,"turns":3},{"damage":0,"enemies":"Book of Stabbing","floor":31,"turns":3},{"damage":12,"enemies":"3 Cultists","floor":32,"turns":4},{"damage":74,"enemies":"DF_ARCHETYPE_CLAW","floor":33,"turns":7},{"damage":14,"enemies":"3 Darklings","floor":36,"turns":4},{"damage":7,"enemies":"Orb Walker","floor":38,"turns":2},{"damage":17,"enemies":"downfall:FleeingMerchant","floor":39,"turns":3},{"damage":17,"enemies":"Nemesis","floor":40,"turns":3},{"damage":27,"enemies":"Giant Head","floor":42,"turns":4},{"damage":15,"enemies":"Spire Growth","floor":43,"turns":2},{"damage":0,"enemies":"Sphere and 2 Shapes","floor":45,"turns":2},{"damage":28,"enemies":"Nemesis","floor":46,"turns":3},{"damage":37,"enemies":"Nemesis","floor":48,"turns":3},{"damage":32,"enemies":"Maw","floor":49,"turns":5},{"damage":73,"enemies":"IC_BLOCK_ARCHETYPE","floor":50,"turns":7},{"damage":125,"enemies":"downfall:CharBossMerchant","floor":52,"turns":7},{"damage":45,"enemies":"downfall:NeowBoss","floor":55,"turns":13},{"damage":36,"enemies":"downfall:NeowBossFinal","floor":56,"turns":6}],"seed_played":"7926441280244119537","potions_obtained":[{"floor":6,"key":"Dexterity Potion"},{"floor":8,"key":"Weak Potion"},{"floor":12,"key":"GamblersBrew"},{"floor":14,"key":"FearPotion"},{"floor":16,"key":"SteroidPotion"},{"floor":22,"key":"Swift Potion"},{"floor":23,"key":"ColorlessPotion"},{"floor":32,"key":"Strength Potion"},{"floor":43,"key":"Dexterity Potion"},{"floor":45,"key":"GamblersBrew"}],"is_trial":false,"path_per_floor":["R","?","?","M","M","E","T","M","M","E","R","E","R","E","M","B",null,"R","M","M","$","M","M","T","M","?","R","M","?","E","E","M","B",null,"R","M","?","M","$","E","T","E","M","?","M","E","?","?","M","B",null,"E","$","R","B","B",null],"character_chosen":"THE_CHAMP","items_purchased":["Medical Kit","Akabeko","hubris:DisguiseKit","champ:UltimateStancePotion","Bag of Marbles","Toolbox"],"campfire_rested":2,"item_purchase_floors":[21,39,39,53,53,53],"current_hp_per_floor":[99,99,99,99,90,56,56,56,44,38,82,76,76,73,73,67,99,99,99,99,99,97,97,97,97,91,101,101,101,95,95,103,69,99,99,105,105,109,109,102,102,109,101,101,106,103,103,106,109,86,103,13,28,75,71,109],"gold":19,"neow_bonus":"TEN_PERCENT_HP_BONUS","is_daily":false,"chose_seed":false,"campfire_upgraded":4,"win_rate":0.0,"timestamp":1611760742,"path_taken":["R","?","?","M","M","E","T","M","M","E","R","E","R","E","M","BOSS","R","M","M","$","M","M","T","M","?","R","M","?","E","E","M","BOSS","R","M","?","M","$","E","T","E","M","?","?","E","?","?","M","BOSS","E","$","R","BOSS","BOSS"],"items_purchased_type":["Relic","Relic","Relic","Potion","Relic","Relic"],"build_version":"2020-12-22","purchased_purges":1,"victory":true,"max_hp_per_floor":[99,99,99,99,99,99,99,99,99,99,99,99,99,99,99,99,99,99,99,99,99,99,99,99,99,99,109,109,109,109,109,109,109,109,109,109,109,109,109,109,109,109,109,109,109,109,109,109,109,109,109,109,109,109,109,109],"card_choices":[{"not_picked":["champ:Haymaker","champ:Lariat"],"picked":"champ:Backstep","floor":4},{"not_picked":["champ:BladeFlurry","champ:AdrenalArmor"],"picked":"champ:FocusedBerserking","floor":5},{"not_picked":["champ:GutPunch","champ:PerfectedStrike"],"picked":"champ:StanceDance","floor":6},{"not_picked":["champ:TornadoPunch","champ:PerfectedStrike"],"picked":"champ:DeathBlow","floor":8},{"not_picked":["champ:EnGarde","champ:Circumvent"],"picked":"champ:FlashCut","floor":9},{"not_picked":["champ:RapidStrikes","champ:PerfectedStrike"],"picked":"champ:Encircle","floor":10},{"not_picked":["champ:EnGarde","champ:IgnorePain","champ:Circumvent"],"picked":"SKIP","floor":12},{"not_picked":["champ:BringItOn","champ:Circumvent"],"picked":"champ:SwordThrow+1","floor":14},{"not_picked":["champ:AdrenalArmor","champ:BringItOn","champ:EnGarde"],"picked":"SKIP","floor":15},{"not_picked":["champ:HoldFirm","champ:VampiricStrike+1"],"picked":"champ:HeavySlash+1","floor":16},{"not_picked":["champ:PerfectedStrike+1","champ:CrownThrow+1"],"picked":"champ:Shatter+1","floor":19},{"not_picked":["champ:EnGarde","champ:ShieldThrow+1"],"picked":"champ:PerfectedStrike+1","floor":20},{"not_picked":["champ:SkillfulDodge","champ:Lariat"],"picked":"champ:TornadoPunch+1","floor":21},{"not_picked":["champ:FanOfKnives+1","champ:Haymaker+1"],"picked":"champ:CrookedStrike+1","floor":22},{"not_picked":["champ:Encircle+1","champ:GladiatorStyle"],"picked":"champ:HeartStrike+1","floor":23},{"not_picked":["champ:GladiatorForm","champ:FlashCut+1"],"picked":"champ:FanOfKnives+1","floor":25},{"not_picked":["champ:StanceDance+1","champ:Shatter+1"],"picked":"champ:DeathBlow+1","floor":28},{"not_picked":["champ:Haymaker+1","champ:EndlessRage"],"picked":"champ:PreciseThrust+1","floor":30},{"not_picked":["champ:BladeFlurry+1","champ:DefensiveShout"],"picked":"champ:AdrenalArmor+1","floor":31},{"not_picked":["champ:PreciseThrust+1","champ:ArenaPreparation"],"picked":"champ:HeavySlash+1","floor":32},{"not_picked":["champ:LastStand","champ:SteelEdge+1"],"picked":"champ:Devastate+1","floor":33},{"not_picked":["champ:BladeFlurry+1","champ:BringItOn"],"picked":"champ:DeathBlow+1","floor":36},{"not_picked":["champ:FanOfKnives+1","champ:GladiatorStyle"],"picked":"champ:RapidStrikes+1","floor":38},{"not_picked":["champ:SkillfulDodge+1","champ:EnGarde"],"picked":"champ:Duel+1","floor":39},{"not_picked":["champ:StanceDance","champ:ShieldSlam","Entrench"],"picked":"champ:CrownThrow+1","floor":40},{"not_picked":["champ:EndlessRage+1","champ:PreemptiveStrike+1","Thunderclap"],"picked":"champ:Improvising","floor":42},{"not_picked":["champ:ShieldSlam","champ:FalseCounter+1","hubris:ReadiedAction"],"picked":"champ:FanOfKnives+1","floor":43},{"not_picked":["champ:RapidStrikes+1","champ:DefensiveShout","champ:GutPunch+1","Searing Blow"],"picked":"SKIP","floor":45},{"not_picked":["champ:GutPunch+1","champ:LastStand","Perfected Strike"],"picked":"champ:StanceDance+1","floor":46},{"not_picked":["champ:Encircle+1","champ:EnragedBash+1","Shrug It Off"],"picked":"champ:BerserkersShout+1","floor":48},{"not_picked":["champ:AdrenalArmor","champ:BringItOn+1","Twin Strike"],"picked":"champ:StanceDance+1","floor":49},{"not_picked":["champ:DeathBlow+1","champ:Circumvent","Anger"],"picked":"champ:EnragedBash+1","floor":52}],"player_experience":512767,"relics_obtained":[{"floor":6,"key":"Regal Pillow"},{"floor":7,"key":"Orichalcum"},{"floor":10,"key":"WingedGreaves"},{"floor":12,"key":"Molten Egg 2"},{"floor":14,"key":"Thread and Needle"},{"floor":30,"key":"hubris:PeanutButter"},{"floor":31,"key":"HornCleat"},{"floor":37,"key":"hubris:CrystalStatue"},{"floor":40,"key":"hubris:Metronome"},{"floor":41,"key":"hubris:ToyBattleship"},{"floor":42,"key":"hubris:Reverence"},{"floor":46,"key":"MealTicket"},{"floor":48,"key":"CaptainsWheel"},{"floor":52,"key":"hubris:Potato"}],"event_choices":[{"cards_removed":["champ:Taunt"],"damage_healed":0,"gold_gain":0,"player_choice":"Removed Skill","damage_taken":0,"max_hp_gain":0,"max_hp_loss":0,"event_name":"Falling","floor":44,"gold_loss":0}],"is_beta":false,"boss_relics":[{"not_picked":["Tiny House","hubris:Stopwatch"],"picked":"hubris:RunicObelisk"},{"not_picked":["bronze:MakeshiftBattery","Snecko Eye"],"picked":"hubris:TerracottaHorce"}],"items_purged_floors":[39],"is_endless":false,"potions_floor_spawned":[6,8,12,14,16,22,23,32,33,38,43,45,46],"ascension_level":5}}