{"host":"dmq3coqc8znrgjor","time":1611749814,"event":{"mods":["BaseMod","Decade(王小明)","Downfall","Lobotomy","LobotomyExtend","Marisa（F雨　魔理沙）","Minty Spire (QoL Compilation)","Remilia（蕾米莉亚）","Replay The Spire","SOS（斯巴达之子）","StSLib","The Hierophant","The Poker Player","WarShipGirlsR/战舰少女R mod","【遗物卡牌】REMEMod"],"gold_per_floor":[111,111,161,37,50,80,80,80,104,54,54,129,142,45,45,146,146,164,177,177,177,177,209,209,234,234,234,263,273,273,283,283,382,382,402,355,355,198,198,242,290,325,325,325,325,372,381,381,381,441],"floor_reached":51,"language":"ZHS","playtime":7908,"items_purged":["Regret"],"score":830,"play_id":"3064596f-c30c-4fdf-8093-04396067510b","local_time":"20210127201654","is_ascension_mode":false,"campfire_choices":[{"floor":8.0,"key":"REST"},{"data":"DecadeViolentEmotion","floor":11.0,"key":"SMITH"},{"floor":15.0,"key":"REST"},{"data":"NMDAZYYGL","floor":24.0,"key":"SMITH"},{"data":"Kuuga_Rising","floor":30.0,"key":"SMITH"},{"data":"FormRideJack","floor":32.0,"key":"SMITH"},{"floor":45.0,"key":"REST"},{"data":"KamenRide","floor":49.0,"key":"SMITH"}],"circlet_count":0,"master_deck":["Decade_Attack+1","Decade_Attack+1","Decade_Attack+1","KamenRide+1","Decade_SpecialSkill","Decade_Defend+1","Decade_Defend+1","Decade_Defend+1","Decade_Defend+1","FormRideFlame","Hibiki_Attack1","Decade_Illusion","UnarmedAttack1","DenO_Sword","UnarmedAttack5","DecadeViolentEmotion+1","NMDAZYYGL+1","Kuuga_Rising+1","Blade_Kick","RideBooker","Decade_Defend2","UnarmedAttack1+1","FormRideBasshaa+1","FormRideJack+1","PhotonAcceleration","Kiva_Swallow","DenO_Ax+1","HandOfGreed","Trip","REME_HeartOfCthun","Madness","Madness","Blade_Beat+1","FormRideTitan+1","UnarmedAttack9","Decade_Illusion+1","FormRide+1"],"relics":["Decadriver","TOEIDeficitBill","REME_ComplimentaryCards","LetterFromLob","Potion Belt","Bag of Marbles","Centennial Puzzle","Juzu Bracelet","SacredBark","Lantern","Vajra","White Beast Statue","ScarletDevilRocket","Black Star","ClockworkSouvenir","CeramicFish","Replay:Towering Pillar of Hats","Thread and Needle","Pen Nib","Replay:Kaleidoscope"],"acts_visited":["Exordium","TheCity","TheBeyond"],"potions_floor_usage":[],"damage_taken":[{"damage":3.0,"enemies":"Small Slimes","floor":1.0,"turns":2.0},{"damage":0.0,"enemies":"Jaw Worm","floor":5.0,"turns":2.0},{"damage":20.0,"enemies":"3 Sentries","floor":6.0,"turns":5.0},{"damage":0.0,"enemies":"2 Louse","floor":13.0,"turns":1.0},{"damage":0.0,"enemies":"Fading Forest","floor":16.0,"turns":11.0},{"damage":16.0,"enemies":"3 Byrds","floor":18.0,"turns":4.0},{"damage":8.0,"enemies":"2 Thieves","floor":19.0,"turns":3.0},{"damage":0.0,"enemies":"Snake Plant","floor":21.0,"turns":1.0},{"damage":6.0,"enemies":"Book of Stabbing","floor":23.0,"turns":3.0},{"damage":14.0,"enemies":"Replay:Snechameleon","floor":25.0,"turns":3.0},{"damage":24.0,"enemies":"Gremlin Leader","floor":28.0,"turns":9.0},{"damage":0.0,"enemies":"Centurion and Healer","floor":29.0,"turns":3.0},{"damage":0.0,"enemies":"Shelled Parasite and Fungi","floor":31.0,"turns":3.0},{"damage":38.0,"enemies":"Pondfish","floor":33.0,"turns":9.0},{"damage":0.0,"enemies":"3 Darklings","floor":35.0,"turns":2.0},{"damage":25.0,"enemies":"R_Hoarder","floor":40.0,"turns":4.0},{"damage":35.0,"enemies":"3 Shapes","floor":41.0,"turns":5.0},{"damage":28.0,"enemies":"Sphere and 2 Shapes","floor":42.0,"turns":4.0},{"damage":1.0,"enemies":"Nemesis","floor":46.0,"turns":4.0},{"damage":3.0,"enemies":"Spire Growth","floor":47.0,"turns":3.0},{"damage":29.0,"enemies":"Maw","floor":48.0,"turns":4.0},{"damage":25.0,"enemies":"Replay:Hell Engine","floor":50.0,"turns":7.0},{"damage":86.0,"enemies":"Malkuth","floor":51.0,"turns":7.0},{"damage":82.0,"enemies":"Netzach","floor":51.0,"turns":8.0}],"seed_played":"-9054807793382815079","potions_obtained":[{"floor":3.0,"key":"Explosive Potion"},{"floor":3.0,"key":"EntropicBrew"},{"floor":5.0,"key":"Fire Potion"},{"floor":6.0,"key":"bronze:BurnAndBuffPotion"},{"floor":19.0,"key":"Fruit Juice"},{"floor":20.0,"key":"ColorlessPotion"},{"floor":20.0,"key":"bronze:BurnAndBuffPotion"},{"floor":20.0,"key":"Swift Potion"},{"floor":29.0,"key":"Fruit Juice"},{"floor":31.0,"key":"Strength Potion"},{"floor":35.0,"key":"champ:CounterPotion"},{"floor":40.0,"key":"Weak Potion"},{"floor":41.0,"key":"Swift Potion"},{"floor":42.0,"key":"EssenceOfSteel"}],"is_trial":false,"path_per_floor":["M","?","?","$","M","E","?","R","T","?","R","?","M","$","R","B",null,"M","M","?","M","?","E","R","E","T","?","E","M","R","M","R","B",null,"M","$","?","$","?","E","M","M","T","?","R","E","M","M","R","B",null,null],"character_chosen":"Decade","items_purchased":["UnarmedAttack1","Fruit Juice","RideBooker_Skill_1","ClockworkSouvenir"],"campfire_rested":3,"item_purchase_floors":[4,14,36,38],"current_hp_per_floor":[67,67,67,67,67,47,33,54,54,54,54,43,43,48,70,70,75,62,54,64,64,64,58,58,44,44,44,70,80,80,95,95,66,95,95,95,85,85,73,69,44,31,31,31,59,73,83,66,66,71],"gold":441,"neow_bonus":"TRANSFORM_CARD","is_daily":false,"chose_seed":false,"campfire_upgraded":5,"win_rate":0.0,"timestamp":1611749814,"path_taken":["M","?","?","?","M","E","?","R","T","?","R","?","M","$","R","BOSS","M","M","?","M","?","E","R","E","T","?","E","M","R","M","R","BOSS","M","$","?","$","?","E","M","M","T","?","R","E","M","M","R","BOSS"],"items_purchased_type":["Card","Potion","Card","Relic"],"build_version":"2020-12-22","purchased_purges":1,"victory":true,"max_hp_per_floor":[70,70,70,70,70,70,70,70,70,70,70,70,70,75,75,75,75,75,75,85,85,85,85,85,85,85,85,85,95,95,95,95,95,95,95,95,95,95,95,95,95,95,95,95,95,95,95,95,95,95],"card_choices":[{"not_picked":["UnarmedAttack3","UnarmedAttack4"],"picked":"Hibiki_Attack1","floor":1.0},{"not_picked":["KamenRideKabuto","DenO_Climax"],"picked":"Decade_Illusion","floor":3.0},{"not_picked":["KamenRideDenO","KamenRideFaiz"],"picked":"DenO_Sword","floor":5.0},{"not_picked":["DenO_Sword","KamenRideHibiki"],"picked":"UnarmedAttack5","floor":6.0},{"not_picked":["DenO_Ax","PhotonAcceleration"],"picked":"DecadeViolentEmotion","floor":6.0},{"not_picked":["UnarmedAttack5","UnarmedAttack4","KamenRideAgito"],"picked":"SKIP","floor":13.0},{"not_picked":["Kabuto_ClockUp","FormRideAxel"],"picked":"NMDAZYYGL","floor":16.0},{"not_picked":["UnarmedAttack9","NMDAZYYGL"],"picked":"Kuuga_Rising","floor":16.0},{"not_picked":["Hibiki_Attack1","UnarmedAttack1+1","UnarmedAttack5"],"picked":"SKIP","floor":18.0},{"not_picked":["Blade_Beat","NMDAZYYGL"],"picked":"Blade_Kick","floor":19.0},{"not_picked":["FormRideDragon","RideBooker_Skill_1","Kiva_Frozen"],"picked":"SKIP","floor":21.0},{"not_picked":["UnarmedAttack3","RideBooker_Skill_2+1"],"picked":"RideBooker","floor":23.0},{"not_picked":["DenO_Rod+1","Blade_Slash","PrometheusPower"],"picked":"SKIP","floor":23.0},{"not_picked":["KamenRideRyuki+1","DecadeViolentEmotion"],"picked":"Decade_Defend2","floor":25.0},{"not_picked":["Decade_Invisible+1","Blade_Beat","RideBooker_Skill_1+1"],"picked":"SKIP","floor":25.0},{"not_picked":["Blade_Slash+1","KamenRideHibiki","FormRideDragon"],"picked":"SKIP","floor":28.0},{"not_picked":["FormRideFlame","DenO_Rod+1","DenO_Gun"],"picked":"SKIP","floor":28.0},{"not_picked":["UnarmedAttack5","FormRideDragon+1"],"picked":"UnarmedAttack1+1","floor":29.0},{"not_picked":["DenO_Gun+1","Decade_Dash1+1"],"picked":"FormRideBasshaa+1","floor":29.0},{"not_picked":["KamenRideKuuga+1","FormRideTitan"],"picked":"FormRideJack","floor":31.0},{"not_picked":["Decade_Dash2","UnarmedAttack9"],"picked":"PhotonAcceleration","floor":31.0},{"not_picked":["DecadeViolentEmotion","Kiva_Eat"],"picked":"Kiva_Swallow","floor":33.0},{"not_picked":["KamenRideKiva+1","RideBooker_Skill_2"],"picked":"DenO_Ax+1","floor":35.0},{"not_picked":["Good Instincts","Dramatic Entrance"],"picked":"HandOfGreed","floor":37.0},{"not_picked":["REME_TheoryOfElimination","REME_MagicPocketWatch"],"picked":"Trip","floor":37.0},{"not_picked":["Replay:Bootleg Shield Generator","Replay:BasicMightCard"],"picked":"REME_HeartOfCthun","floor":37.0},{"not_picked":["KamenRideBlade","Decade_Dash1+1"],"picked":"Blade_Beat+1","floor":40.0},{"not_picked":["FormRideBasshaa","DragShield"],"picked":"FormRideTitan","floor":41.0},{"not_picked":["RideBooker_Skill_1+1","FormRideAxel"],"picked":"UnarmedAttack9","floor":46.0},{"not_picked":["FormRidePegasus","FormRideFlame+1"],"picked":"Decade_Illusion+1","floor":46.0},{"not_picked":["UnarmedAttack1","Dragreder"],"picked":"FormRide+1","floor":47.0},{"not_picked":["Kiva_Frozen+1","UnarmedAttack6","KamenRideDecade"],"picked":"SKIP","floor":48.0}],"player_experience":380168,"relics_obtained":[{"floor":1.0,"key":"LetterFromLob"},{"floor":3.0,"key":"Bag of Marbles"},{"floor":6.0,"key":"Centennial Puzzle"},{"floor":9.0,"key":"Juzu Bracelet"},{"floor":23.0,"key":"Lantern"},{"floor":25.0,"key":"Vajra"},{"floor":26.0,"key":"White Beast Statue"},{"floor":28.0,"key":"ScarletDevilRocket"},{"floor":40.0,"key":"CeramicFish"},{"floor":40.0,"key":"Replay:Towering Pillar of Hats"},{"floor":43.0,"key":"Thread and Needle"},{"floor":46.0,"key":"Pen Nib"},{"floor":46.0,"key":"Replay:Kaleidoscope"}],"event_choices":[{"damage_healed":0.0,"max_hp_gain":0.0,"max_hp_loss":0.0,"gold_gain":0.0,"event_name":"Big Fish","player_choice":"Box","floor":2.0,"gold_loss":0.0,"damage_taken":0.0,"relics_obtained":["Potion Belt"],"cards_obtained":["Regret"]},{"damage_healed":0.0,"max_hp_gain":0.0,"max_hp_loss":0.0,"gold_gain":0.0,"event_name":"Shining Light","player_choice":"Entered Light","floor":7.0,"gold_loss":0.0,"damage_taken":14.0,"cards_upgraded":["Decade_Attack","Decade_Defend"]},{"cards_removed":["Decade_Attack"],"damage_healed":0.0,"max_hp_gain":0.0,"max_hp_loss":0.0,"gold_gain":0.0,"event_name":"The Cleric","player_choice":"Card Removal","floor":10.0,"gold_loss":50.0,"damage_taken":0.0},{"damage_healed":0.0,"max_hp_gain":0.0,"max_hp_loss":0.0,"gold_gain":75.0,"event_name":"World of Goop","player_choice":"Gather Gold","floor":12.0,"gold_loss":0.0,"damage_taken":11.0},{"damage_healed":0.0,"max_hp_gain":0.0,"max_hp_loss":0.0,"gold_gain":0.0,"event_name":"Lab","player_choice":"Got Potions","floor":20.0,"gold_loss":0.0,"damage_taken":0.0},{"damage_healed":0.0,"max_hp_gain":0.0,"max_hp_loss":0.0,"gold_gain":0.0,"event_name":"Back to Basics","player_choice":"Simplicity","floor":22.0,"gold_loss":0.0,"damage_taken":0.0,"cards_upgraded":["Decade_Attack","Decade_Attack","Decade_Defend","Decade_Defend","Decade_Defend"]},{"damage_healed":0.0,"max_hp_gain":0.0,"max_hp_loss":0.0,"gold_gain":0.0,"event_name":"Cursed Tome","player_choice":"Ignored","floor":27.0,"gold_loss":0.0,"damage_taken":0.0},{"damage_healed":0.0,"max_hp_gain":0.0,"max_hp_loss":0.0,"gold_gain":0.0,"event_name":"SensoryStone","player_choice":"Memory 3","floor":37.0,"gold_loss":0.0,"damage_taken":10.0},{"damage_healed":0.0,"max_hp_gain":0.0,"max_hp_loss":0.0,"gold_gain":0.0,"event_name":"Winding Halls","player_choice":"Embrace Madness","floor":39.0,"gold_loss":0.0,"damage_taken":12.0,"cards_obtained":["Madness","Madness"]},{"damage_healed":0.0,"max_hp_gain":0.0,"max_hp_loss":0.0,"gold_gain":0.0,"event_name":"Accursed Blacksmith","player_choice":"Forge","floor":44.0,"gold_loss":0.0,"damage_taken":0.0,"cards_upgraded":["FormRideTitan"]}],"is_beta":false,"boss_relics":[{"not_picked":["Velvet Choker","Honey Jar"],"picked":"SacredBark"},{"not_picked":["REME_ChargedStone","Runic Dome"],"picked":"Black Star"}],"items_purged_floors":[4],"is_endless":false,"potions_floor_spawned":[5,6,19,23,25,28,29,31,33,35,40,41,42,46,47,48,51,51],"ascension_level":0}}