{"host":"7wagoesq7cf4lu47","time":1611760390,"event":{"mods":["Act Like it!","BaseMod","Gensokyo","Hermit","Minty Spire (QoL Compilation)","Reimu£®≤©¿ˆ¡È√Œ£©","StSLib","The Alterego","The Cursed","The Dragon Tamer","Yakumo Yukari mod"],"gold_per_floor":[115,2,2,2,18,48,48,60,72,103,126,155,167,133,145,157,157],"floor_reached":16,"language":"ZHS","playtime":738,"items_purged":["alterego_mod:Strike"],"score":100,"play_id":"58461481-65d0-4474-bb8d-a086b77e50c9","local_time":"20210127231310","is_ascension_mode":false,"campfire_choices":[{"floor":15,"key":"REST"}],"circlet_count":0,"master_deck":["alterego_mod:Strike","alterego_mod:Strike","alterego_mod:Strike","alterego_mod:Defend","alterego_mod:Defend","alterego_mod:Defend","alterego_mod:Defend","alterego_mod:Impale","alterego_mod:BigMeatyClaws","alterego_mod:BrynhildrsRune","alterego_mod:MaintainEyeContact","alterego_mod:1TonWallop","Injury","alterego_mod:MagicResistance","alterego_mod:AlterEgo","Gensokyo:Shovel"],"relics":["alterego_mod:MasochisticConstitution","NeowsBlessing","Mastiff:ReiMu","MawBank","Gensokyo:PortableGap","Pocketwatch","PreservedInsect"],"acts_visited":["Exordium"],"potions_floor_usage":[],"damage_taken":[{"damage":0,"enemies":"Gensokyo:2_Kodama","floor":1,"turns":2},{"damage":0,"enemies":"Gensokyo:Gryphon","floor":5,"turns":1},{"damage":8,"enemies":"Gensokyo:Cirno","floor":6,"turns":2},{"damage":12,"enemies":"Gensokyo:3_Fairies","floor":10,"turns":4},{"damage":32,"enemies":"Gensokyo:Gryphon_and_Rabbit","floor":11,"turns":5},{"damage":11,"enemies":"Gensokyo:CorruptedTreant","floor":12,"turns":5},{"damage":34,"enemies":"Gensokyo:Reimu","floor":16,"turns":3}],"seed_played":"-7557436935901979457","potions_obtained":[{"floor":1,"key":"Energy Potion"},{"floor":6,"key":"LiquidBronze"},{"floor":10,"key":"SpeedPotion"}],"is_trial":false,"path_per_floor":["M","$","?","$","M","E","?","?","T","M","M","M","?","COS","R","B"],"character_chosen":"The_Alterego","items_purchased":["alterego_mod:MaintainEyeContact"],"campfire_rested":1,"item_purchase_floors":[2],"current_hp_per_floor":[70,70,70,70,70,63,63,63,61,50,33,23,11,11,29,0,0],"gold":157,"neow_bonus":"THREE_ENEMY_KILL","is_daily":false,"chose_seed":false,"campfire_upgraded":0,"win_rate":0.0,"timestamp":1611760390,"path_taken":["M","$","?","?","M","E","?","?","T","?","?","?","?","COS","R","BOSS"],"items_purchased_type":["Card"],"build_version":"2020-12-22","purchased_purges":1,"victory":false,"max_hp_per_floor":[70,70,70,70,70,71,71,64,61,62,63,64,61,61,61,61,61],"card_choices":[{"not_picked":["alterego_mod:Swimsuit","alterego_mod:BreastValley","alterego_mod:Undulate"],"picked":"SKIP","floor":1},{"not_picked":["alterego_mod:GoddessCore","alterego_mod:DustData"],"picked":"alterego_mod:1TonWallop","floor":5},{"not_picked":["alterego_mod:PerceptionDisorder","alterego_mod:GoddessCore","alterego_mod:DiscoLights"],"picked":"SKIP","floor":6},{"not_picked":["alterego_mod:HighServant","alterego_mod:PerceptionDisorder"],"picked":"alterego_mod:MagicResistance","floor":10},{"not_picked":["alterego_mod:Maid","alterego_mod:Jiggle","alterego_mod:PurpleHair"],"picked":"SKIP","floor":11},{"not_picked":["alterego_mod:Pet","alterego_mod:Cycle"],"picked":"alterego_mod:AlterEgo","floor":12}],"player_experience":167150,"relics_obtained":[{"floor":6,"key":"Mastiff:ReiMu"},{"floor":9,"key":"Pocketwatch"}],"event_choices":[],"is_beta":false,"boss_relics":[],"items_purged_floors":[2],"is_endless":false,"potions_floor_spawned":[1,6,10,12],"killed_by":"Gensokyo:Reimu","ascension_level":0}}