{"host":"9709z2dy8v1s63sm","time":1611711072,"event":{"mods":["AchievementEnabler","BaseMod","Minty Spire (QoL Compilation)","StSLib","SuperFastMode"],"gold_per_floor":[110,110,120,120,9,44,59,89,158,190,190,210,226,244,244,345,345,357,272,272,272,288,288,288,288],"floor_reached":24,"language":"KOR","playtime":788,"items_purged":["Strike_R"],"score":386,"play_id":"d3fb2c34-1c24-4e10-b6cd-50a381631c37","local_time":"20210127103112","is_ascension_mode":true,"campfire_choices":[{"data":"Uppercut","floor":11.0,"key":"SMITH"},{"data":"Disarm","floor":15.0,"key":"SMITH"},{"data":"Barricade","floor":23,"key":"SMITH"}],"circlet_count":0,"master_deck":["AscendersBane","Bash","Rampage","Uppercut+1","Headbutt","Disarm+1","Barricade+1","Feel No Pain","Power Through","Berserk","Rage","Body Slam","True Grit","Carnage","Reckless Charge","Pummel","Brutality","Inflame+1","Necronomicurse","Body Slam+1"],"relics":["Burning Blood","NeowsBlessing","Turnip","Orichalcum","Gremlin Horn","Oddly Smooth Stone","Pandora\u0027s Box","Dream Catcher","Necronomicon"],"acts_visited":["Exordium","TheCity"],"potions_floor_usage":[24],"damage_taken":[{"damage":0.0,"enemies":"Small Slimes","floor":1.0,"turns":1.0},{"damage":0.0,"enemies":"Jaw Worm","floor":3.0,"turns":1.0},{"damage":0.0,"enemies":"Lagavulin","floor":6.0,"turns":1.0},{"damage":1.0,"enemies":"Cultist","floor":7.0,"turns":3.0},{"damage":24.0,"enemies":"Gremlin Nob","floor":8.0,"turns":4.0},{"damage":16.0,"enemies":"3 Sentries","floor":10.0,"turns":8.0},{"damage":14.0,"enemies":"3 Louse","floor":12.0,"turns":3.0},{"damage":0.0,"enemies":"Large Slime","floor":13.0,"turns":6.0},{"damage":6.0,"enemies":"2 Fungi Beasts","floor":14.0,"turns":4.0},{"damage":30.0,"enemies":"The Guardian","floor":16.0,"turns":13.0},{"damage":33.0,"enemies":"3 Byrds","floor":18.0,"turns":7.0},{"damage":21,"enemies":"Spheric Guardian","floor":22,"turns":4},{"damage":14,"enemies":"Slavers","floor":24,"turns":1}],"seed_played":"-4085712991098782359","potions_obtained":[{"floor":1.0,"key":"Energy Potion"},{"floor":8.0,"key":"SteroidPotion"},{"floor":10.0,"key":"ColorlessPotion"},{"floor":14.0,"key":"CultistPotion"}],"is_trial":false,"path_per_floor":["M","?","M","?","$","E","M","E","T","E","R","M","M","M","R","B",null,"M","?","?","?","M","R","E"],"character_chosen":"IRONCLAD","items_purchased":["Uppercut"],"campfire_rested":0,"item_purchase_floors":[5],"current_hp_per_floor":[78,83,85,85,85,85,85,67,67,57,57,49,55,55,55,31,72,45,45,45,29,14,14,0,0],"gold":288,"neow_bonus":"THREE_ENEMY_KILL","is_daily":false,"chose_seed":false,"campfire_upgraded":3,"win_rate":0.0,"timestamp":1611711072,"path_taken":["M","?","M","?","?","E","M","E","T","E","R","M","M","M","R","BOSS","M","?","?","?","M","R","E"],"items_purchased_type":["Card"],"build_version":"2020-12-22","purchased_purges":1,"victory":false,"max_hp_per_floor":[80,85,85,85,85,85,85,85,85,85,85,85,85,85,85,85,85,85,85,85,85,85,85,85,85],"card_choices":[{"not_picked":["Sentinel","Anger","Iron Wave"],"picked":"SKIP","floor":1.0},{"not_picked":["Headbutt","Exhume"],"picked":"Rampage","floor":3.0},{"not_picked":["Pommel Strike","Armaments"],"picked":"Headbutt","floor":6.0},{"not_picked":["Heavy Blade","Sword Boomerang"],"picked":"Disarm","floor":7.0},{"not_picked":["Heavy Blade","Sword Boomerang"],"picked":"Barricade","floor":8.0},{"not_picked":["Anger","Sever Soul","Pommel Strike"],"picked":"SKIP","floor":10.0},{"not_picked":["Pommel Strike","Armaments","Anger"],"picked":"SKIP","floor":12.0},{"not_picked":["Pommel Strike","True Grit"],"picked":"Feel No Pain","floor":13.0},{"not_picked":["Barricade","Whirlwind"],"picked":"Power Through","floor":14.0},{"not_picked":["Bludgeon","Demon Form"],"picked":"Berserk","floor":16.0},{"not_picked":["Heavy Blade","Cleave"],"picked":"Inflame+1","floor":18.0},{"not_picked":["Iron Wave","Armaments"],"picked":"Body Slam+1","floor":22}],"player_experience":95562,"relics_obtained":[{"floor":6.0,"key":"Turnip"},{"floor":8.0,"key":"Orichalcum"},{"floor":9.0,"key":"Gremlin Horn"},{"floor":10.0,"key":"Oddly Smooth Stone"},{"floor":21,"key":"Necronomicon"}],"event_choices":[{"damage_healed":0.0,"max_hp_gain":5.0,"max_hp_loss":0.0,"gold_gain":0.0,"event_name":"Big Fish","player_choice":"Donut","floor":2.0,"gold_loss":0.0,"damage_taken":0.0},{"damage_healed":0.0,"max_hp_gain":0.0,"max_hp_loss":0.0,"gold_gain":0.0,"event_name":"Liars Game","player_choice":"Ignored","floor":4.0,"gold_loss":0.0,"damage_taken":0.0},{"damage_healed":0.0,"max_hp_gain":0.0,"max_hp_loss":0.0,"gold_gain":0.0,"event_name":"Addict","player_choice":"Obtained Relic","floor":19.0,"gold_loss":85.0,"damage_taken":0.0,"relics_obtained":["Dream Catcher"]},{"cards_removed":["Demon Form"],"damage_healed":0.0,"max_hp_gain":0.0,"max_hp_loss":0.0,"gold_gain":0.0,"event_name":"Back to Basics","player_choice":"Elegance","floor":20.0,"gold_loss":0.0,"damage_taken":0.0},{"damage_healed":0,"gold_gain":0,"player_choice":"Obtained Book","damage_taken":16,"max_hp_gain":0,"max_hp_loss":0,"event_name":"Cursed Tome","floor":21,"gold_loss":0}],"is_beta":false,"boss_relics":[{"not_picked":["Tiny House","Velvet Choker"],"picked":"Pandora\u0027s Box"}],"items_purged_floors":[5],"is_endless":false,"potions_floor_spawned":[1,8,10,12,14,16,18,22],"killed_by":"Slavers","ascension_level":12}}