{"host":"x205naxbihvu3p76","time":1611736634,"event":{"mods":["AchievementEnabler","BaseMod","Minty Spire (QoL Compilation)","StSLib","SuperFastMode"],"gold_per_floor":[313,325,343,181,181,208,208,238,264,264,277,277,291,303,303,374,374,387,399,409,409,422,422,422],"floor_reached":23,"language":"KOR","playtime":484,"items_purged":["Defend_B"],"score":410,"play_id":"1b80822c-f16c-4b3f-a9a2-31dca0c5dc3a","local_time":"20210127173714","is_ascension_mode":true,"campfire_choices":[{"floor":10,"key":"REST"},{"data":"Hello World","floor":12,"key":"SMITH"},{"data":"Recycle","floor":15,"key":"SMITH"}],"circlet_count":0,"master_deck":["AscendersBane","Strike_B","Strike_B","Defend_B","Defend_B","Defend_B","Zap","Dualcast","Barrage","Sweeping Beam","Rip and Tear","Hello World+1","Cold Snap","Recycle+1","Ball Lightning","Biased Cognition","Coolheaded+1","BootSequence"],"relics":["Cracked Core","Old Coin","Tiny Chest","Bag of Marbles","Oddly Smooth Stone","Sozu"],"acts_visited":["Exordium","TheCity"],"potions_floor_usage":[6,16,16,22],"damage_taken":[{"damage":2,"enemies":"Jaw Worm","floor":1,"turns":4},{"damage":1,"enemies":"Small Slimes","floor":2,"turns":3},{"damage":1,"enemies":"Cultist","floor":3,"turns":4},{"damage":10,"enemies":"Gremlin Nob","floor":6,"turns":3},{"damage":35,"enemies":"3 Sentries","floor":8,"turns":5},{"damage":6,"enemies":"Looter","floor":11,"turns":3},{"damage":6,"enemies":"Red Slaver","floor":13,"turns":3},{"damage":0,"enemies":"Large Slime","floor":14,"turns":4},{"damage":13,"enemies":"Hexaghost","floor":16,"turns":8},{"damage":3,"enemies":"Spheric Guardian","floor":18,"turns":3},{"damage":0,"enemies":"Chosen","floor":19,"turns":4},{"damage":26,"enemies":"Sentry and Sphere","floor":20,"turns":6},{"damage":2,"enemies":"3 Cultists","floor":22,"turns":5},{"damage":26,"enemies":"Gremlin Leader","floor":23,"turns":2}],"seed_played":"4523866224582162472","potions_obtained":[{"floor":1,"key":"Strength Potion"},{"floor":2,"key":"PowerPotion"},{"floor":11,"key":"SteroidPotion"},{"floor":14,"key":"PowerPotion"},{"floor":16,"key":"Weak Potion"}],"is_trial":false,"path_per_floor":["M","M","M","$","?","E","?","E","T","R","M","R","M","M","R","B",null,"M","M","M","?","M","E"],"character_chosen":"DEFECT","items_purchased":["Rip and Tear"],"campfire_rested":1,"item_purchase_floors":[4],"current_hp_per_floor":[62,61,60,60,60,50,50,15,15,36,30,30,24,24,24,11,56,53,53,27,27,25,0,0],"gold":422,"neow_bonus":"ONE_RARE_RELIC","is_daily":false,"chose_seed":false,"campfire_upgraded":2,"win_rate":0.0,"timestamp":1611736634,"path_taken":["M","M","M","$","?","E","?","E","T","R","?","R","M","M","R","BOSS","M","M","M","?","M","E"],"items_purchased_type":["Card"],"build_version":"2020-12-22","purchased_purges":1,"victory":false,"max_hp_per_floor":[71,71,71,71,71,71,71,71,71,71,71,71,71,71,71,71,71,71,71,71,71,71,71,71],"card_choices":[{"not_picked":["Gash","Self Repair"],"picked":"Barrage","floor":1},{"not_picked":["Hologram","Beam Cell"],"picked":"Sweeping Beam","floor":2},{"not_picked":["Tempest","Redo","Conserve Battery"],"picked":"SKIP","floor":3},{"not_picked":["Redo","Amplify","Sweeping Beam"],"picked":"SKIP","floor":6},{"not_picked":["Storm","Rip and Tear"],"picked":"Cold Snap","floor":8},{"not_picked":["Rebound","Barrage","Sunder"],"picked":"SKIP","floor":11},{"not_picked":["Recycle","Streamline","Rebound"],"picked":"SKIP","floor":13},{"not_picked":["Streamline","Rebound"],"picked":"Recycle","floor":13},{"not_picked":["Beam Cell","Gash"],"picked":"Ball Lightning","floor":14},{"not_picked":["Multi-Cast","All For One"],"picked":"Biased Cognition","floor":16},{"not_picked":["Rebound","Steam Power+1"],"picked":"Coolheaded+1","floor":18},{"not_picked":["Gash","Coolheaded","Beam Cell+1"],"picked":"SKIP","floor":19},{"not_picked":["Hello World","Compile Driver","Force Field"],"picked":"SKIP","floor":20},{"not_picked":["Turbo","Redo"],"picked":"BootSequence","floor":22}],"player_experience":1004446,"relics_obtained":[{"floor":6,"key":"Tiny Chest"},{"floor":8,"key":"Bag of Marbles"},{"floor":9,"key":"Oddly Smooth Stone"}],"event_choices":[{"damage_healed":0,"gold_gain":0,"player_choice":"Ignored","damage_taken":0,"max_hp_gain":0,"max_hp_loss":0,"event_name":"Liars Game","floor":5,"gold_loss":0},{"damage_healed":0,"gold_gain":0,"cards_transformed":["Strike_B"],"player_choice":"Transformed","damage_taken":0,"max_hp_gain":0,"max_hp_loss":0,"event_name":"Transmorgrifier","floor":7,"gold_loss":0,"cards_obtained":["Hello World"]},{"cards_removed":["Strike_B"],"damage_healed":0,"gold_gain":0,"player_choice":"Card Removal","damage_taken":0,"max_hp_gain":0,"max_hp_loss":0,"event_name":"Wheel of Change","floor":21,"gold_loss":0}],"is_beta":false,"boss_relics":[{"not_picked":["SacredBark","Tiny House"],"picked":"Sozu"}],"items_purged_floors":[4],"is_endless":false,"potions_floor_spawned":[1,2,11,14,16,19,20,22],"killed_by":"Gremlin Leader","ascension_level":20}}