{"host":"bpkhhmvsfrvlto2l","time":1611763202,"event":{"mods":["2.2 Compatiblity","AchievementEnabler","Act Like it!","AlwaysNeverKeys","Aspiration","BaseMod","Better Silent Start","Challenge The Spire","Colored Map","Colored Powertips","Custom Start","Energized Spire","Friendly Minions","GifTheSpireLib","Halation","Hubris","Infinite Spire","Ironclad Rager","Mimic Mod","Minty Spire (QoL Compilation)","Permanent Neow","Quick Restart","Random Character Button","Relic Sorter","Replay The Spire","Spikes Relics","StSLib","Stuff the Spire","Swap Starting Deck Mod","Trackpad"],"gold_per_floor":[112,112,126,141,157,157,157,157,192,192,44,79,79,109,109,213,213,225,73,73,73,85,114,127,127,127,157,157,157,190,208,208,311,311,328,344,363,72,72,102,114,131,156,173,204,204,204,216,216,216],"floor_reached":51,"language":"ENG","playtime":1096,"items_purged":[],"score":1143,"play_id":"e66c886b-36b6-4655-b433-615c199a9e96","local_time":"20210127110002","is_ascension_mode":true,"campfire_choices":[{"data":"Pray","floor":6,"key":"SMITH"},{"data":"Prostrate","floor":8,"key":"SMITH"},{"data":"Prostrate","floor":10,"key":"SMITH"},{"data":"Prostrate","floor":13,"key":"SMITH"},{"data":"Prostrate","floor":15,"key":"SMITH"},{"data":"Prostrate","floor":25,"key":"SMITH"},{"floor":29,"key":"REST"},{"data":"ReachHeaven","floor":32,"key":"SMITH"},{"data":"Brilliance","floor":47,"key":"SMITH"},{"data":"Ragnarok","floor":49,"key":"SMITH"}],"circlet_count":0,"master_deck":["ReachHeaven","ReachHeaven","ReachHeaven+1","ReachHeaven","Prostrate+1","Prostrate+1","Prostrate+1","Prostrate+1","Prostrate+1","Pray+1","Ragnarok+1","Brilliance+1"],"relics":["PureWater","hubris:Icosahedron","Centennial Puzzle","SpikesRelics:DaevaFist","StuffTheSpire:Mouthbags","Omamori","Blood Vial","Replay:WaspNest","Peace Pipe","hubris:GlazedTorus","Bottled Lightning","Orichalcum","Strange Spoon","Du-Vu Doll","StuffTheSpire:Experiment12","aspiration:TomeofQuesting","Durian"],"acts_visited":["Exordium","TheCity","TheBeyond"],"potions_floor_usage":[27,40,40,41,50],"damage_taken":[{"damage":0.0,"enemies":"Cultist","floor":1.0,"turns":2.0},{"damage":2,"enemies":"Small Slimes","floor":3,"turns":2},{"damage":0,"enemies":"Jaw Worm","floor":4,"turns":2},{"damage":13,"enemies":"Exordium Thugs","floor":5,"turns":2},{"damage":2,"enemies":"Lots of Slimes","floor":9,"turns":3},{"damage":0,"enemies":"Lots of Slimes","floor":12,"turns":3},{"damage":0,"enemies":"Lagavulin","floor":14,"turns":2},{"damage":3,"enemies":"Fading Forest","floor":16,"turns":11},{"damage":4,"enemies":"3 Byrds","floor":18,"turns":2},{"damage":0,"enemies":"Chosen","floor":22,"turns":3},{"damage":2,"enemies":"Book of Stabbing","floor":23,"turns":2},{"damage":16,"enemies":"Snake Plant","floor":24,"turns":2},{"damage":11,"enemies":"Slavers","floor":27,"turns":2},{"damage":4,"enemies":"Sentry and Sphere","floor":30,"turns":3},{"damage":1,"enemies":"Sentry and Sphere","floor":31,"turns":3},{"damage":4,"enemies":"Champ","floor":33,"turns":3},{"damage":8,"enemies":"Orb Walker","floor":35,"turns":2},{"damage":6,"enemies":"3 Shapes","floor":36,"turns":2},{"damage":3,"enemies":"Jaw Worm Horde","floor":37,"turns":2},{"damage":63,"enemies":"Nemesis","floor":40,"turns":5},{"damage":6,"enemies":"Transient","floor":41,"turns":5},{"damage":7,"enemies":"4 Shapes","floor":42,"turns":2},{"damage":6,"enemies":"Jaw Worm Horde","floor":44,"turns":2},{"damage":15,"enemies":"R_Hoarder","floor":45,"turns":6},{"damage":10,"enemies":"Spire Growth","floor":48,"turns":2},{"damage":8,"enemies":"hubris:GrandSnecko","floor":50,"turns":4}],"seed_played":"2036894602429687348","potions_obtained":[{"floor":1.0,"key":"BlessingOfTheForge"},{"floor":14,"key":"Languid Potion"},{"floor":16,"key":"Dexterity Potion"},{"floor":24,"key":"SkillPotion"},{"floor":27,"key":"LiquidBronze"},{"floor":36,"key":"Fire Potion"},{"floor":44,"key":"PowerPotion"},{"floor":48,"key":"Explosive Potion"}],"is_trial":false,"path_per_floor":["M","?","M","M","M","R","?","R","MIM","R","$","MIM","R","E","R","B",null,"M","$","$","?","M","E","M","R","T","E","?","R","MIM","M","R_BF","B",null,"M","M","M","$","?","E","M","M","T","M","E","AVR","R","M","R","B",null],"character_chosen":"WATCHER","items_purchased":["SpikesRelics:DaevaFist","Blood Vial","Orichalcum","Strange Spoon"],"campfire_rested":1,"item_purchase_floors":[11,19,38,38],"current_hp_per_floor":[54,54,52,52,39,39,39,39,37,37,37,37,37,37,37,34,49,45,45,45,45,47,47,33,33,33,24,24,40,38,39,39,37,50,44,40,39,39,39,18,14,9,9,45,32,37,37,29,29,48],"gold":216,"neow_bonus":"","is_daily":false,"chose_seed":false,"campfire_upgraded":9,"win_rate":0.0,"timestamp":1611763202,"path_taken":["M","?","M","M","M","R","?","R","MIM","R","$","?","R","E","R","BOSS","M","?","$","?","M","E","M","R","T","E","?","R","?","M","R_BF","BOSS","M","M","M","$","?","E","M","M","T","M","E","AVR","R","M","R","BOSS"],"items_purchased_type":["Relic","Relic","Relic","Relic"],"build_version":"2020-12-22","purchased_purges":0,"victory":true,"max_hp_per_floor":[54,54,54,54,54,54,54,54,54,54,54,54,54,54,54,54,54,54,54,54,54,54,54,54,54,54,54,54,54,54,54,54,54,54,54,54,54,54,51,51,51,51,51,51,51,56,56,56,56,56],"card_choices":[{"not_picked":["Replay:AtTheReady+1","FlurryOfBlows","Replay:BluntJabs"],"picked":"SKIP","floor":24},{"not_picked":["Judgement","SpiritShield"],"picked":"Ragnarok","floor":33},{"not_picked":["Meditate+1","JustLucky"],"picked":"Brilliance","floor":40}],"player_experience":129866,"relics_obtained":[{"floor":9,"key":"Centennial Puzzle"},{"floor":12,"key":"StuffTheSpire:Mouthbags"},{"floor":14,"key":"Omamori"},{"floor":23,"key":"Replay:WaspNest"},{"floor":26,"key":"Peace Pipe"},{"floor":27,"key":"hubris:GlazedTorus"},{"floor":30,"key":"Bottled Lightning"},{"floor":40,"key":"Du-Vu Doll"},{"floor":43,"key":"StuffTheSpire:Experiment12"},{"floor":45,"key":"aspiration:TomeofQuesting"}],"event_choices":[{"damage_healed":0,"gold_gain":0,"player_choice":"Smashed Altar","damage_taken":0,"max_hp_gain":0,"max_hp_loss":0,"event_name":"Forgotten Altar","floor":21,"gold_loss":0,"cards_obtained":["Decay"]},{"damage_healed":0,"gold_gain":0,"player_choice":"Max HP","damage_taken":0,"max_hp_gain":0,"max_hp_loss":3,"event_name":"Winding Halls","floor":39,"gold_loss":0}],"is_beta":false,"boss_relics":[{"not_picked":["trackpad:Coffee","halation:Prosthetics","hubris:BlackHole"]},{"not_picked":["Empty Cage","energizedSpire:CrystalSphere","trackpad:StolenKidneys"]}],"items_purged_floors":[],"is_endless":false,"potions_floor_spawned":[1,14,16,23,24,27,36,44,48],"ascension_level":8}}