{"host":"nxnzcl474ro3ewbj","time":1611788784,"event":{"mods":["2.2 Compatiblity","Act Like it!","BaseMod","Better Third Choice","Better-Laid Plans","Colored Map","Custom Start","Highlight Path","Keyboard Shortcuts","Minty Spire (QoL Compilation)","Quick Restart","Rare Cards Sparkle","Relic Stats","Shop Mod","Slay the Relics Exporter","StSLib","SuperFastMode"],"gold_per_floor":[116,116,19,294,314,342,361,11,11,45,63,74,74,74,74,171,171,191,26,39,39,57,57,83,83,152,186,186,24,24,49,49,144,144,160,160,180,180,32,60,60,92,116,128,36,36,68,84,84,84],"floor_reached":51,"language":"KOR","playtime":1674,"items_purged":["Strike_R","Regret"],"score":1493,"play_id":"acaec8e6-f13d-4e96-a492-6bded7066e7f","local_time":"20210128080624","is_ascension_mode":true,"campfire_choices":[{"data":"Fire Breathing","floor":13.0,"key":"SMITH"},{"floor":15.0,"key":"REST"},{"data":"Sword Boomerang","floor":23.0,"key":"SMITH"},{"floor":25.0,"key":"REST"},{"data":"1","floor":28.0,"key":"LIFT"},{"data":"2","floor":32.0,"key":"LIFT"},{"data":"3","floor":41.0,"key":"LIFT"},{"data":"Master of Strategy","floor":49,"key":"SMITH"}],"circlet_count":0,"master_deck":["AscendersBane","Strike_R+1","Strike_R+1","Defend_R+1","Defend_R+1","Defend_R+1","Defend_R+1","Bash","Disarm","Shrug It Off","Ghostly Armor","Pummel","Sword Boomerang+1","Fire Breathing+1","Shrug It Off","Corruption+1","Armaments+1","Dark Embrace+1","Inflame+1","Fire Breathing+1","Shrug It Off","Inflame+1","Feel No Pain+1","Evolve+1","Immolate","Intimidate+1","Disarm+1","Power Through+1","Inflame+1","Mayhem+1","Master of Strategy+1"],"relics":["Burning Blood","NeowsBlessing","Ornamental Fan","Membership Card","Nunchaku","Bronze Scales","Dream Catcher","Art of War","Lantern","Frozen Egg 2","Empty Cage","Singing Bowl","Girya","Bottled Tornado","Eternal Feather","Pear","Bird Faced Urn","Black Star","Charon\u0027s Ashes","Calipers","Champion Belt","Strawberry","Mummified Hand","Regal Pillow","Lee\u0027s Waffle","Red Skull","Letter Opener"],"acts_visited":["Exordium","TheCity","TheBeyond"],"potions_floor_usage":[50,50],"damage_taken":[{"damage":0.0,"enemies":"2 Louse","floor":1.0,"turns":1.0},{"damage":0.0,"enemies":"Cultist","floor":5.0,"turns":1.0},{"damage":0.0,"enemies":"Gremlin Nob","floor":6.0,"turns":1.0},{"damage":2.0,"enemies":"Small Slimes","floor":7.0,"turns":4.0},{"damage":48.0,"enemies":"Lagavulin","floor":10.0,"turns":7.0},{"damage":9.0,"enemies":"2 Fungi Beasts","floor":11.0,"turns":4.0},{"damage":13.0,"enemies":"3 Louse","floor":12.0,"turns":4.0},{"damage":24.0,"enemies":"Slime Boss","floor":16.0,"turns":8.0},{"damage":12.0,"enemies":"2 Thieves","floor":18.0,"turns":4.0},{"damage":0.0,"enemies":"Chosen","floor":20.0,"turns":4.0},{"damage":16.0,"enemies":"Centurion and Healer","floor":22.0,"turns":6.0},{"damage":43.0,"enemies":"Slavers","floor":24.0,"turns":4.0},{"damage":10.0,"enemies":"Gremlin Leader","floor":27.0,"turns":4.0},{"damage":26.0,"enemies":"Slavers","floor":31.0,"turns":4.0},{"damage":29.0,"enemies":"Champ","floor":33.0,"turns":10.0},{"damage":22.0,"enemies":"3 Darklings","floor":35.0,"turns":4.0},{"damage":5.0,"enemies":"3 Shapes","floor":37.0,"turns":3.0},{"damage":10.0,"enemies":"Reptomancer","floor":40.0,"turns":4.0},{"damage":0.0,"enemies":"Nemesis","floor":42.0,"turns":5.0},{"damage":46.0,"enemies":"Transient","floor":44.0,"turns":5.0},{"damage":0.0,"enemies":"Giant Head","floor":47.0,"turns":6.0},{"damage":20,"enemies":"Writhing Mass","floor":48,"turns":4},{"damage":7,"enemies":"Time Eater","floor":50,"turns":6}],"seed_played":"-3780925183619122677","potions_obtained":[{"floor":5.0,"key":"PowerPotion"},{"floor":11.0,"key":"Fire Potion"},{"floor":12.0,"key":"CultistPotion"},{"floor":18.0,"key":"Ancient Potion"},{"floor":20.0,"key":"SpeedPotion"},{"floor":37.0,"key":"Swift Potion"}],"is_trial":false,"path_per_floor":["M","?","$","?","M","E","M","$","T","E","M","M","R","?","R","B",null,"M","$","M","?","M","R","E","R","T","E","R","$","?","E","R","B",null,"M","?","M","?","$","E","R","E","T","M","$","?","E","M","R","B",null],"character_chosen":"IRONCLAD","items_purchased":["Shrug It Off","Membership Card","Nunchaku","Bronze Scales","Dark Embrace+1","Singing Bowl","Evolve+1","Pear","Charon\u0027s Ashes","Inflame+1","Lee\u0027s Waffle"],"campfire_rested":2,"item_purchase_floors":[3,8,8,8,19,19,29,29,39,45,45],"current_hp_per_floor":[78,70,70,70,76,80,80,80,80,38,35,28,28,12,36,18,65,59,59,67,67,57,57,20,44,44,40,52,62,62,44,56,49,83,81,81,91,91,91,91,91,100,100,72,107,99,111,107,113,113],"gold":84,"neow_bonus":"THREE_ENEMY_KILL","is_daily":false,"chose_seed":false,"campfire_upgraded":3,"win_rate":0.0,"timestamp":1611788784,"path_taken":["M","?","?","?","?","E","M","$","T","E","M","M","R","?","R","BOSS","M","$","M","?","M","R","E","R","T","E","R","$","?","E","R","BOSS","M","?","M","?","?","E","R","E","T","M","$","?","E","M","R","BOSS"],"items_purchased_type":["Card","Relic","Relic","Relic","Card","Relic","Card","Relic","Relic","Card","Relic"],"build_version":"2020-12-22","purchased_purges":2,"victory":true,"max_hp_per_floor":[80,80,80,80,80,80,80,80,80,80,80,80,80,80,80,80,80,80,80,82,82,82,82,82,82,82,82,82,92,92,94,94,94,94,94,89,91,91,91,91,91,100,100,100,107,109,111,113,113,113],"relic_stats":{"Regal Pillow":0,"Lee\u0027s Waffle":35,"Singing Bowl":14,"counters":[23,103],"Eternal Feather":30,"Charon\u0027s Ashes":[280],"Letter Opener":[35],"Burning Blood":102,"Nunchaku":[11],"Dream Catcher":2,"Ornamental Fan":[44],"Mummified Hand":[32],"Bronze Scales":[273],"Bird Faced Urn":[90],"Art of War":[24],"Black Star":3,"Champion Belt":[4],"obtain_stats":[{"Lantern":14,"Regal Pillow":43,"Calipers":40,"Singing Bowl":19,"Bottled Tornado":26,"Empty Cage":17,"Burning Blood":0,"Nunchaku":8,"Dream Catcher":9,"Mummified Hand":42,"Strawberry":42,"Red Skull":47,"Girya":24,"Lee\u0027s Waffle":45,"Pear":29,"NeowsBlessing":0,"Eternal Feather":27,"Charon\u0027s Ashes":39,"Letter Opener":47,"Frozen Egg 2":14,"Ornamental Fan":6,"Bronze Scales":8,"Bird Faced Urn":31,"Art of War":10,"Black Star":34,"Membership Card":8,"Champion Belt":40},{"Lantern":7,"Regal Pillow":19,"Calipers":18,"Singing Bowl":9,"Bottled Tornado":12,"Empty Cage":8,"Burning Blood":0,"Nunchaku":4,"Dream Catcher":4,"Mummified Hand":19,"Strawberry":19,"Red Skull":21,"Girya":12,"Lee\u0027s Waffle":20,"Pear":13,"NeowsBlessing":0,"Eternal Feather":13,"Charon\u0027s Ashes":17,"Letter Opener":21,"Frozen Egg 2":7,"Ornamental Fan":3,"Bronze Scales":4,"Bird Faced Urn":14,"Art of War":5,"Black Star":15,"Membership Card":4,"Champion Belt":18},{"Lantern":22,"Regal Pillow":82,"Calipers":77,"Singing Bowl":34,"Bottled Tornado":48,"Empty Cage":30,"Burning Blood":0,"Nunchaku":7,"Dream Catcher":7,"Mummified Hand":82,"Strawberry":82,"Red Skull":93,"Girya":48,"Lee\u0027s Waffle":87,"Pear":52,"NeowsBlessing":0,"Eternal Feather":52,"Charon\u0027s Ashes":73,"Letter Opener":93,"Frozen Egg 2":22,"Ornamental Fan":3,"Bronze Scales":7,"Bird Faced Urn":56,"Art of War":14,"Black Star":66,"Membership Card":7,"Champion Belt":77}]},"card_choices":[{"not_picked":["Warcry","True Grit"],"picked":"Disarm","floor":1.0},{"not_picked":["Headbutt","Shockwave"],"picked":"Ghostly Armor","floor":5.0},{"not_picked":["Wild Strike","Reckless Charge"],"picked":"Pummel","floor":6.0},{"not_picked":["Hemokinesis","Rampage"],"picked":"Sword Boomerang","floor":7.0},{"not_picked":["Perfected Strike","Cleave"],"picked":"Fire Breathing","floor":10.0},{"not_picked":["Infernal Blade","Warcry","Sword Boomerang"],"picked":"SKIP","floor":11.0},{"not_picked":["Sentinel","Clash","Perfected Strike"],"picked":"SKIP","floor":12.0},{"not_picked":["Cleave","Warcry"],"picked":"Shrug It Off","floor":15.0},{"not_picked":["Immolate","Reaper"],"picked":"Corruption+1","floor":16.0},{"not_picked":["Thunderclap","Sword Boomerang"],"picked":"Armaments+1","floor":18.0},{"not_picked":["Flex","Blood for Blood","Pommel Strike"],"picked":"Singing Bowl","floor":20.0},{"not_picked":["Heavy Blade","Second Wind"],"picked":"Fire Breathing+1","floor":22.0},{"not_picked":["True Grit","Iron Wave"],"picked":"Shrug It Off","floor":24.0},{"not_picked":["Headbutt","Battle Trance"],"picked":"Inflame+1","floor":25.0},{"not_picked":["Feed","Fire Breathing+1"],"picked":"Feel No Pain+1","floor":27.0},{"not_picked":["Warcry","Perfected Strike","Second Wind"],"picked":"Singing Bowl","floor":31.0},{"not_picked":["Bludgeon","Reaper"],"picked":"Immolate","floor":33.0},{"not_picked":["Shrug It Off","Flex"],"picked":"Intimidate+1","floor":35.0},{"not_picked":["Twin Strike","Thunderclap","Body Slam"],"picked":"Singing Bowl","floor":37.0},{"not_picked":["Warcry+1","Rage"],"picked":"Disarm+1","floor":40.0},{"not_picked":["Immolate","Clash","Brutality+1"],"picked":"Singing Bowl","floor":42.0},{"not_picked":["Iron Wave","Perfected Strike"],"picked":"Power Through+1","floor":44.0},{"not_picked":["Thinking Ahead","Mind Blast"],"picked":"Mayhem+1","floor":46.0},{"not_picked":["Transmutation","Blind"],"picked":"Master of Strategy","floor":46.0},{"not_picked":["Swift Strike","Mind Blast","Purity"],"picked":"Singing Bowl","floor":46.0},{"not_picked":["Perfected Strike","Flex","Wild Strike"],"picked":"Singing Bowl","floor":47.0},{"not_picked":["Heavy Blade","Shrug It Off","Sword Boomerang"],"picked":"Singing Bowl","floor":48}],"player_experience":73781,"relics_obtained":[{"floor":6.0,"key":"Ornamental Fan"},{"floor":9.0,"key":"Dream Catcher"},{"floor":10.0,"key":"Art of War"},{"floor":24.0,"key":"Girya"},{"floor":26.0,"key":"Bottled Tornado"},{"floor":27.0,"key":"Eternal Feather"},{"floor":31.0,"key":"Bird Faced Urn"},{"floor":40.0,"key":"Calipers"},{"floor":40.0,"key":"Champion Belt"},{"floor":42.0,"key":"Strawberry"},{"floor":42.0,"key":"Mummified Hand"},{"floor":43.0,"key":"Regal Pillow"},{"floor":47.0,"key":"Red Skull"},{"floor":47.0,"key":"Letter Opener"}],"event_choices":[{"damage_healed":0.0,"max_hp_gain":0.0,"max_hp_loss":0.0,"gold_gain":0.0,"event_name":"Wheel of Change","player_choice":"Damaged","floor":2.0,"gold_loss":0.0,"damage_taken":8.0},{"damage_healed":0.0,"max_hp_gain":0.0,"max_hp_loss":0.0,"gold_gain":275.0,"event_name":"Golden Shrine","player_choice":"Desecrate","floor":4.0,"gold_loss":0.0,"damage_taken":0.0,"cards_obtained":["Regret"]},{"damage_healed":0.0,"max_hp_gain":0.0,"max_hp_loss":0.0,"gold_gain":1.0,"event_name":"betterThird:BetterScrap","player_choice":"Relic Relic ","floor":14.0,"gold_loss":0.0,"damage_taken":16.0,"cards_obtained":["Rainbow"]},{"damage_healed":0.0,"max_hp_gain":0.0,"max_hp_loss":0.0,"gold_gain":0.0,"event_name":"The Library","player_choice":"Read","floor":21.0,"gold_loss":0.0,"damage_taken":0.0,"cards_obtained":["Inflame"]},{"damage_healed":0.0,"max_hp_gain":0.0,"max_hp_loss":6.0,"gold_gain":0.0,"event_name":"betterThird:BetterWriting","player_choice":"Simplicity","floor":30.0,"gold_loss":0.0,"damage_taken":0.0},{"damage_healed":0.0,"max_hp_gain":0.0,"max_hp_loss":5.0,"gold_gain":0.0,"event_name":"Winding Halls","player_choice":"Max HP","floor":36.0,"gold_loss":0.0,"damage_taken":0.0},{"damage_healed":0.0,"max_hp_gain":0.0,"max_hp_loss":0.0,"gold_gain":0.0,"event_name":"Tomb of Lord Red Mask","player_choice":"Ignored","floor":38.0,"gold_loss":0.0,"damage_taken":0.0},{"damage_healed":0.0,"max_hp_gain":0.0,"max_hp_loss":0.0,"gold_gain":0.0,"event_name":"SensoryStone","player_choice":"Memory 3","floor":46.0,"gold_loss":0.0,"damage_taken":10.0}],"is_beta":false,"boss_relics":[{"not_picked":["Tiny House","Ectoplasm"],"picked":"Empty Cage"},{"not_picked":["Pandora\u0027s Box","Snecko Eye"],"picked":"Black Star"}],"items_purged_floors":[3,8],"is_endless":false,"potions_floor_spawned":[5,11,12,18,20,27,37,42,44,47],"ascension_level":12}}