{"host":"3a5itcmwo6ddh3id","time":1611776267,"event":{"mods":["BaseMod","Colored Map","Colored Powertips","Minty Spire (QoL Compilation)","Relic Stats"],"gold_per_floor":[116,116,135,36,36,65,65,82,82,112,140,165,194,237,249,334,346,368,392,4,4,4,4,4],"floor_reached":23,"language":"ENG","playtime":820,"items_purged":["Strike_B"],"score":472,"play_id":"de577472-bd06-4356-8c7b-fe216974e350","local_time":"20210127133747","is_ascension_mode":true,"campfire_choices":[{"data":"Static Discharge","floor":7.0,"key":"SMITH"},{"floor":15,"key":"REST"}],"circlet_count":0,"master_deck":["AscendersBane","Defend_B","Defend_B","Defend_B","Defend_B","Zap","Dualcast","Ball Lightning","Static Discharge+1","Ball Lightning","Buffer","Genetic Algorithm","Cold Snap","Gash","Chaos","Consume","Biased Cognition","FTL+1","Steam Power+1","Force Field+1","Barrage","Turbo","Loop","Decay"],"relics":["Cracked Core","NeowsBlessing","Pantograph","Sundial","Anchor","MawBank","Peace Pipe","Astrolabe","DataDisk"],"acts_visited":["Exordium","TheCity"],"potions_floor_usage":[14,18,19,23,23],"damage_taken":[{"damage":0.0,"enemies":"2 Louse","floor":1.0,"turns":1.0},{"damage":0.0,"enemies":"Small Slimes","floor":3.0,"turns":1.0},{"damage":0.0,"enemies":"Lagavulin","floor":6.0,"turns":1.0},{"damage":1.0,"enemies":"Cultist","floor":8.0,"turns":3.0},{"damage":10.0,"enemies":"3 Sentries","floor":10.0,"turns":5.0},{"damage":6.0,"enemies":"Exordium Thugs","floor":11.0,"turns":3.0},{"damage":6.0,"enemies":"2 Fungi Beasts","floor":12.0,"turns":3.0},{"damage":6.0,"enemies":"Large Slime","floor":13.0,"turns":4.0},{"damage":27,"enemies":"Gremlin Nob","floor":14,"turns":4},{"damage":31,"enemies":"Hexaghost","floor":16,"turns":7},{"damage":45,"enemies":"3 Byrds","floor":18,"turns":5},{"damage":14,"enemies":"Chosen","floor":19,"turns":6},{"damage":2,"enemies":"Gremlin Leader","floor":23,"turns":1}],"seed_played":"7554641956937726284","potions_obtained":[{"floor":1.0,"key":"DuplicationPotion"},{"floor":16,"key":"BlessingOfTheForge"},{"floor":18,"key":"Weak Potion"}],"is_trial":false,"path_per_floor":["M","?","M","$","?","E","R","M","T","E","M","M","M","E","R","B",null,"M","M","$","?","?","E"],"character_chosen":"DEFECT","items_purchased":["Static Discharge","Fire Potion","DataDisk","Loop","FocusPotion","Fire Potion"],"campfire_rested":1,"item_purchase_floors":[4,4,20,20,20,20],"current_hp_per_floor":[64,59,59,59,71,71,71,70,70,60,54,48,42,15,36,30,61,16,2,2,2,2,0,0],"gold":4,"neow_bonus":"THREE_ENEMY_KILL","is_daily":false,"chose_seed":false,"campfire_upgraded":1,"win_rate":0.0,"timestamp":1611776267,"path_taken":["M","?","M","$","?","E","R","M","T","E","M","M","?","E","R","BOSS","M","M","$","?","?","E"],"items_purchased_type":["Card","Potion","Relic","Card","Potion","Potion"],"build_version":"2020-12-22","purchased_purges":1,"victory":false,"max_hp_per_floor":[71,71,71,71,71,71,71,71,71,71,71,71,71,71,71,71,71,71,71,71,71,71,71,71],"relic_stats":{"Peace Pipe":0,"counters":[13,44],"Sundial":[4],"Pantograph":25,"Astrolabe":["FTL","Steam Power","Force Field"],"MawBank":120,"obtain_stats":[{"Peace Pipe":14,"Anchor":9,"DataDisk":20,"NeowsBlessing":0,"Sundial":6,"Pantograph":2,"Astrolabe":17,"Cracked Core":0,"MawBank":10},{"Peace Pipe":9,"Anchor":4,"DataDisk":12,"NeowsBlessing":0,"Sundial":3,"Pantograph":1,"Astrolabe":10,"Cracked Core":0,"MawBank":5},{"Peace Pipe":25,"Anchor":6,"DataDisk":43,"NeowsBlessing":0,"Sundial":3,"Pantograph":1,"Astrolabe":32,"Cracked Core":0,"MawBank":11}]},"card_choices":[{"not_picked":["Scrape","Hologram"],"picked":"FTL","floor":1.0},{"not_picked":["Lockon","Force Field"],"picked":"Ball Lightning","floor":3.0},{"not_picked":["Rip and Tear","Leap"],"picked":"Ball Lightning","floor":6.0},{"not_picked":["Sweeping Beam","Self Repair"],"picked":"Buffer","floor":8.0},{"not_picked":["Reinforced Body","Darkness"],"picked":"Genetic Algorithm","floor":10.0},{"not_picked":["Go for the Eyes","Barrage"],"picked":"Cold Snap","floor":11.0},{"not_picked":["Redo","Hologram"],"picked":"Gash","floor":12.0},{"not_picked":["Beam Cell","Barrage"],"picked":"Chaos","floor":13.0},{"not_picked":["Gash","Thunder Strike"],"picked":"Consume","floor":14},{"not_picked":["Fission","Electrodynamics"],"picked":"Biased Cognition","floor":16},{"not_picked":["Hologram","Compile Driver+1"],"picked":"Barrage","floor":18},{"not_picked":["Gash","Ball Lightning"],"picked":"Turbo","floor":19}],"player_experience":1101947,"relics_obtained":[{"floor":6.0,"key":"Sundial"},{"floor":9.0,"key":"Anchor"},{"floor":10.0,"key":"MawBank"},{"floor":14,"key":"Peace Pipe"}],"event_choices":[{"damage_healed":0.0,"max_hp_gain":0.0,"max_hp_loss":0.0,"gold_gain":0.0,"event_name":"Scrap Ooze","player_choice":"Success","floor":2.0,"gold_loss":0.0,"damage_taken":5.0,"relics_obtained":["Pantograph"]},{"cards_removed":["FTL"],"damage_healed":12.0,"max_hp_gain":0.0,"max_hp_loss":0.0,"gold_gain":0.0,"event_name":"Bonfire Elementals","player_choice":"Offered Uncommon","floor":5.0,"gold_loss":0.0,"damage_taken":0.0},{"damage_healed":0,"gold_gain":0,"player_choice":"Ignored","damage_taken":0,"max_hp_gain":0,"max_hp_loss":0,"event_name":"Cursed Tome","floor":21,"gold_loss":0},{"damage_healed":0,"gold_gain":0,"player_choice":"Smashed Altar","damage_taken":0,"max_hp_gain":0,"max_hp_loss":0,"event_name":"Forgotten Altar","floor":22,"gold_loss":0,"cards_obtained":["Decay"]}],"is_beta":false,"boss_relics":[{"not_picked":["Sozu","Philosopher\u0027s Stone"],"picked":"Astrolabe"}],"items_purged_floors":[20],"is_endless":false,"potions_floor_spawned":[1,6,8,16,18],"killed_by":"Gremlin Leader","ascension_level":20}}