{"host":"8rqsnaeml9gxb0kp","time":1611712362,"event":{"mods":["AchievementEnabler","BaseMod","Dark Map","Minty Spire (QoL Compilation)","StSLib"],"gold_per_floor":[110,130,149,168,181,211,222,222,248,260,260,260,272,295,307,418,430,456,468,254,272,272,304,304,317,317,317,317,317,217,66,66,165,165,178,34,53,53,53,53,68,68,92,92,92,2,37,52,52,52,52],"floor_reached":50,"language":"ENG","playtime":2335,"items_purged":["Strike_R","Decay"],"score":809,"play_id":"19598649-7082-420e-a33f-e881a943217b","local_time":"20210126175242","is_ascension_mode":true,"campfire_choices":[{"floor":8.0,"key":"REST"},{"floor":11.0,"key":"REST"},{"floor":13.0,"key":"REST"},{"data":"Armaments","floor":15.0,"key":"SMITH"},{"floor":24.0,"key":"REST"},{"floor":29.0,"key":"REST"},{"data":"Rupture","floor":32.0,"key":"SMITH"},{"floor":40.0,"key":"REST"},{"data":"Double Tap","floor":44.0,"key":"SMITH"},{"floor":49.0,"key":"REST"}],"circlet_count":0,"master_deck":["AscendersBane","Strike_R","Defend_R","Defend_R","Defend_R","Bash","Pummel","Inflame","Flex+1","Hemokinesis","Battle Trance","Sword Boomerang","Shrug It Off","Armaments+1","Shrug It Off","Carnage+1","Reaper+1","Bloodletting+1","Impervious+1","Juggernaut+1","Rupture+1","Power Through","Shockwave","Flex","Rupture","Cleave","Offering","Uppercut","Flex+1","Blood for Blood","Double Tap+1","CurseOfTheBell","Spot Weakness","Pummel+1","Combust","Spot Weakness+1","Sword Boomerang+1"],"relics":["Runic Pyramid","Dream Catcher","Art of War","MawBank","Astrolabe","Whetstone","Ornamental Fan","Regal Pillow","Orrery","Calling Bell","Red Skull","Shuriken","Thread and Needle","Brimstone","Juzu Bracelet","Smiling Mask"],"acts_visited":["Exordium","TheCity","TheBeyond"],"potions_floor_usage":[50],"damage_taken":[{"damage":9.0,"enemies":"Jaw Worm","floor":1.0,"turns":4.0},{"damage":0.0,"enemies":"Small Slimes","floor":2.0,"turns":4.0},{"damage":0.0,"enemies":"2 Louse","floor":3.0,"turns":3.0},{"damage":6.0,"enemies":"Exordium Wildlife","floor":4.0,"turns":5.0},{"damage":1.0,"enemies":"2 Fungi Beasts","floor":5.0,"turns":3.0},{"damage":27.0,"enemies":"3 Sentries","floor":6.0,"turns":7.0},{"damage":14.0,"enemies":"Looter","floor":7.0,"turns":3.0},{"damage":17.0,"enemies":"Gremlin Gang","floor":10.0,"turns":3.0},{"damage":15.0,"enemies":"Exordium Wildlife","floor":14.0,"turns":5.0},{"damage":33.0,"enemies":"Hexaghost","floor":16.0,"turns":10.0},{"damage":22.0,"enemies":"Chosen","floor":18.0,"turns":5.0},{"damage":26.0,"enemies":"Shell Parasite","floor":21.0,"turns":5.0},{"damage":43.0,"enemies":"Gremlin Leader","floor":23.0,"turns":9.0},{"damage":10.0,"enemies":"Snecko","floor":25.0,"turns":4.0},{"damage":89.0,"enemies":"Collector","floor":33.0,"turns":11.0},{"damage":28.0,"enemies":"3 Shapes","floor":35.0,"turns":2.0},{"damage":0.0,"enemies":"Orb Walker","floor":37.0,"turns":2.0},{"damage":39.0,"enemies":"4 Shapes","floor":41.0,"turns":5.0},{"damage":13.0,"enemies":"Nemesis","floor":47.0,"turns":5.0},{"damage":24.0,"enemies":"3 Darklings","floor":48.0,"turns":3.0},{"damage":69,"enemies":"Awakened One","floor":50,"turns":4}],"seed_played":"3198341031927512386","potions_obtained":[{"floor":1.0,"key":"Swift Potion"},{"floor":3.0,"key":"AttackPotion"},{"floor":5.0,"key":"ColorlessPotion"},{"floor":6.0,"key":"Block Potion"},{"floor":16.0,"key":"Fire Potion"},{"floor":23.0,"key":"SteroidPotion"},{"floor":25.0,"key":"SkillPotion"},{"floor":41.0,"key":"BlessingOfTheForge"},{"floor":47.0,"key":"BlessingOfTheForge"}],"is_trial":false,"path_per_floor":["M","M","M","M","M","E","M","R","T","M","R","?","R","M","R","B",null,"M","?","$","M","?","E","R","M","T","?","?","R","$","$","R","B",null,"M","$","M","?","$","R","M","?","T","R","$","?","E","M","R","B"],"character_chosen":"IRONCLAD","items_purchased":["Rupture","Power Through","Orrery","Brimstone"],"campfire_rested":7,"item_purchase_floors":[20,20,31,36],"current_hp_per_floor":[63,63,63,57,56,29,15,39,39,22,46,34,58,43,43,10,63,54,54,54,43,43,21,45,50,50,50,50,80,80,80,80,5,61,33,33,33,33,33,72,33,70,70,70,70,70,57,33,69,0,0],"gold":52,"neow_bonus":"BOSS_RELIC","is_daily":false,"chose_seed":false,"campfire_upgraded":3,"win_rate":0.0,"timestamp":1611712362,"path_taken":["M","M","M","M","M","E","M","R","T","M","R","?","R","M","R","BOSS","M","?","$","M","?","E","R","M","T","?","?","R","?","$","R","BOSS","M","$","M","?","$","R","M","?","T","R","?","?","E","M","R","BOSS"],"items_purchased_type":["Card","Card","Relic","Relic"],"build_version":"2020-12-22","purchased_purges":2,"victory":false,"max_hp_per_floor":[80,80,80,80,80,80,80,80,80,80,80,80,80,80,80,80,80,80,80,80,80,80,80,80,80,80,80,80,80,80,80,80,80,80,80,80,80,80,80,80,80,70,70,70,70,70,70,70,70,70,70],"card_choices":[{"not_picked":["Dual Wield","Havoc"],"picked":"Pummel","floor":1.0},{"not_picked":["Sentinel","Body Slam"],"picked":"Inflame","floor":2.0},{"not_picked":["Warcry","Sentinel","Rage"],"picked":"SKIP","floor":3.0},{"not_picked":["Body Slam","Warcry"],"picked":"Flex","floor":4.0},{"not_picked":["Shrug It Off","Clash"],"picked":"Hemokinesis","floor":5.0},{"not_picked":["Clash","Infernal Blade"],"picked":"Battle Trance","floor":6.0},{"not_picked":["Barricade","Searing Blow","Anger"],"picked":"SKIP","floor":7.0},{"not_picked":["Rampage","Dark Embrace"],"picked":"Sword Boomerang","floor":8.0},{"not_picked":["Wild Strike","Anger"],"picked":"Shrug It Off","floor":10.0},{"not_picked":["Searing Blow","Wild Strike"],"picked":"Armaments","floor":11.0},{"not_picked":["Sword Boomerang","Fire Breathing"],"picked":"Shrug It Off","floor":13.0},{"not_picked":["Infernal Blade","True Grit"],"picked":"Carnage","floor":14.0},{"not_picked":["Impervious","Corruption"],"picked":"Reaper","floor":16.0},{"not_picked":["Searing Blow","Havoc","Heavy Blade"],"picked":"SKIP","floor":18.0},{"not_picked":["Hemokinesis","Flame Barrier"],"picked":"Shockwave","floor":21.0},{"not_picked":["Burning Pact","Sentinel","Iron Wave"],"picked":"SKIP","floor":23.0},{"not_picked":["Power Through","Searing Blow"],"picked":"Flex","floor":24.0},{"not_picked":["Rage","Body Slam","Second Wind"],"picked":"SKIP","floor":25.0},{"not_picked":["Fire Breathing+1","Dropkick"],"picked":"Rupture","floor":29.0},{"not_picked":["Hemokinesis","Perfected Strike"],"picked":"Cleave","floor":31.0},{"not_picked":["Headbutt","Dual Wield+1"],"picked":"Offering","floor":31.0},{"not_picked":["Wild Strike","Headbutt"],"picked":"Uppercut","floor":31.0},{"not_picked":["Twin Strike","Warcry+1"],"picked":"Flex+1","floor":31.0},{"not_picked":["Sentinel","Clash"],"picked":"Blood for Blood","floor":31.0},{"not_picked":["Demon Form","Exhume"],"picked":"Double Tap","floor":33.0},{"not_picked":["Armaments","Cleave","Headbutt"],"picked":"SKIP","floor":35.0},{"not_picked":["Combust","Sword Boomerang"],"picked":"Spot Weakness","floor":37.0},{"not_picked":["Juggernaut","Anger+1"],"picked":"Pummel+1","floor":40.0},{"not_picked":["Shrug It Off+1","Havoc"],"picked":"Combust","floor":41.0},{"not_picked":["Thunderclap","Wild Strike"],"picked":"Spot Weakness+1","floor":47.0},{"not_picked":["Wild Strike+1","Reckless Charge","Clash"],"picked":"SKIP","floor":48.0},{"not_picked":["Sentinel","Iron Wave"],"picked":"Sword Boomerang+1","floor":49.0}],"player_experience":147288,"relics_obtained":[{"floor":6.0,"key":"Dream Catcher"},{"floor":9.0,"key":"Art of War"},{"floor":23.0,"key":"Whetstone"},{"floor":26.0,"key":"Ornamental Fan"},{"floor":34.0,"key":"Red Skull"},{"floor":34.0,"key":"Shuriken"},{"floor":34.0,"key":"Thread and Needle"},{"floor":43.0,"key":"Juzu Bracelet"},{"floor":47.0,"key":"Smiling Mask"}],"event_choices":[{"damage_healed":0.0,"max_hp_gain":0.0,"max_hp_loss":0.0,"gold_gain":0.0,"event_name":"Scrap Ooze","player_choice":"Success","floor":12.0,"gold_loss":0.0,"damage_taken":12.0,"relics_obtained":["MawBank"]},{"damage_healed":0.0,"max_hp_gain":0.0,"max_hp_loss":0.0,"gold_gain":0.0,"event_name":"Ghosts","player_choice":"Ignored","floor":19.0,"gold_loss":0.0,"damage_taken":0.0},{"damage_healed":0.0,"max_hp_gain":0.0,"max_hp_loss":0.0,"gold_gain":0.0,"event_name":"Cursed Tome","player_choice":"Ignored","floor":22.0,"gold_loss":0.0,"damage_taken":0.0},{"damage_healed":0.0,"max_hp_gain":0.0,"max_hp_loss":0.0,"gold_gain":0.0,"event_name":"Forgotten Altar","player_choice":"Smashed Altar","floor":27.0,"gold_loss":0.0,"damage_taken":0.0,"cards_obtained":["Decay"]},{"damage_healed":0.0,"max_hp_gain":0.0,"max_hp_loss":0.0,"gold_gain":0.0,"event_name":"The Mausoleum","player_choice":"Opened","floor":28.0,"gold_loss":0.0,"damage_taken":0.0,"relics_obtained":["Regal Pillow"]},{"damage_healed":0.0,"max_hp_gain":0.0,"max_hp_loss":0.0,"gold_gain":0.0,"event_name":"Mysterious Sphere","player_choice":"Ignored","floor":38.0,"gold_loss":0.0,"damage_taken":0.0},{"damage_healed":70.0,"max_hp_gain":0.0,"max_hp_loss":10.0,"gold_gain":0.0,"event_name":"The Moai Head","player_choice":"Heal","floor":42.0,"gold_loss":0.0,"damage_taken":0.0},{"cards_removed":["Strike_R"],"damage_healed":0.0,"max_hp_gain":0.0,"max_hp_loss":0.0,"gold_gain":0.0,"event_name":"Designer","player_choice":"Upgrade and Remove","floor":46.0,"gold_loss":90.0,"damage_taken":0.0,"cards_upgraded":["Flex"]}],"is_beta":false,"boss_relics":[{"not_picked":["Empty Cage","Fusion Hammer"],"picked":"Astrolabe"},{"not_picked":["Tiny House","Black Star"],"picked":"Calling Bell"}],"items_purged_floors":[20,30],"is_endless":false,"potions_floor_spawned":[1,3,5,6,16,23,25,41,47],"killed_by":"Awakened One","ascension_level":12}}