{"host":"p9t7qd83igtcp2bh","time":1611717893,"event":{"mods":["2.2 Compatiblity","AchievementEnabler","BaseMod","Colored Map","Colored Powertips","Custom Start","DeckTracker","Keyboard Shortcuts","Minty Spire (QoL Compilation)","Permanent Neow","StSLib","SuperFastMode","everything is the same but u backflip on backflip"],"gold_per_floor":[156,156,220,241,282,46,46,46],"floor_reached":7,"language":"KOR","playtime":144,"items_purged":["Normality"],"score":82,"play_id":"fad06de3-fd7f-4679-81c5-1cf6c8bcfeb2","local_time":"20210127122453","is_ascension_mode":true,"campfire_choices":[],"circlet_count":0,"master_deck":["AscendersBane","Strike_G","Strike_G","Strike_G","Strike_G","Strike_G","Defend_G","Defend_G","Defend_G","Defend_G","Defend_G","Survivor","Neutralize","HandOfGreed","Bouncing Flask","Dagger Spray","Backflip"],"relics":["Ring of the Snake","Golden Idol","PrismaticShard"],"acts_visited":["Exordium"],"potions_floor_usage":[7],"damage_taken":[{"damage":0.0,"enemies":"2 Louse","floor":1.0,"turns":4.0},{"damage":4.0,"enemies":"Jaw Worm","floor":4.0,"turns":2.0},{"damage":6.0,"enemies":"Cultist","floor":5.0,"turns":5.0},{"damage":32,"enemies":"3 Sentries","floor":7,"turns":6}],"seed_played":"-4543762259419321098","potions_obtained":[{"floor":5.0,"key":"CultistPotion"}],"is_trial":false,"path_per_floor":["M","?","?","M","M","$","E"],"character_chosen":"THE_SILENT","items_purchased":["PrismaticShard"],"campfire_rested":0,"item_purchase_floors":[6],"current_hp_per_floor":[59,36,36,32,26,26,0,0],"gold":46,"neow_bonus":"RANDOM_COLORLESS_2","is_daily":false,"chose_seed":false,"campfire_upgraded":0,"win_rate":0.0,"timestamp":1611717893,"path_taken":["M","?","?","M","M","$","E"],"items_purchased_type":["Relic"],"build_version":"2020-12-22","purchased_purges":1,"victory":false,"max_hp_per_floor":[66,66,66,66,66,66,66,66],"card_choices":[{"not_picked":["Violence","Panache"],"picked":"HandOfGreed","floor":0.0},{"not_picked":["Acrobatics","Blade Dance"],"picked":"Bouncing Flask","floor":1.0},{"not_picked":["Quick Slash","Backflip"],"picked":"Dagger Spray","floor":4.0},{"not_picked":["Flying Knee","Dodge and Roll"],"picked":"Backflip","floor":5.0}],"player_experience":687098,"relics_obtained":[],"event_choices":[{"damage_healed":0.0,"max_hp_gain":0.0,"max_hp_loss":0.0,"gold_gain":0.0,"event_name":"Golden Idol","player_choice":"Take Damage","floor":2.0,"gold_loss":0.0,"damage_taken":23.0,"relics_obtained":["Golden Idol"]},{"damage_healed":0.0,"max_hp_gain":0.0,"max_hp_loss":0.0,"gold_gain":64.0,"event_name":"Golden Wing","player_choice":"Gained Gold","floor":3.0,"gold_loss":0.0,"damage_taken":0.0}],"is_beta":false,"boss_relics":[],"items_purged_floors":[6],"is_endless":false,"potions_floor_spawned":[5],"killed_by":"3 Sentries","ascension_level":20}}