{"host":"v3oldak69fx1zt0p","time":1611789289,"event":{"mods":["BaseMod","Downfall","Hermit","Minty Spire (QoL Compilation)","Quick Restart","StSLib","Waifu the Spire","noobMod"],"gold_per_floor":[0,12,27,42,492,521,521,534,195,195,195,195,33,70,108,205,205,205,242,51,151,165,210,245,268,291,303,348,380,392,404,427,541,553,565,577,589,621,666,678,714,740,752,777,800,844,656,700,727,739],"floor_reached":51,"language":"ENG","playtime":2678,"items_purged":[],"score":1015,"play_id":"8fdec4d6-4af0-4111-b3b7-81c4eefb6886","local_time":"20210127171449","is_ascension_mode":true,"campfire_choices":[{"data":"bronze:Replicate","floor":1,"key":"SMITH"},{"floor":10,"key":"REST"},{"data":"bronze:SpaghettiCode","floor":18,"key":"SMITH"},{"floor":27,"key":"REST"},{"data":"Mayhem","floor":30,"key":"SMITH"},{"floor":35,"key":"REST"},{"floor":40,"key":"REST"},{"floor":43,"key":"RECALL"},{"data":"bronze:CleanCode","floor":47,"key":"SMITH"}],"circlet_count":0,"master_deck":["bronze:Replicate+1","bronze:Goto","bronze:WhirlingStrike","bronze:BugBarrage","bronze:Overheat","downfall:Icky","downfall:Icky","downfall:Icky","bronze:BuggyMess","bronze:Turbo","bronze:Flail","bronze:Frontload","HandOfGreed","bronze:WhirlingStrike","bronze:BronzeOrb","bronze:DelayedSlice","bronze:CleanCode+1","bronze:OilSpill","bronze:Fortify","bronze:FineTuning","bronze:Branch","bronze:Separator","bronze:SpaghettiCode+1","bronze:Constructor","bronze:Repair","bronze:Philosophize","bronze:Separator","bronze:Backtrace","bronze:WildBeam","bronze:DarkDash","bronze:FineTuning","Mayhem+1","bronze:Goto","bronze:Frontload","bronze:ForLoop","bronze:Format","Swift Strike","Regret","bronze:BurnOut","bronze:Separator","bronze:ChosenStrike","bronze:FineTuning+1","bronze:ClassDefault","bronze:Overheat","bronze:BuggyMess+1","bronze:Iterate","bronze:Repulsor","bronze:RecursiveStrike","bronze:Boost","bronze:SpaghettiCode+1","bronze:FineTuning","bronze:DarkDash+1","bronze:DarkDash","bronze:CleanCode","bronze:SpaghettiCode","bronze:Overload"],"relics":["bronze:BronzeCore","ice","Turnip","HornCleat","Dream Catcher","Kunai","Orrery","Pandora\u0027s Box","downfall:GremlinSack","MawBank","Art of War","FossilizedHelix","Sozu","Incense Burner","downfall:HeartBlessingRed","downfall:HeartBlessingBlue","Bag of Marbles"],"acts_visited":["Exordium","TheCity","TheBeyond"],"potions_floor_usage":[13,15,16,19,33],"damage_taken":[{"damage":7,"enemies":"2 Louse","floor":2,"turns":2},{"damage":11,"enemies":"Jaw Worm","floor":3,"turns":2},{"damage":0,"enemies":"Cultist","floor":4,"turns":2},{"damage":28,"enemies":"Gremlin Nob","floor":6,"turns":4},{"damage":19,"enemies":"Blue Slaver","floor":8,"turns":4},{"damage":0,"enemies":"downfall:FleeingMerchant","floor":9,"turns":4},{"damage":1,"enemies":"downfall:FleeingMerchant","floor":13,"turns":4},{"damage":0,"enemies":"Large Slime","floor":14,"turns":5},{"damage":6,"enemies":"2 Fungi Beasts","floor":15,"turns":3},{"damage":57,"enemies":"SI_SHIV_ARCHETYPE","floor":16,"turns":8},{"damage":0,"enemies":"3 Byrds","floor":19,"turns":4},{"damage":6,"enemies":"downfall:FleeingMerchant","floor":20,"turns":4},{"damage":0,"enemies":"downfall:FleeingMerchant","floor":21,"turns":3},{"damage":47,"enemies":"Cultist and Chosen","floor":22,"turns":5},{"damage":16,"enemies":"Slavers","floor":23,"turns":5},{"damage":9,"enemies":"3 Cultists","floor":25,"turns":4},{"damage":0,"enemies":"Shelled Parasite and Fungi","floor":26,"turns":1},{"damage":0,"enemies":"Book of Stabbing","floor":28,"turns":2},{"damage":0,"enemies":"Snecko","floor":29,"turns":2},{"damage":0,"enemies":"Centurion and Healer","floor":32,"turns":3},{"damage":11,"enemies":"IC_MUSHROOM_ARCHETYPE","floor":33,"turns":4},{"damage":0,"enemies":"3 Shapes","floor":38,"turns":2},{"damage":0,"enemies":"3 Darklings","floor":39,"turns":2},{"damage":0,"enemies":"Maw","floor":42,"turns":3},{"damage":0,"enemies":"Writhing Mass","floor":44,"turns":2},{"damage":8,"enemies":"Sphere and 2 Shapes","floor":45,"turns":2},{"damage":0,"enemies":"Nemesis","floor":46,"turns":3},{"damage":0,"enemies":"Giant Head","floor":48,"turns":5},{"damage":0,"enemies":"4 Shapes","floor":49,"turns":2},{"damage":12,"enemies":"WA_ARCHETYPE_DIVINITY","floor":50,"turns":5}],"seed_played":"4451414734021158660","potions_obtained":[{"floor":2,"key":"bronze:FreeFunctionsPotion"},{"floor":8,"key":"GamblersBrew"},{"floor":15,"key":"LiquidBronze"},{"floor":16,"key":"AttackPotion"},{"floor":21,"key":"EssenceOfSteel"},{"floor":22,"key":"Block Potion"},{"floor":29,"key":"CultistPotion"}],"is_trial":false,"path_per_floor":["R","M","M","M","?","E","T","M","$","R","?","?","$","M","M","B",null,"R","M","$","?","M","E","T","M","M","R","E","M","R","?","M","B",null,"R","?","?","M","M","R","T","M","R","M","M","E","R","E","M","B",null],"character_chosen":"THE_AUTOMATON","items_purchased":["bronze:Flail","bronze:Frontload","HandOfGreed","AttackPotion","Orrery","Mayhem"],"campfire_rested":4,"item_purchase_floors":[9,9,9,9,13,20],"current_hp_per_floor":[70,63,52,52,52,24,24,5,5,26,19,19,18,18,12,19,80,80,80,81,81,34,18,18,106,106,106,106,106,106,106,106,102,115,115,115,115,119,119,120,120,120,120,120,112,112,122,122,122,110],"gold":751,"neow_bonus":"ONE_RARE_RELIC","is_daily":false,"chose_seed":false,"campfire_upgraded":4,"win_rate":0.0,"timestamp":1611789289,"path_taken":["R","M","M","M","?","E","T","M","$","R","?","?","$","M","M","BOSS","R","M","$","?","M","E","T","?","M","R","E","M","R","?","M","BOSS","R","?","?","M","M","R","T","M","R","?","M","E","R","E","M","BOSS"],"items_purchased_type":["Card","Card","Card","Potion","Relic","Card"],"build_version":"2020-12-22","purchased_purges":0,"victory":true,"max_hp_per_floor":[70,70,70,70,70,70,70,70,70,70,70,70,70,70,70,80,80,80,85,90,91,95,103,103,106,106,106,108,108,108,108,110,115,115,115,115,115,119,120,120,120,121,121,122,132,135,145,147,155,157],"card_choices":[{"not_picked":["bronze:ChildClass","bronze:Shield"],"picked":"bronze:WhirlingStrike","floor":2},{"not_picked":["bronze:OilSpill","bronze:Shell"],"picked":"bronze:BugBarrage","floor":3},{"not_picked":["bronze:WhirlingStrike","bronze:FineTuning"],"picked":"bronze:Overheat","floor":4},{"not_picked":["bronze:DigitalCarnage","bronze:Return"],"picked":"bronze:ShipIt","floor":6},{"not_picked":["bronze:Turbo","bronze:BronzeArmor"],"picked":"bronze:BuggyMess","floor":8},{"not_picked":["bronze:Return","bronze:MaxOutput"],"picked":"bronze:Turbo","floor":9},{"not_picked":["bronze:BronzeArmor","bronze:BuggyMess"],"picked":"bronze:WhirlingStrike","floor":10},{"not_picked":["bronze:Invalidate","bronze:WhirlingStrike"],"picked":"bronze:BronzeOrb","floor":13},{"not_picked":["bronze:BuggyMess","bronze:Virus"],"picked":"bronze:DelayedSlice","floor":13},{"not_picked":["bronze:OilSpill","bronze:WildBeam"],"picked":"bronze:CleanCode","floor":13},{"not_picked":["bronze:CutThrough","bronze:Frontload"],"picked":"bronze:OilSpill","floor":13},{"not_picked":["bronze:Constructor","bronze:Iterate"],"picked":"bronze:Fortify","floor":13},{"not_picked":["bronze:BitShift","bronze:FollowUp"],"picked":"bronze:FineTuning","floor":13},{"not_picked":["bronze:Invalidate","bronze:Frontload"],"picked":"bronze:Branch","floor":14},{"not_picked":["bronze:CutThrough","bronze:Branch"],"picked":"bronze:Separator","floor":15},{"not_picked":["bronze:HardenedForm","bronze:Format"],"picked":"bronze:SpaghettiCode","floor":16},{"not_picked":["bronze:Overheat","bronze:WhirlingStrike"],"picked":"bronze:FineTuning","floor":19},{"not_picked":["bronze:Philosophize+1","bronze:BronzeArmor","bronze:Repulsor+1"],"picked":"SKIP","floor":20},{"not_picked":["bronze:FineTuning","bronze:WildBeam+1"],"picked":"bronze:BurnOut","floor":21},{"not_picked":["bronze:DelayedSlice","bronze:Branch"],"picked":"bronze:Separator","floor":22},{"not_picked":["bronze:Backtrace","bronze:Deprecate"],"picked":"bronze:ChosenStrike","floor":23},{"not_picked":["bronze:Return","bronze:Overload"],"picked":"bronze:FineTuning+1","floor":25},{"not_picked":["bronze:DelayedSlice+1","bronze:Fortify"],"picked":"bronze:ClassDefault","floor":26},{"not_picked":["bronze:Repulsor+1","bronze:Format"],"picked":"bronze:Overheat","floor":27},{"not_picked":["bronze:Deprecate+1","bronze:Shell"],"picked":"bronze:BuggyMess+1","floor":28},{"not_picked":["bronze:DelayedSlice","bronze:BuggyMess"],"picked":"bronze:Iterate","floor":29},{"not_picked":["bronze:Iterate+1","bronze:Separator+1"],"picked":"bronze:Repulsor","floor":32},{"not_picked":["bronze:ShipIt","bronze:BurnOut"],"picked":"bronze:RecursiveStrike","floor":33},{"not_picked":["bronze:FineTuning+1","bronze:MaxOutput"],"picked":"bronze:Boost","floor":35},{"not_picked":["bronze:FollowUp","bronze:Shell"],"picked":"bronze:FineTuning","floor":38},{"not_picked":["bronze:NullPointer+1","bronze:Deprecate+1"],"picked":"bronze:DarkDash+1","floor":39},{"not_picked":["bronze:Shell+1","bronze:Fortify"],"picked":"bronze:DarkDash","floor":42},{"not_picked":["bronze:DarkDash","bronze:BitShift","bronze:Frontload"],"picked":"SKIP","floor":44},{"not_picked":["bronze:NullPointer+1","bronze:Branch","bronze:Iterate+1"],"picked":"SKIP","floor":45},{"not_picked":["bronze:BitShift","bronze:BronzeArmor"],"picked":"bronze:CleanCode","floor":46},{"not_picked":["bronze:BronzeArmor+1","bronze:CleanCode"],"picked":"bronze:SpaghettiCode","floor":48},{"not_picked":["bronze:ForceShield","bronze:GetLatest"],"picked":"bronze:Overload","floor":49}],"player_experience":148096,"relics_obtained":[{"floor":6,"key":"HornCleat"},{"floor":7,"key":"Dream Catcher"},{"floor":21,"key":"downfall:GremlinSack"},{"floor":23,"key":"MawBank"},{"floor":24,"key":"Art of War"},{"floor":28,"key":"FossilizedHelix"},{"floor":46,"key":"Incense Burner"},{"floor":48,"key":"Bag of Marbles"}],"event_choices":[{"damage_healed":0,"gold_gain":0,"player_choice":"Success","damage_taken":7,"relics_obtained":["Kunai"],"max_hp_gain":0,"max_hp_loss":0,"event_name":"Scrap Ooze","floor":11,"gold_loss":0},{"damage_healed":0,"gold_gain":0,"player_choice":"Ignored","damage_taken":0,"max_hp_gain":0,"max_hp_loss":0,"event_name":"Ghosts","floor":31,"gold_loss":0},{"cards_removed":["bronze:ShipIt"],"damage_healed":0,"gold_gain":0,"player_choice":"Removed Attack","damage_taken":0,"max_hp_gain":0,"max_hp_loss":0,"event_name":"Falling","floor":36,"gold_loss":0}],"is_beta":false,"boss_relics":[{"not_picked":["Busted Crown","Runic Pyramid"],"picked":"Pandora\u0027s Box"},{"not_picked":["Coffee Dripper","SacredBark"],"picked":"Sozu"}],"items_purged_floors":[],"is_endless":false,"potions_floor_spawned":[2,8,15,16,21,22,23,29,33,38,42,46,49],"ascension_level":1}}