{"host":"JIN","time":1611753498,"event":{"mods":["BaseMod","Custom Start","DeckTracker","Minty Spire (QoL Compilation)","Shop Mod","StSLib","SuperFastMode"],"gold_per_floor":[110,110,120,132,132,157,157,157,180,207,234,234,259,292,292,365,365,377,377,412,444,444,444,477,477,477,509,509,542,542,542],"floor_reached":30,"language":"KOR","playtime":925,"items_purged":[],"score":966,"play_id":"cef9ed8a-9bab-4657-998f-a72763f375ad","local_time":"20210127221818","daily_mods":["SealedDeck","Heirloom","Flight","DeadlyEvents","Elite Swarm"],"is_ascension_mode":true,"campfire_choices":[{"data":"Loop","floor":8,"key":"SMITH"},{"data":"Coolheaded","floor":12,"key":"SMITH"},{"data":"Buffer","floor":15,"key":"SMITH"},{"data":"Fission","floor":23,"key":"SMITH"},{"data":"Capacitor","floor":25,"key":"SMITH"},{"data":"Defragment","floor":28,"key":"SMITH"}],"circlet_count":0,"master_deck":["Reinforced Body","Hologram","Cold Snap","Conserve Battery+1","Capacitor+1","Ball Lightning","Melter","Coolheaded+1","Genetic Algorithm+1","Loop+1","Compile Driver","Gash","Core Surge","Buffer+1","Biased Cognition","Core Surge","Fission+1","Defragment+1","Electrodynamics","Reboot"],"relics":["Cracked Core","Unceasing Top","Dream Catcher","Bronze Scales","DataDisk","Ancient Tea Set","War Paint","Omamori","Coffee Dripper","WarpedTongs","Cables","FossilizedHelix","Anchor","Question Card","Orichalcum"],"acts_visited":["Exordium","TheCity"],"potions_floor_usage":[10,27],"damage_taken":[{"damage":1.0,"enemies":"Jaw Worm","floor":1.0,"turns":4.0},{"damage":0,"enemies":"Cultist","floor":3,"turns":4},{"damage":3,"enemies":"Small Slimes","floor":4,"turns":3},{"damage":21,"enemies":"3 Sentries","floor":6,"turns":8},{"damage":4,"enemies":"Gremlin Nob","floor":10,"turns":3},{"damage":3,"enemies":"3 Sentries","floor":11,"turns":6},{"damage":0,"enemies":"Lagavulin","floor":13,"turns":5},{"damage":11,"enemies":"Gremlin Nob","floor":14,"turns":4},{"damage":0,"enemies":"The Guardian","floor":16,"turns":7},{"damage":19,"enemies":"2 Thieves","floor":18,"turns":4},{"damage":0,"enemies":"Gremlin Leader","floor":20,"turns":6},{"damage":6,"enemies":"Slavers","floor":21,"turns":6},{"damage":7,"enemies":"Book of Stabbing","floor":24,"turns":3},{"damage":0,"enemies":"Gremlin Leader","floor":27,"turns":4},{"damage":14,"enemies":"Book of Stabbing","floor":29,"turns":4},{"damage":21,"enemies":"Slavers","floor":30,"turns":1}],"seed_played":"-2981526847280190465","potions_obtained":[{"floor":1.0,"key":"FocusPotion"},{"floor":4,"key":"SkillPotion"},{"floor":13,"key":"Explosive Potion"},{"floor":27,"key":"SteroidPotion"},{"floor":29,"key":"Weak Potion"}],"is_trial":true,"path_per_floor":["M","?","M","M","?","E","$","R","T","E","E","R","E","E","R","B",null,"M","?","E","E","?","R","E","R","T","E","R","E","E"],"character_chosen":"DEFECT","items_purchased":[],"campfire_rested":0,"item_purchase_floors":[],"current_hp_per_floor":[63,63,63,60,65,44,44,44,44,40,37,37,37,26,26,26,64,45,45,45,39,39,39,32,32,32,32,32,18,0,0],"gold":542,"neow_bonus":"","is_daily":false,"chose_seed":false,"campfire_upgraded":6,"win_rate":0.0,"timestamp":1611753498,"path_taken":["M","?","M","?","?","E","$","R","T","E","E","R","E","?","R","BOSS","M","?","?","?","?","R","E","R","T","E","R","E","E"],"items_purchased_type":[],"build_version":"2020-12-18","purchased_purges":0,"victory":false,"max_hp_per_floor":[71,71,71,71,76,76,76,76,76,76,76,76,76,76,76,76,76,76,76,76,76,76,76,76,76,76,76,76,76,76,76],"card_choices":[{"not_picked":["Ball Lightning","Recycle"],"picked":"Compile Driver","floor":1.0},{"not_picked":["Coolheaded","Genetic Algorithm"],"picked":"Gash","floor":3},{"not_picked":["Barrage","Turbo","Leap"],"picked":"SKIP","floor":4},{"not_picked":["Seek","Machine Learning"],"picked":"Core Surge","floor":6},{"not_picked":["Meteor Strike","Seek"],"picked":"Buffer","floor":10},{"not_picked":["Reboot","Core Surge"],"picked":"Biased Cognition","floor":11},{"not_picked":["Biased Cognition","Amplify"],"picked":"Core Surge","floor":13},{"not_picked":["All For One","Core Surge","Rainbow"],"picked":"SKIP","floor":14},{"not_picked":["Creative AI","All For One"],"picked":"Fission","floor":16},{"not_picked":["Genetic Algorithm","Recycle"],"picked":"Defragment","floor":18},{"not_picked":["All For One","Reboot","Core Surge"],"picked":"SKIP","floor":20},{"not_picked":["Biased Cognition","Fission","Rainbow"],"picked":"SKIP","floor":21},{"not_picked":["Meteor Strike","All For One"],"picked":"Electrodynamics","floor":24},{"not_picked":["Reboot","Hyperbeam","Multi-Cast"],"picked":"SKIP","floor":27},{"not_picked":["Hyperbeam","Electrodynamics","Multi-Cast"],"picked":"Reboot","floor":29}],"player_experience":1213152,"relics_obtained":[{"floor":6,"key":"Dream Catcher"},{"floor":9,"key":"Bronze Scales"},{"floor":10,"key":"DataDisk"},{"floor":11,"key":"Ancient Tea Set"},{"floor":13,"key":"War Paint"},{"floor":14,"key":"Omamori"},{"floor":20,"key":"Cables"},{"floor":21,"key":"FossilizedHelix"},{"floor":24,"key":"Anchor"},{"floor":27,"key":"Question Card"},{"floor":29,"key":"Orichalcum"}],"event_choices":[{"damage_healed":0,"gold_gain":0,"player_choice":"Ignored","damage_taken":0,"max_hp_gain":0,"max_hp_loss":0,"event_name":"Purifier","floor":2,"gold_loss":0},{"damage_healed":0,"gold_gain":0,"player_choice":"Donut","damage_taken":0,"max_hp_gain":5,"max_hp_loss":0,"event_name":"Big Fish","floor":5,"gold_loss":0},{"damage_healed":0,"gold_gain":0,"player_choice":"Rummage","damage_taken":0,"relics_obtained":["WarpedTongs"],"max_hp_gain":0,"max_hp_loss":0,"event_name":"Accursed Blacksmith","floor":19,"gold_loss":0,"cards_obtained":["Pain"]},{"damage_healed":0,"gold_gain":0,"player_choice":"Ignored","damage_taken":0,"max_hp_gain":0,"max_hp_loss":0,"event_name":"Vampires","floor":22,"gold_loss":0}],"is_beta":true,"boss_relics":[{"not_picked":["Empty Cage","Runic Dome"],"picked":"Coffee Dripper"}],"items_purged_floors":[],"is_endless":false,"potions_floor_spawned":[1,4,6,13,18,27,29],"killed_by":"Slavers","ascension_level":20}}