{"host":"kpyf5rnb72uwap8k","time":1611722757,"event":{"mods":["AchievementEnabler","BaseMod","Colored Map","Colored Powertips","DeckTracker","Minty Spire (QoL Compilation)","Permanent Neow","Quick Restart","StSLib","SuperFastMode"],"gold_per_floor":[112,127,140,11,11,11,91,107,107,57,232,259,259,159,159,262,262,281,281,156,168,168,168,18,18,90,119,119,138,138,150,150,248,248,259,259,278,298,310,310,322,322,322,341,351,351,351,380,380,380,380],"floor_reached":50,"language":"KOR","playtime":1114,"items_purged":["Strike_R","Doubt","Strike_R","Strike_R"],"score":541,"play_id":"19f01b0b-c0ce-4298-ad62-0250d2be6643","local_time":"20210127134557","is_ascension_mode":true,"campfire_choices":[{"data":"Feel No Pain","floor":6.0,"key":"SMITH"},{"data":"Fire Breathing","floor":13.0,"key":"SMITH"},{"data":"Body Slam","floor":15.0,"key":"SMITH"},{"data":"Second Wind","floor":23.0,"key":"SMITH"},{"data":"Bash","floor":25.0,"key":"SMITH"},{"data":"Immolate","floor":28.0,"key":"SMITH"},{"data":"Wild Strike","floor":30.0,"key":"SMITH"},{"floor":32.0,"key":"REST"},{"floor":40.0,"key":"REST"},{"floor":42.0,"key":"REST"},{"data":"Power Through","floor":47.0,"key":"SMITH"},{"floor":49.0,"key":"REST"}],"circlet_count":0,"master_deck":["Strike_R","Defend_R","Defend_R","Defend_R","Defend_R","Bash+1","Wild Strike","Feel No Pain+1","True Grit+1","Body Slam+1","Fire Breathing+1","Immolate+1","Second Wind+1","Decay","True Grit+1","Wild Strike+1","Power Through+1","Feel No Pain+1"],"relics":["Burning Blood","MealTicket","Pantograph","Eternal Feather","Mark of Pain","The Courier","Shuriken","Black Star","Bronze Scales","Prayer Wheel","Art of War"],"acts_visited":["Exordium","TheCity","TheBeyond"],"potions_floor_usage":[50,50],"damage_taken":[{"damage":15.0,"enemies":"Small Slimes","floor":1.0,"turns":5.0},{"damage":3.0,"enemies":"2 Louse","floor":2.0,"turns":3.0},{"damage":6.0,"enemies":"Cultist","floor":3.0,"turns":3.0},{"damage":5.0,"enemies":"3 Louse","floor":8.0,"turns":4.0},{"damage":36.0,"enemies":"Gremlin Nob","floor":12.0,"turns":5.0},{"damage":35.0,"enemies":"Slime Boss","floor":16.0,"turns":6.0},{"damage":25.0,"enemies":"Shell Parasite","floor":18.0,"turns":5.0},{"damage":17.0,"enemies":"Spheric Guardian","floor":21.0,"turns":5.0},{"damage":29.0,"enemies":"Book of Stabbing","floor":27.0,"turns":5.0},{"damage":25.0,"enemies":"3 Cultists","floor":29.0,"turns":5.0},{"damage":23.0,"enemies":"Snake Plant","floor":31.0,"turns":3.0},{"damage":45.0,"enemies":"Automaton","floor":33.0,"turns":10.0},{"damage":53.0,"enemies":"3 Darklings","floor":35.0,"turns":5.0},{"damage":2.0,"enemies":"3 Shapes","floor":37.0,"turns":2.0},{"damage":36.0,"enemies":"Sphere and 2 Shapes","floor":38.0,"turns":6.0},{"damage":36.0,"enemies":"Jaw Worm Horde","floor":39.0,"turns":3.0},{"damage":17.0,"enemies":"Spire Growth","floor":41.0,"turns":6.0},{"damage":19.0,"enemies":"3 Darklings","floor":44.0,"turns":4.0},{"damage":27.0,"enemies":"4 Shapes","floor":45.0,"turns":6.0},{"damage":0.0,"enemies":"Maw","floor":46.0,"turns":2.0},{"damage":46.0,"enemies":"Reptomancer","floor":48.0,"turns":7.0},{"damage":77,"enemies":"Donu and Deca","floor":50,"turns":8}],"seed_played":"499379045130360281","potions_obtained":[{"floor":2.0,"key":"Explosive Potion"},{"floor":8.0,"key":"SkillPotion"},{"floor":19.0,"key":"SmokeBomb"},{"floor":19.0,"key":"DistilledChaos"},{"floor":35.0,"key":"AttackPotion"},{"floor":38.0,"key":"EssenceOfSteel"},{"floor":48.0,"key":"ElixirPotion"}],"is_trial":false,"path_per_floor":["M","M","M","$","?","R","?","M","T","?","?","E","R","$","R","B",null,"M","?","$","M","?","R","$","R","T","E","R","M","R","M","R","B",null,"M","?","M","M","M","R","M","R","T","M","M","M","R","E","R","B"],"character_chosen":"IRONCLAD","items_purchased":["True Grit"],"campfire_rested":4,"item_purchase_floors":[4],"current_hp_per_floor":[71,74,74,80,80,80,80,80,80,80,80,50,56,71,77,51,80,61,61,76,65,65,74,80,80,80,57,66,47,56,39,72,41,80,33,80,80,50,20,53,42,75,75,62,41,47,56,16,49,0,0],"gold":380,"neow_bonus":"RANDOM_COMMON_RELIC","is_daily":false,"chose_seed":false,"campfire_upgraded":8,"win_rate":0.0,"timestamp":1611722757,"path_taken":["M","M","M","$","?","R","?","M","T","?","?","E","R","$","R","BOSS","M","?","$","?","?","R","$","R","T","E","R","M","R","M","R","BOSS","M","?","M","M","?","R","M","R","T","M","M","M","R","E","R","BOSS"],"items_purchased_type":["Card"],"build_version":"2020-12-22","purchased_purges":4,"victory":false,"max_hp_per_floor":[80,80,80,80,80,80,80,80,80,80,80,80,80,80,80,80,80,80,80,80,80,80,80,80,80,80,80,80,80,80,80,80,80,80,80,80,80,80,80,80,80,80,80,80,80,80,80,80,80,80,80],"card_choices":[{"not_picked":["Anger","Cleave"],"picked":"Wild Strike","floor":1.0},{"not_picked":["Whirlwind","Seeing Red"],"picked":"Feel No Pain","floor":2.0},{"not_picked":["Clothesline","Twin Strike","Anger"],"picked":"SKIP","floor":3.0},{"not_picked":["Warcry","Dropkick"],"picked":"Body Slam","floor":8.0},{"not_picked":["Sentinel","Heavy Blade"],"picked":"Fire Breathing","floor":12.0},{"not_picked":["Bludgeon","Exhume"],"picked":"Immolate","floor":16.0},{"not_picked":["Flex","Twin Strike","Shrug It Off"],"picked":"SKIP","floor":18.0},{"not_picked":["Twin Strike","Spot Weakness"],"picked":"Second Wind","floor":21.0},{"not_picked":["Clash+1","Blood for Blood+1"],"picked":"True Grit+1","floor":27.0},{"not_picked":["Twin Strike","Warcry"],"picked":"Wild Strike","floor":29.0},{"not_picked":["Battle Trance","Twin Strike","Perfected Strike+1"],"picked":"SKIP","floor":31.0},{"not_picked":["Warcry+1","True Grit+1"],"picked":"Power Through","floor":35.0},{"not_picked":["Searing Blow+1","Thunderclap","Armaments+1"],"picked":"SKIP","floor":37.0},{"not_picked":["Shockwave+1","Dark Embrace+1","Dropkick"],"picked":"SKIP","floor":38.0},{"not_picked":["Blood for Blood","Metallicize+1"],"picked":"Feel No Pain+1","floor":39.0},{"not_picked":["Wild Strike+1","Iron Wave+1","Warcry+1"],"picked":"SKIP","floor":41.0},{"not_picked":["Wild Strike+1","Iron Wave+1","Warcry+1"],"picked":"SKIP","floor":41.0},{"not_picked":["True Grit","Warcry","Anger+1"],"picked":"SKIP","floor":44.0},{"not_picked":["Flex","Clash","Shrug It Off+1"],"picked":"SKIP","floor":45.0},{"not_picked":["Havoc","Thunderclap+1","Double Tap"],"picked":"SKIP","floor":48.0}],"player_experience":188153,"relics_obtained":[{"floor":9.0,"key":"Pantograph"},{"floor":12.0,"key":"Eternal Feather"},{"floor":26.0,"key":"The Courier"},{"floor":27.0,"key":"Shuriken"},{"floor":43.0,"key":"Bronze Scales"},{"floor":48.0,"key":"Prayer Wheel"},{"floor":48.0,"key":"Art of War"}],"event_choices":[{"damage_healed":0.0,"max_hp_gain":0.0,"max_hp_loss":0.0,"gold_gain":0.0,"event_name":"Living Wall","player_choice":"Grow","floor":5.0,"gold_loss":0.0,"damage_taken":0.0,"cards_upgraded":["True Grit"]},{"damage_healed":0.0,"max_hp_gain":0.0,"max_hp_loss":0.0,"gold_gain":80.0,"event_name":"Golden Wing","player_choice":"Gained Gold","floor":7.0,"gold_loss":0.0,"damage_taken":0.0},{"cards_removed":["Strike_R"],"damage_healed":0.0,"max_hp_gain":0.0,"max_hp_loss":0.0,"gold_gain":0.0,"event_name":"The Cleric","player_choice":"Card Removal","floor":10.0,"gold_loss":50.0,"damage_taken":0.0},{"damage_healed":0.0,"max_hp_gain":0.0,"max_hp_loss":0.0,"gold_gain":175.0,"event_name":"Liars Game","player_choice":"AGREE","floor":11.0,"gold_loss":0.0,"damage_taken":0.0,"cards_obtained":["Doubt"]},{"damage_healed":0.0,"max_hp_gain":0.0,"max_hp_loss":0.0,"gold_gain":0.0,"event_name":"Lab","player_choice":"Got Potions","floor":19.0,"gold_loss":0.0,"damage_taken":0.0},{"damage_healed":0.0,"max_hp_gain":0.0,"max_hp_loss":0.0,"gold_gain":0.0,"event_name":"Forgotten Altar","player_choice":"Smashed Altar","floor":22.0,"gold_loss":0.0,"damage_taken":0.0,"cards_obtained":["Decay"]},{"damage_healed":47.0,"max_hp_gain":0.0,"max_hp_loss":0.0,"gold_gain":0.0,"event_name":"Wheel of Change","player_choice":"Full Heal","floor":36.0,"gold_loss":0.0,"damage_taken":0.0}],"is_beta":false,"boss_relics":[{"not_picked":["Tiny House","Philosopher\u0027s Stone"],"picked":"Mark of Pain"},{"not_picked":["Sozu","SacredBark"],"picked":"Black Star"}],"items_purged_floors":[4,14,20,24],"is_endless":false,"potions_floor_spawned":[2,8,21,27,31,35,38,46,48],"killed_by":"Donu and Deca","ascension_level":2}}