{"host":"h1qktzcccqnez8tx","time":1611786236,"event":{"mods":["AchievementEnabler","BaseMod","Bestiary","Better Note","Block Reminder","Colored Map","Colored Powertips","Curses Come First","Highlight Path","Minty Spire (QoL Compilation)","Permanent Neow","Quick Restart","Relic Stats","StSLib","UnlockEverythingMod"],"gold_per_floor":[110,129,141,153,164,197,217,233,233,268,268,303,333,345,345,447,447,459,459,51,51,61,91,101,127,198,52,80,80,152,162,162,257,257,270,280,32,0,13,13,43,43,121,155,205,205,222,233,233,330,330,347,358,83,95,107,107,121,156,156,156,172,18,18,18,18,116,116,131,131,145,60,71,71,71,100,126,137,162,162,162,191,191,295,295,312,312,312,80,90,90,106,106,133,133,166,185,235,288,288,387,387,397,397,472,528,543,543,561,571,596,607,637,637,670,684,684,786,786,799,302,313,313,228,253,253,253,278,152,184,184,195,205,205,302,352,372,372,15,15,15,48,48,59,59,59],"floor_reached":145,"language":"ENG","playtime":7045,"items_purged":["CrushJoints","WindmillStrike+1","CrushJoints+1"],"score":5408,"play_id":"db5c18dc-a9d9-4fa6-93fa-a73cbf9172ee","local_time":"20210127232356","daily_mods":["Draft"],"is_ascension_mode":true,"campfire_choices":[{"data":"WindmillStrike","floor":11,"key":"SMITH"},{"floor":15,"key":"REST"},{"floor":32,"key":"REST"},{"data":"ThirdEye","floor":40,"key":"SMITH"},{"data":"Turbo","floor":46,"key":"SMITH"},{"data":"FlyingSleeves","floor":49,"key":"PURGE"},{"data":"Study","floor":57,"key":"PURGE"},{"data":"Scrawl","floor":66,"key":"SMITH"},{"data":"LikeWater","floor":74,"key":"PURGE"},{"floor":81,"key":"REST"},{"data":"FearNoEvil","floor":83,"key":"PURGE"},{"data":"Eruption+1","floor":91,"key":"PURGE"},{"data":"PathToVictory","floor":93,"key":"SMITH"},{"data":"PathToVictory","floor":95,"key":"SMITH"},{"data":"PathToVictory","floor":100,"key":"SMITH"},{"data":"PathToVictory","floor":108,"key":"SMITH"},{"data":"PathToVictory","floor":117,"key":"SMITH"},{"data":"DevaForm","floor":126,"key":"SMITH"},{"data":"PathToVictory","floor":131,"key":"SMITH"},{"data":"PathToVictory","floor":134,"key":"SMITH"},{"floor":143,"key":"REST"}],"circlet_count":0,"master_deck":["PathToVictory+1","Weave","JustLucky+1","ThirdEye+1","PathToVictory+1","PathToVictory+1","Weave+1","Weave","ThirdEye+1","Weave","ThirdEye+1","Scrawl+1","Turbo+1","PathToVictory+1","PathToVictory+1","ThirdEye+1","Blasphemy","PathToVictory+1","Purity","Wireheading+1","TalkToTheHand+1","PathToVictory+1","CutThroughFate+1","Weave+1","Weave+1","CutThroughFate+1","Worship+1","CutThroughFate+1","TalkToTheHand+1","PathToVictory+1","PathToVictory+1","TalkToTheHand+1","PathToVictory+1","DevaForm+1","PathToVictory+1","Necronomicurse","Establishment","FlurryOfBlows+1"],"relics":["PureWater","Peace Pipe","Pear","Anchor","Nunchaku","Darkstone Periapt","Runic Pyramid","Bottled Lightning","Sling","Kunai","Molten Egg 2","Letter Opener","Toolbox","Omamori","War Paint","The Courier","Cursed Key","Lee\u0027s Waffle","Red Mask","Gremlin Horn","Ornamental Fan","Shovel","Incense Burner","VioletLotus","Mercury Hourglass","Thread and Needle","Sozu","PreservedInsect","Empty Cage","DollysMirror","Lantern","CaptainsWheel","Ginger","Black Star","Toy Ornithopter","Mango","Regal Pillow","Blood Vial","Yang","Necronomicon","Juzu Bracelet","Tiny House","Bag of Preparation","Akabeko","Oddly Smooth Stone"],"acts_visited":["Exordium","TheCity","TheBeyond","Exordium","TheCity","TheBeyond","Exordium","TheCity","TheBeyond"],"potions_floor_usage":[6,12],"damage_taken":[{"damage":7,"enemies":"2 Louse","floor":1,"turns":2},{"damage":0,"enemies":"Cultist","floor":2,"turns":2},{"damage":5,"enemies":"Jaw Worm","floor":3,"turns":2},{"damage":0,"enemies":"Blue Slaver","floor":4,"turns":2},{"damage":4,"enemies":"Looter","floor":5,"turns":2},{"damage":0,"enemies":"Gremlin Nob","floor":6,"turns":2},{"damage":11,"enemies":"Gremlin Gang","floor":7,"turns":3},{"damage":5,"enemies":"Red Slaver","floor":8,"turns":2},{"damage":20,"enemies":"Lagavulin","floor":10,"turns":4},{"damage":14,"enemies":"Gremlin Nob","floor":12,"turns":4},{"damage":0,"enemies":"2 Fungi Beasts","floor":14,"turns":2},{"damage":18,"enemies":"The Guardian","floor":16,"turns":7},{"damage":0,"enemies":"Chosen","floor":18,"turns":2},{"damage":0,"enemies":"2 Thieves","floor":22,"turns":2},{"damage":0,"enemies":"Gremlin Leader","floor":23,"turns":2},{"damage":0,"enemies":"Centurion and Healer","floor":24,"turns":2},{"damage":16,"enemies":"Book of Stabbing","floor":25,"turns":3},{"damage":4,"enemies":"Slavers","floor":28,"turns":2},{"damage":0,"enemies":"3 Cultists","floor":31,"turns":2},{"damage":2,"enemies":"Collector","floor":33,"turns":3},{"damage":12,"enemies":"Orb Walker","floor":35,"turns":3},{"damage":8,"enemies":"3 Shapes","floor":36,"turns":3},{"damage":5,"enemies":"Maw","floor":39,"turns":3},{"damage":0,"enemies":"Giant Head","floor":41,"turns":3},{"damage":0,"enemies":"Nemesis","floor":44,"turns":3},{"damage":0,"enemies":"Mind Bloom Boss Battle","floor":45,"turns":3},{"damage":0,"enemies":"3 Darklings","floor":47,"turns":3},{"damage":0,"enemies":"Transient","floor":48,"turns":5},{"damage":9,"enemies":"Donu and Deca","floor":50,"turns":5},{"damage":0,"enemies":"2 Louse","floor":52,"turns":1},{"damage":0,"enemies":"Cultist","floor":53,"turns":2},{"damage":8,"enemies":"Jaw Worm","floor":55,"turns":2},{"damage":0,"enemies":"2 Fungi Beasts","floor":56,"turns":2},{"damage":0,"enemies":"Large Slime","floor":58,"turns":1},{"damage":0,"enemies":"Lagavulin","floor":59,"turns":2},{"damage":0,"enemies":"Exordium Thugs","floor":62,"turns":2},{"damage":0,"enemies":"Hexaghost","floor":67,"turns":3},{"damage":0,"enemies":"Chosen","floor":69,"turns":1},{"damage":0,"enemies":"3 Byrds","floor":71,"turns":3},{"damage":0,"enemies":"Shelled Parasite and Fungi","floor":73,"turns":2},{"damage":18,"enemies":"Slavers","floor":76,"turns":3},{"damage":0,"enemies":"Gremlin Leader","floor":77,"turns":1},{"damage":0,"enemies":"Snecko","floor":78,"turns":2},{"damage":22,"enemies":"Slavers","floor":79,"turns":2},{"damage":0,"enemies":"Book of Stabbing","floor":82,"turns":2},{"damage":0,"enemies":"Automaton","floor":84,"turns":4},{"damage":0,"enemies":"3 Darklings","floor":86,"turns":2},{"damage":0,"enemies":"Orb Walker","floor":90,"turns":3},{"damage":0,"enemies":"Transient","floor":92,"turns":5},{"damage":0,"enemies":"Giant Head","floor":94,"turns":3},{"damage":0,"enemies":"Reptomancer","floor":96,"turns":2},{"damage":0,"enemies":"4 Shapes","floor":97,"turns":3},{"damage":0,"enemies":"Mind Bloom Boss Battle","floor":98,"turns":2},{"damage":12,"enemies":"2 Orb Walkers","floor":99,"turns":2},{"damage":75,"enemies":"Time Eater","floor":101,"turns":5},{"damage":0,"enemies":"2 Louse","floor":103,"turns":1},{"damage":0,"enemies":"Lagavulin Event","floor":106,"turns":2},{"damage":0,"enemies":"Small Slimes","floor":107,"turns":1},{"damage":0,"enemies":"Cultist","floor":109,"turns":2},{"damage":0,"enemies":"Large Slime","floor":110,"turns":2},{"damage":0,"enemies":"3 Sentries","floor":111,"turns":2},{"damage":0,"enemies":"Looter","floor":112,"turns":1},{"damage":0,"enemies":"Gremlin Nob","floor":113,"turns":1},{"damage":0,"enemies":"Lagavulin","floor":115,"turns":2},{"damage":0,"enemies":"Blue Slaver","floor":116,"turns":2},{"damage":0,"enemies":"Slime Boss","floor":118,"turns":3},{"damage":8,"enemies":"Shell Parasite","floor":120,"turns":3},{"damage":21,"enemies":"2 Thieves","floor":122,"turns":2},{"damage":0,"enemies":"Gremlin Leader","floor":125,"turns":2},{"damage":0,"enemies":"Book of Stabbing","floor":128,"turns":3},{"damage":0,"enemies":"Gremlin Leader","floor":130,"turns":2},{"damage":0,"enemies":"Snake Plant","floor":132,"turns":3},{"damage":4,"enemies":"Shelled Parasite and Fungi","floor":133,"turns":3},{"damage":0,"enemies":"Automaton","floor":135,"turns":6},{"damage":0,"enemies":"Orb Walker","floor":137,"turns":3},{"damage":50,"enemies":"Nemesis","floor":142,"turns":3},{"damage":0,"enemies":"3 Darklings","floor":144,"turns":3},{"damage":124,"enemies":"Reptomancer","floor":145,"turns":2}],"seed_played":"4826371052560889020","potions_obtained":[{"floor":3,"key":"AttackPotion"},{"floor":5,"key":"Weak Potion"},{"floor":7,"key":"FearPotion"},{"floor":8,"key":"SteroidPotion"},{"floor":10,"key":"Block Potion"},{"floor":14,"key":"PowerPotion"}],"is_trial":true,"path_per_floor":["M","M","M","M","M","E","M","M","T","E","R","E","?","M","R","B",null,"M","?","$","?","M","E","M","E","T","$","E","?","T","M","R","B",null,"M","M","$","?","M","R","E","?","T","E","?","R","M","M","R","B",null,"M","M","$","M","M","R","M","E","T","?","M","$","?","?","R","B",null,"M","?","M","?","M","R","?","E","E","M","E","?","R","E","R","B",null,"M","?","?","$","M","R","M","R","E","R","E","M","?","?","R","B",null,"M","?","?","?","M","R","M","M","E","M","E","?","E","M","R","B",null,"M","$","M","?","?","E","R","?","E","$","E","R","M","M","R","B",null,"M","?","$","?","$","E","R","M","E"],"character_chosen":"WATCHER","items_purchased":["Bottled Lightning","Sling","Toolbox","Lee\u0027s Waffle","Purity","Mercury Hourglass","Weave+1","DollysMirror","Lantern","Mango","Regal Pillow","Blood Vial","Juzu Bracelet","Bag of Preparation","Akabeko","Oddly Smooth Stone"],"campfire_rested":4,"item_purchase_floors":[20,20,27,37,37,54,63,89,89,121,121,121,129,139,139,139],"current_hp_per_floor":[65,65,60,60,56,56,45,40,50,30,30,16,16,16,40,22,67,67,67,67,67,67,67,67,51,51,51,47,47,47,47,71,69,79,67,59,89,89,84,84,84,84,84,84,84,84,84,84,84,75,86,86,86,86,78,78,78,78,78,84,84,84,84,89,69,69,69,92,92,92,92,92,92,92,92,74,74,74,52,43,73,73,73,73,93,93,93,93,93,93,93,93,93,93,93,93,93,93,81,81,6,73,73,78,67,67,67,67,67,67,67,67,67,47,47,47,47,47,87,79,93,74,74,74,76,76,66,68,68,70,70,72,70,70,72,113,115,115,115,115,115,67,119,121,0,0],"gold":59,"neow_bonus":"","is_daily":false,"chose_seed":false,"campfire_upgraded":12,"win_rate":0.0,"timestamp":1611786236,"path_taken":["M","M","M","M","M","E","M","M","T","E","R","E","?","M","R","BOSS","M","?","$","?","M","E","M","E","T","$","E","?","?","M","R","BOSS","M","M","$","?","M","R","E","?","T","E","?","R","M","M","R","BOSS","M","M","$","M","M","R","M","E","T","?","?","$","?","?","R","BOSS","M","?","M","?","M","R","?","E","E","?","E","?","R","E","R","BOSS","M","?","?","$","M","R","M","R","E","R","E","?","?","?","R","BOSS","M","?","?","?","M","R","M","M","E","M","E","?","E","?","R","BOSS","M","$","M","?","?","E","R","?","E","$","E","R","M","M","R","BOSS","M","?","$","?","?","E","R","M","E"],"items_purchased_type":["Relic","Relic","Relic","Relic","Card","Relic","Card","Relic","Relic","Relic","Relic","Relic","Relic","Relic","Relic","Relic"],"build_version":"2020-12-22","purchased_purges":3,"victory":false,"max_hp_per_floor":[72,72,72,72,72,72,72,72,82,82,82,82,82,82,82,82,82,82,82,82,82,82,82,82,82,82,82,82,82,82,82,82,82,82,82,82,89,89,89,89,89,89,89,89,89,89,89,89,89,89,89,89,89,89,89,89,89,89,89,95,95,95,95,100,100,100,100,100,100,100,100,100,100,100,100,100,100,100,100,100,100,100,100,100,100,100,100,95,95,95,95,95,95,95,95,95,95,95,95,95,95,95,95,100,100,100,100,100,100,100,100,100,100,100,100,100,100,100,100,100,114,114,114,114,114,114,120,120,120,120,120,120,120,120,120,125,125,125,125,125,125,125,125,125,125,125],"relic_stats":{"Darkstone Periapt":12,"Regal Pillow":15,"Gremlin Horn":[33,33],"Yang":[145],"Juzu Bracelet":0,"Bag of Preparation":[6],"Ginger":[2],"Cursed Key":2,"Sozu":18,"Blood Vial":22,"Nunchaku":[84],"Shovel":0,"VioletLotus":[2],"Necronomicon":[0],"Kunai":[211],"Lee\u0027s Waffle":30,"counters":[78,199],"PreservedInsect":1218,"Letter Opener":[963],"War Paint":["PathToVictory","ThirdEye"],"Mercury Hourglass":[532],"Peace Pipe":8,"Ornamental Fan":[716],"Black Star":7,"obtain_stats":[{"Darkstone Periapt":13,"Lantern":89,"Regal Pillow":121,"Tiny House":136,"Gremlin Horn":41,"Mango":121,"Yang":124,"Incense Burner":45,"Juzu Bracelet":129,"Bag of Preparation":139,"Ginger":99,"Sling":20,"Cursed Key":34,"Empty Cage":85,"Sozu":68,"Blood Vial":121,"Nunchaku":12,"Shovel":44,"DollysMirror":89,"Toolbox":27,"VioletLotus":51,"Red Mask":38,"Necronomicon":127,"Kunai":23,"Runic Pyramid":17,"Lee\u0027s Waffle":37,"Pear":9,"Oddly Smooth Stone":139,"Thread and Needle":60,"The Courier":30,"PreservedInsect":72,"Omamori":28,"Letter Opener":26,"War Paint":29,"Akabeko":139,"Mercury Hourglass":54,"Peace Pipe":6,"Anchor":10,"CaptainsWheel":98,"Ornamental Fan":43,"Molten Egg 2":25,"Black Star":102,"Bottled Lightning":20,"PureWater":0,"Toy Ornithopter":106},{"Darkstone Periapt":10,"Lantern":47,"Regal Pillow":67,"Tiny House":74,"Gremlin Horn":24,"Mango":67,"Yang":68,"Incense Burner":26,"Juzu Bracelet":70,"Bag of Preparation":75,"Ginger":54,"Sling":13,"Cursed Key":20,"Empty Cage":46,"Sozu":37,"Blood Vial":67,"Nunchaku":10,"Shovel":25,"DollysMirror":47,"Toolbox":17,"VioletLotus":29,"Red Mask":22,"Necronomicon":69,"Kunai":15,"Runic Pyramid":12,"Lee\u0027s Waffle":22,"Pear":8,"Oddly Smooth Stone":75,"Thread and Needle":35,"The Courier":18,"PreservedInsect":39,"Omamori":18,"Letter Opener":17,"War Paint":18,"Akabeko":75,"Mercury Hourglass":31,"Peace Pipe":6,"Anchor":9,"CaptainsWheel":53,"Ornamental Fan":24,"Molten Egg 2":17,"Black Star":55,"Bottled Lightning":13,"PureWater":0,"Toy Ornithopter":57},{"Darkstone Periapt":25,"Lantern":120,"Regal Pillow":167,"Tiny House":188,"Gremlin Horn":64,"Mango":167,"Yang":169,"Incense Burner":70,"Juzu Bracelet":174,"Bag of Preparation":191,"Ginger":140,"Sling":36,"Cursed Key":52,"Empty Cage":118,"Sozu":98,"Blood Vial":167,"Nunchaku":25,"Shovel":67,"DollysMirror":120,"Toolbox":45,"VioletLotus":83,"Red Mask":58,"Necronomicon":171,"Kunai":40,"Runic Pyramid":34,"Lee\u0027s Waffle":58,"Pear":17,"Oddly Smooth Stone":191,"Thread and Needle":93,"The Courier":47,"PreservedInsect":102,"Omamori":47,"Letter Opener":45,"War Paint":47,"Akabeko":191,"Mercury Hourglass":86,"Peace Pipe":12,"Anchor":21,"CaptainsWheel":138,"Ornamental Fan":64,"Molten Egg 2":45,"Black Star":145,"Bottled Lightning":36,"PureWater":0,"Toy Ornithopter":148}],"Toy Ornithopter":0},"card_choices":[{"not_picked":["Prostrate","ClearTheMind"],"picked":"PathToVictory","floor":0},{"not_picked":["ClearTheMind","Pray"],"picked":"Weave","floor":0},{"not_picked":["Prostrate","FlyingSleeves"],"picked":"JustLucky","floor":0},{"not_picked":["MentalFortress","Crescendo"],"picked":"CutThroughFate","floor":0},{"not_picked":["DeceiveReality","LikeWater"],"picked":"ThirdEye","floor":0},{"not_picked":["Indignation","SignatureMove"],"picked":"PathToVictory","floor":0},{"not_picked":["JustLucky","Conclude"],"picked":"PathToVictory","floor":0},{"not_picked":["EmptyBody","FollowUp"],"picked":"Weave","floor":0},{"not_picked":["Prostrate","FlurryOfBlows"],"picked":"Weave","floor":0},{"not_picked":["Halt","Conclude"],"picked":"WindmillStrike","floor":0},{"not_picked":["Prostrate","Protect"],"picked":"ThirdEye","floor":0},{"not_picked":["Protect","Evaluate"],"picked":"CrushJoints","floor":0},{"not_picked":["Halt","ClearTheMind"],"picked":"FlyingSleeves","floor":0},{"not_picked":["Protect","FlurryOfBlows"],"picked":"LikeWater","floor":0},{"not_picked":["Evaluate","SignatureMove"],"picked":"Weave","floor":0},{"not_picked":["Protect","SignatureMove"],"picked":"FearNoEvil","floor":1},{"not_picked":["Consecrate","Crescendo"],"picked":"ThirdEye","floor":2},{"not_picked":["BowlingBash","SashWhip"],"picked":"Study","floor":3},{"not_picked":["Adaptation","Wireheading","WheelKick"],"picked":"SKIP","floor":4},{"not_picked":["EmptyMind","CrushJoints"],"picked":"Scrawl","floor":5},{"not_picked":["Adaptation","Swivel","JustLucky"],"picked":"SKIP","floor":6},{"not_picked":["SandsOfTime","Crescendo","Halt"],"picked":"SKIP","floor":7},{"not_picked":["Wireheading","Evaluate"],"picked":"CutThroughFate","floor":8},{"not_picked":["EmptyMind","Blasphemy","Protect"],"picked":"SKIP","floor":10},{"not_picked":["Consecrate","EmptyMind","SignatureMove"],"picked":"SKIP","floor":12},{"not_picked":["Collect","FlyingSleeves","Halt"],"picked":"SKIP","floor":14},{"not_picked":["FlyingSleeves","Crescendo"],"picked":"CrushJoints+1","floor":18},{"not_picked":["EmptyFist","ForeignInfluence+1","FlurryOfBlows"],"picked":"SKIP","floor":22},{"not_picked":["Consecrate","Pray","ClearTheMind"],"picked":"SKIP","floor":23},{"not_picked":["Sanctity","Halt"],"picked":"PathToVictory","floor":24},{"not_picked":["Evaluate","FlyingSleeves+1","Halt"],"picked":"SKIP","floor":25},{"not_picked":["MasterReality","FlurryOfBlows+1","Consecrate+1"],"picked":"SKIP","floor":28},{"not_picked":["BowlingBash+1","Crescendo"],"picked":"ThirdEye","floor":31},{"not_picked":["ConjureBlade","Devotion"],"picked":"Blasphemy","floor":33},{"not_picked":["EmptyFist+1","Prostrate","Protect"],"picked":"SKIP","floor":35},{"not_picked":["Indignation+1","Sanctity"],"picked":"PathToVictory","floor":36},{"not_picked":["WheelKick+1","EmptyFist+1"],"picked":"LikeWater+1","floor":39},{"not_picked":["WreathOfFlame+1","Evaluate","Consecrate+1"],"picked":"SKIP","floor":41},{"not_picked":["Pray","FlurryOfBlows+1"],"picked":"Wireheading+1","floor":44},{"not_picked":["Conclude+1","MentalFortress","DeceiveReality"],"picked":"SKIP","floor":47},{"not_picked":["Meditate+1","EmptyMind+1","Wallop+1"],"picked":"SKIP","floor":48},{"not_picked":["Wireheading","Crescendo"],"picked":"TalkToTheHand+1","floor":52},{"not_picked":["Halt","SashWhip+1","Prostrate"],"picked":"SKIP","floor":53},{"not_picked":["Wireheading","ClearTheMind"],"picked":"PathToVictory","floor":55},{"not_picked":["Consecrate+1","Crescendo"],"picked":"CutThroughFate+1","floor":56},{"not_picked":["WindmillStrike+1","CarveReality+1","ThirdEye"],"picked":"SKIP","floor":58},{"not_picked":["EmptyBody","EmptyFist+1","Adaptation"],"picked":"SKIP","floor":59},{"not_picked":["MasterReality","ThirdEye","Consecrate+1"],"picked":"SKIP","floor":62},{"not_picked":["Prostrate","Consecrate+1","ThirdEye"],"picked":"SKIP","floor":69},{"not_picked":["BattleHymn","EmptyFist+1","Scrawl"],"picked":"SKIP","floor":71},{"not_picked":["Fasting2+1","Crescendo+1","EmptyFist+1"],"picked":"SKIP","floor":73},{"not_picked":["Halt","Wallop+1","Consecrate+1"],"picked":"SKIP","floor":76},{"not_picked":["Crescendo","FlurryOfBlows+1"],"picked":"Weave+1","floor":77},{"not_picked":["Swivel","Indignation"],"picked":"CutThroughFate+1","floor":78},{"not_picked":["Wireheading","MentalFortress"],"picked":"Worship+1","floor":79},{"not_picked":["FollowUp+1","Evaluate"],"picked":"CutThroughFate+1","floor":82},{"not_picked":["EmptyBody","InnerPeace+1","Tantrum+1"],"picked":"SKIP","floor":86},{"not_picked":["FlyingSleeves+1","BattleHymn"],"picked":"PathToVictory+1","floor":90},{"not_picked":["CutThroughFate+1","EmptyMind+1","EmptyBody+1"],"picked":"SKIP","floor":92},{"not_picked":["Indignation","EmptyBody+1","Vengeance+1"],"picked":"SKIP","floor":94},{"not_picked":["Crescendo","LikeWater","BattleHymn+1"],"picked":"SKIP","floor":96},{"not_picked":["Consecrate+1","SashWhip+1","Meditate+1"],"picked":"SKIP","floor":97},{"not_picked":["CutThroughFate+1","SashWhip+1"],"picked":"PathToVictory+1","floor":99},{"not_picked":["WaveOfTheHand","CutThroughFate+1","EmptyMind"],"picked":"SKIP","floor":103},{"not_picked":["ThirdEye","EmptyBody","ForeignInfluence"],"picked":"SKIP","floor":107},{"not_picked":["ReachHeaven+1","JustLucky+1"],"picked":"TalkToTheHand+1","floor":109},{"not_picked":["Wallop+1","Prostrate"],"picked":"JustLucky+1","floor":110},{"not_picked":["Tantrum+1","BattleHymn"],"picked":"PathToVictory","floor":111},{"not_picked":["Meditate","Consecrate+1","Vengeance"],"picked":"SKIP","floor":112},{"not_picked":["EmptyFist+1","SashWhip+1","MentalFortress"],"picked":"SKIP","floor":113},{"not_picked":["Halt","CutThroughFate+1","WreathOfFlame"],"picked":"SKIP","floor":115},{"not_picked":["ReachHeaven+1","Wallop+1","Fasting2"],"picked":"SKIP","floor":116},{"not_picked":["Ragnarok+1","Wish"],"picked":"DevaForm","floor":118},{"not_picked":["Vengeance","Consecrate+1","Halt"],"picked":"SKIP","floor":120},{"not_picked":["SandsOfTime+1","WaveOfTheHand"],"picked":"PathToVictory","floor":122},{"not_picked":["SpiritShield","SashWhip+1","JustLucky+1"],"picked":"SKIP","floor":125},{"not_picked":["FollowUp+1","MentalFortress","SignatureMove+1"],"picked":"SKIP","floor":128},{"not_picked":["WindmillStrike+1","WheelKick+1","SandsOfTime+1"],"picked":"SKIP","floor":130},{"not_picked":["Perseverance","EmptyBody","CrushJoints+1"],"picked":"SKIP","floor":132},{"not_picked":["FlurryOfBlows+1","CarveReality+1","Protect"],"picked":"SKIP","floor":133},{"not_picked":["DevaForm","Devotion"],"picked":"Establishment","floor":135},{"not_picked":["Consecrate+1","Evaluate"],"picked":"FlurryOfBlows+1","floor":136},{"not_picked":["Meditate","Wireheading+1","ClearTheMind"],"picked":"SKIP","floor":137},{"not_picked":["Omniscience","Protect+1","Adaptation+1"],"picked":"SKIP","floor":142},{"not_picked":["Crescendo+1","EmptyFist+1","ThirdEye+1"],"picked":"SKIP","floor":144}],"player_experience":185619,"relics_obtained":[{"floor":6,"key":"Peace Pipe"},{"floor":9,"key":"Pear"},{"floor":10,"key":"Anchor"},{"floor":12,"key":"Nunchaku"},{"floor":23,"key":"Kunai"},{"floor":25,"key":"Molten Egg 2"},{"floor":26,"key":"Letter Opener"},{"floor":28,"key":"Omamori"},{"floor":30,"key":"The Courier"},{"floor":41,"key":"Gremlin Horn"},{"floor":43,"key":"Ornamental Fan"},{"floor":44,"key":"Shovel"},{"floor":45,"key":"Incense Burner"},{"floor":60,"key":"Thread and Needle"},{"floor":98,"key":"CaptainsWheel"},{"floor":99,"key":"Ginger"},{"floor":106,"key":"Toy Ornithopter"},{"floor":127,"key":"Necronomicon"}],"event_choices":[{"damage_healed":0,"gold_gain":30,"player_choice":"Searched \u00272\u0027 times","damage_taken":0,"relics_obtained":["Darkstone Periapt"],"max_hp_gain":0,"max_hp_loss":0,"event_name":"Dead Adventurer","floor":13,"gold_loss":0},{"cards_removed":["Scrawl"],"damage_healed":0,"gold_gain":0,"player_choice":"Take \u0026 Give","damage_taken":0,"max_hp_gain":0,"max_hp_loss":0,"event_name":"betterNote:BetterNote","floor":19,"gold_loss":0,"cards_obtained":["Turbo"]},{"damage_healed":0,"gold_gain":0,"player_choice":"Read","damage_taken":0,"max_hp_gain":0,"max_hp_loss":0,"event_name":"The Library","floor":21,"gold_loss":0,"cards_obtained":["PathToVictory"]},{"damage_healed":0,"gold_gain":0,"player_choice":"Stole Relic","damage_taken":0,"relics_obtained":["War Paint"],"max_hp_gain":0,"max_hp_loss":0,"event_name":"Addict","floor":29,"gold_loss":0,"cards_obtained":["Shame"]},{"damage_healed":0,"gold_gain":0,"player_choice":"Paid","damage_taken":0,"relics_obtained":["Red Mask"],"max_hp_gain":0,"max_hp_loss":0,"event_name":"Tomb of Lord Red Mask","floor":38,"gold_loss":32},{"cards_removed":["LikeWater"],"damage_healed":0,"gold_gain":0,"player_choice":"Removed Power","damage_taken":0,"max_hp_gain":0,"max_hp_loss":0,"event_name":"Falling","floor":42,"gold_loss":0},{"damage_healed":0,"gold_gain":0,"player_choice":"Fight","damage_taken":0,"max_hp_gain":0,"max_hp_loss":0,"event_name":"MindBloom","floor":45,"gold_loss":0},{"cards_removed":["Doubt"],"damage_healed":0,"gold_gain":0,"player_choice":"Purged","damage_taken":0,"max_hp_gain":0,"max_hp_loss":0,"event_name":"Purifier","floor":61,"gold_loss":0},{"damage_healed":0,"gold_gain":0,"player_choice":"Donut","damage_taken":0,"max_hp_gain":5,"max_hp_loss":0,"event_name":"Big Fish","floor":64,"gold_loss":0},{"damage_healed":0,"gold_gain":0,"player_choice":"Entered Light","damage_taken":20,"max_hp_gain":0,"max_hp_loss":0,"event_name":"Shining Light","floor":65,"gold_loss":0,"cards_upgraded":["ThirdEye","PathToVictory"]},{"damage_healed":0,"gold_gain":0,"player_choice":"Ignored","damage_taken":0,"max_hp_gain":0,"max_hp_loss":0,"event_name":"Vampires","floor":70,"gold_loss":0},{"damage_healed":0,"gold_gain":0,"player_choice":"Obtained Relic","damage_taken":0,"relics_obtained":["PreservedInsect"],"max_hp_gain":0,"max_hp_loss":0,"event_name":"Addict","floor":72,"gold_loss":85},{"damage_healed":0,"gold_gain":0,"player_choice":"1 cards matched","damage_taken":0,"max_hp_gain":0,"max_hp_loss":0,"event_name":"Match and Keep!","floor":75,"gold_loss":0,"cards_obtained":["Eruption"]},{"damage_healed":0,"gold_gain":0,"player_choice":"Stopped","damage_taken":9,"max_hp_gain":0,"max_hp_loss":0,"event_name":"Cursed Tome","floor":80,"gold_loss":0},{"damage_healed":0,"gold_gain":0,"player_choice":"Memory 1","damage_taken":0,"max_hp_gain":0,"max_hp_loss":0,"event_name":"SensoryStone","floor":87,"gold_loss":0},{"damage_healed":0,"gold_gain":0,"player_choice":"Max HP","damage_taken":0,"max_hp_gain":0,"max_hp_loss":5,"event_name":"Winding Halls","floor":88,"gold_loss":0},{"damage_healed":0,"gold_gain":0,"player_choice":"Fight","damage_taken":0,"max_hp_gain":0,"max_hp_loss":0,"event_name":"MindBloom","floor":98,"gold_loss":0},{"damage_healed":0,"gold_gain":0,"player_choice":"Fight","damage_taken":0,"max_hp_gain":0,"max_hp_loss":0,"event_name":"Mysterious Sphere","floor":99,"gold_loss":0},{"damage_healed":0,"gold_gain":0,"player_choice":"Donut","damage_taken":0,"max_hp_gain":5,"max_hp_loss":0,"event_name":"Big Fish","floor":104,"gold_loss":0},{"damage_healed":0,"gold_gain":75,"player_choice":"Gather Gold","damage_taken":11,"max_hp_gain":0,"max_hp_loss":0,"event_name":"World of Goop","floor":105,"gold_loss":0},{"damage_healed":0,"gold_gain":0,"player_choice":"Searched \u00271\u0027 times","damage_taken":0,"max_hp_gain":0,"max_hp_loss":0,"event_name":"Dead Adventurer","floor":106,"gold_loss":0},{"damage_healed":0,"gold_gain":0,"player_choice":"Entered Light","damage_taken":20,"max_hp_gain":0,"max_hp_loss":0,"event_name":"Shining Light","floor":114,"gold_loss":0,"cards_upgraded":["JustLucky","ThirdEye"]},{"damage_healed":0,"gold_gain":0,"player_choice":"Ignored","damage_taken":0,"max_hp_gain":0,"max_hp_loss":0,"event_name":"Vampires","floor":123,"gold_loss":0},{"damage_healed":0,"gold_gain":0,"player_choice":"Obtained Relic","damage_taken":0,"relics_obtained":["Yang"],"max_hp_gain":0,"max_hp_loss":0,"event_name":"Addict","floor":124,"gold_loss":85},{"damage_healed":0,"gold_gain":0,"player_choice":"Obtained Book","damage_taken":16,"max_hp_gain":0,"max_hp_loss":0,"event_name":"Cursed Tome","floor":127,"gold_loss":0},{"cards_removed":["JustLucky"],"damage_healed":0,"gold_gain":0,"player_choice":"Removed Attack","damage_taken":0,"max_hp_gain":0,"max_hp_loss":0,"event_name":"Falling","floor":138,"gold_loss":0},{"damage_healed":0,"gold_gain":0,"player_choice":"Ignored","damage_taken":0,"max_hp_gain":0,"max_hp_loss":0,"event_name":"Tomb of Lord Red Mask","floor":140,"gold_loss":0}],"is_beta":false,"boss_relics":[{"not_picked":["Sozu","Calling Bell"],"picked":"Runic Pyramid"},{"not_picked":["SlaversCollar","SacredBark"],"picked":"Cursed Key"},{"not_picked":["Runic Dome","Busted Crown"],"picked":"VioletLotus"},{"not_picked":["Velvet Choker","Runic Dome"],"picked":"Sozu"},{"not_picked":["SlaversCollar","Coffee Dripper"],"picked":"Empty Cage"},{"not_picked":["Fusion Hammer","Philosopher\u0027s Stone"],"picked":"Black Star"},{"not_picked":["Snecko Eye","Velvet Choker","Fusion Hammer"]},{"not_picked":["Calling Bell","Runic Dome"],"picked":"Tiny House"}],"items_purged_floors":[37,54,63],"is_endless":true,"potions_floor_spawned":[3,5,7,8,10,14,18,23,25,31,36,44,47,48,50,52,53,62,69,73,76,82,90,94,101,106,110,113,116,118,128,132,133,135,137],"killed_by":"Reptomancer","ascension_level":5}}