{"host":"ew66i0vuc7r9fnl7","time":1611733255,"event":{"mods":["BaseMod","DeckTracker","Koishi","Minty Spire (QoL Compilation)","StSLib"],"gold_per_floor":[116,291,291,308,308,308,337,337,389,423,373,373,251,263,263,366,366,366],"floor_reached":17,"language":"KOR","playtime":586,"items_purged":["Doubt"],"score":186,"play_id":"d79be95d-4b8c-4a9b-a7e5-69cd154cefa1","local_time":"20210127164055","is_ascension_mode":false,"campfire_choices":[{"data":"Koishi:HauntingSlash","floor":6,"key":"SMITH"},{"data":"Koishi:SubconsciousSweep","floor":8,"key":"SMITH"},{"data":"Koishi:LastRemote","floor":15,"key":"SMITH"}],"circlet_count":0,"master_deck":["Koishi:Provoke","Koishi:HauntingSlash+1","Koishi:SubconsciousSweep+1","Koishi:FadingMemory+1","Koishi:Jaunt","Koishi:UnconsciousUprising+1","Koishi:LastRemote+1","Koishi:ConditionedTeleport+1","Koishi:ParalyzingFear","Koishi:DreadfulBlow","Koishi:EmbersOfLove+1","Koishi:EmbersOfLove+1","Koishi:MassHysteria+1","Koishi:PhilosophyOfTheDespised+1","Koishi:EmbersOfLove+1"],"relics":["Koishi:ImaginaryFriend","NeowsBlessing","Toxic Egg 2","Nunchaku","Happy Flower","Bronze Scales","Pandora\u0027s Box"],"acts_visited":["Exordium","TheCity"],"potions_floor_usage":[],"damage_taken":[{"damage":0,"enemies":"Jaw Worm","floor":1,"turns":1},{"damage":0,"enemies":"2 Louse","floor":4,"turns":1},{"damage":0,"enemies":"Lagavulin","floor":7,"turns":1},{"damage":19,"enemies":"3 Sentries","floor":10,"turns":6},{"damage":0,"enemies":"Cultist","floor":14,"turns":3},{"damage":7,"enemies":"The Guardian","floor":16,"turns":9}],"seed_played":"-8360849918353948433","potions_obtained":[{"floor":7,"key":"GamblersBrew"},{"floor":10,"key":"CultistPotion"},{"floor":16,"key":"GamblersBrew"}],"is_trial":false,"path_per_floor":["M","?","?","M","T","R","E","R","T","E","?","?","$","M","R","B",null],"character_chosen":"KOISHI","items_purchased":["Koishi:UnconsciousUprising+1"],"campfire_rested":0,"item_purchase_floors":[13],"current_hp_per_floor":[60,60,65,65,65,65,65,65,65,48,48,45,45,49,49,54,65,65],"gold":366,"neow_bonus":"THREE_ENEMY_KILL","is_daily":false,"chose_seed":false,"campfire_upgraded":3,"win_rate":0.0,"timestamp":1611733255,"path_taken":["M","?","?","?","?","R","E","R","T","E","?","?","$","?","R","BOSS"],"items_purchased_type":["Card"],"build_version":"2020-12-22","purchased_purges":1,"victory":false,"max_hp_per_floor":[60,60,65,65,65,65,65,65,65,65,65,65,65,65,65,65,65,65],"card_choices":[{"not_picked":["Koishi:BloodcurdlingScream","Koishi:Vanish"],"picked":"Koishi:SubconsciousSweep","floor":1},{"not_picked":["Koishi:HeartfeltFancy","Koishi:Catatonia","Koishi:ReleaseOfTheId"],"picked":"SKIP","floor":4},{"not_picked":["Koishi:HeartAttack","Koishi:DreadfulBlow"],"picked":"Koishi:FadingMemory+1","floor":7},{"not_picked":["Koishi:PhantomStrike","Koishi:StingingMind"],"picked":"Koishi:Jaunt","floor":10},{"not_picked":["Koishi:DreadfulBlow","Koishi:ReleaseOfTheId+1"],"picked":"Koishi:LastRemote","floor":14},{"not_picked":["Koishi:MindStellarRelief+1","Koishi:ConfinedInnocent"],"picked":"Koishi:ConditionedTeleport+1","floor":16}],"player_experience":613683,"relics_obtained":[{"floor":7,"key":"Toxic Egg 2"},{"floor":9,"key":"Nunchaku"},{"floor":10,"key":"Happy Flower"}],"event_choices":[{"damage_healed":0,"gold_gain":175,"player_choice":"AGREE","damage_taken":0,"max_hp_gain":0,"max_hp_loss":0,"event_name":"Liars Game","floor":2,"gold_loss":0,"cards_obtained":["Doubt"]},{"damage_healed":0,"gold_gain":0,"player_choice":"Donut","damage_taken":0,"max_hp_gain":5,"max_hp_loss":0,"event_name":"Big Fish","floor":3,"gold_loss":0},{"cards_removed":["Koishi:BasicStrike"],"damage_healed":0,"gold_gain":0,"player_choice":"Card Removal","damage_taken":0,"max_hp_gain":0,"max_hp_loss":0,"event_name":"The Cleric","floor":11,"gold_loss":50},{"damage_healed":0,"gold_gain":0,"player_choice":"Success","damage_taken":3,"relics_obtained":["Bronze Scales"],"max_hp_gain":0,"max_hp_loss":0,"event_name":"Scrap Ooze","floor":12,"gold_loss":0}],"is_beta":false,"boss_relics":[{"not_picked":["Velvet Choker","Black Star"],"picked":"Pandora\u0027s Box"}],"items_purged_floors":[13],"is_endless":false,"potions_floor_spawned":[7,10,16],"ascension_level":0}}