{"host":"npaoev7ccr7c867s","time":1611709394,"event":{"mods":["AchievementEnabler","Act Like it!","Arknights The Spire","Aspiration","Bard","BaseMod","Beaked The Cultist","Better Altar","Better Match","Better Note","Better Sensory Stone","Better Skull","Better Third Choice","BetterRewards","CCEM2","Clawfect","Colored Map","Conspire","Downfall","GifTheSpireLib","Googly Eyes","Halation","Hallownest","Hermit","Highlight Path","Hubris","Hunter ??","Infinite Spire","Jedi Mod","Jorbs\u0027s Wanderer Trilogy","Mad Scientist","Marisa????????","Mimic Mod","Minty Spire (QoL Compilation)","Permanent Neow","Replay The Spire","SIMod","SOS???????","Shade Mod","Shop Mod","Spicy Shops","StSLib","Stuff the Spire","The Administrix","The Animator","The Blackbeard","The Bug Knight","The Construct","The Cursed","The Disciple","The Gatherer","The Hierophant","The IronCluck","The Jungle","The Mystic","The Necromancer","The Problem Sleuth","The Runesmith","The Servant 0.9.4","The Spell Scribe","The Wild Card","The Witch","TheSurvivalist","TheVacant","Unceasing Turn Reminder","Warlord Emblem","[IsaacMod]????","everything is the same but u backflip on backflip","slay the spire mod where everything is the same but ironclad has a cowboy hat"],"gold_per_floor":[118,128,148,148,164,164,176,176,212,237,24,24,24],"floor_reached":12,"language":"ENG","playtime":1855,"items_purged":[],"score":80,"play_id":"6cece00c-4075-4dde-ab13-6ca6642e2e93","local_time":"20210126170314","is_ascension_mode":false,"campfire_choices":[{"data":"ats:Emotion Absorption","floor":6,"key":"SMITH"},{"data":"ats:Automatic Cover","floor":8,"key":"SMITH"}],"circlet_count":0,"master_deck":["ats:Strike C","ats:Strike G","ats:Strike S","ats:Strike V","ats:Armor Crushing Shot","ats:Defend","ats:Defend","ats:Defend","ats:Defend","ats:Emotion Absorption+1","ats:Red Shift","ats:Healing Drone","ats:Apocalypse","ats:Rapid Magazine","ats:Chain Hook","ReplayTheSpireMod:Uncanny Aura","ats:Explosion Area Strengthen","ats:Powerful Strike","ats:Curse Doll","Flash of Steel","ats:Automatic Cover+1","ats:LN2 Cannon","ats:Very Hot Blade","ats:Song Of Battle","ats:Magnetic Hammer","ats:Flexible Camouflage","ats:Shell Defense","ats:Defend Order"],"relics":["ats:Sanity","HushsDoor","KeepersGift","hubris:OldNail","ats:Originium","infinitespire:PuzzleCube"],"acts_visited":["Exordium"],"potions_floor_usage":[],"damage_taken":[{"damage":0,"enemies":"Small Slimes","floor":1,"turns":3},{"damage":3,"enemies":"2 Louse","floor":2,"turns":3},{"damage":1,"enemies":"Cultist","floor":3,"turns":3},{"damage":58,"enemies":"Exordium Thugs","floor":5,"turns":8},{"damage":14,"enemies":"Exordium Wildlife","floor":7,"turns":4},{"damage":5,"enemies":"Blue Slaver","floor":9,"turns":5},{"damage":40,"enemies":"3 Sentries","floor":10,"turns":8},{"damage":14,"enemies":"Gremlin Nob","floor":12,"turns":2}],"seed_played":"-4747847157605128662","potions_obtained":[{"floor":1,"key":"SteroidPotion"},{"floor":3,"key":"jedi:StrikingPotion"},{"floor":7,"key":"AttackPotion"}],"is_trial":false,"path_per_floor":["M","M","M","?","M","R","M","R","MIM","E","$","E"],"character_chosen":"DOCTOR_CLASS","items_purchased":["ats:Red Shift","ats:Healing Drone","ats:Apocalypse","ats:Rapid Magazine","ats:Chain Hook","ReplayTheSpireMod:Uncanny Aura","ats:Magnetic Hammer","ats:Flexible Camouflage","ats:Shell Defense","ats:Defend Order"],"campfire_rested":0,"item_purchase_floors":[0,0,0,0,0,0,11,11,11,11],"current_hp_per_floor":[72,69,68,68,37,37,29,29,29,6,6,0,0],"gold":24,"neow_bonus":"","is_daily":false,"chose_seed":false,"campfire_upgraded":2,"win_rate":0.0,"timestamp":1611709394,"path_taken":["M","M","M","?","M","R","M","R","MIM","E","$","E"],"items_purchased_type":["Card","Card","Card","Card","Card","Card","Card","Card","Card","Card"],"build_version":"2020-12-22","purchased_purges":0,"victory":false,"max_hp_per_floor":[72,72,72,72,72,72,72,72,72,72,72,72,72],"card_choices":[{"not_picked":["ats:Beaten Up","ats:Curse Doll"],"picked":"ats:Explosion Area Strengthen","floor":1},{"not_picked":["ats:Phantom","ats:Explosion Area Strengthen"],"picked":"ats:Powerful Strike","floor":2},{"not_picked":["ats:Revitalization","ats:Song Of Battle"],"picked":"ats:Curse Doll","floor":3},{"not_picked":["Bomb","SuicideKing"],"picked":"Flash of Steel","floor":4},{"not_picked":["ats:Sword Rain","ats:Hook Shot"],"picked":"ats:Automatic Cover","floor":5},{"not_picked":["ats:Absolute Focus","ats:Flexible Camouflage"],"picked":"ats:LN2 Cannon","floor":7},{"not_picked":["ats:Burning Ground","ats:Counter Healing Mode"],"picked":"ats:Very Hot Blade","floor":9},{"not_picked":["ats:Thermite Blade","ats:Rat Pack"],"picked":"ats:Song Of Battle","floor":10}],"player_experience":180658,"relics_obtained":[{"floor":9,"key":"hubris:OldNail"},{"floor":10,"key":"ats:Originium"},{"floor":10,"key":"infinitespire:PuzzleCube"}],"event_choices":[{"damage_healed":0,"gold_gain":1,"player_choice":"1","damage_taken":0,"max_hp_gain":0,"max_hp_loss":0,"event_name":"betterStone:BetterStone","floor":4,"gold_loss":0}],"is_beta":false,"boss_relics":[],"items_purged_floors":[],"is_endless":false,"potions_floor_spawned":[1,3,7,10],"killed_by":"Gremlin Nob","ascension_level":0}}