{"host":"0kk91h4bq4kgfj0u","time":1611706793,"event":{"mods":["BaseMod","Minty Spire (QoL Compilation)","StSLib"],"gold_per_floor":[112,112,133,36,36,71,71,105,129,129,129,147,147,147,147,147,147],"floor_reached":16,"language":"ENG","playtime":435,"items_purged":[],"score":148,"play_id":"582bf4b7-e1be-4ea7-b365-7c661dca8c70","local_time":"20210126191953","is_ascension_mode":true,"campfire_choices":[{"floor":7,"key":"REST"},{"floor":13,"key":"REST"},{"floor":15,"key":"REST"}],"circlet_count":0,"master_deck":["Strike_R","Strike_R","Strike_R","Strike_R","Strike_R","Defend_R","Defend_R","Defend_R","Defend_R","Bash","Clothesline","Injury","Heavy Blade","Rage","Flame Barrier","Iron Wave","Shrug It Off","Perfected Strike"],"relics":["Burning Blood","Calipers","Golden Idol","Centennial Puzzle","Art of War","Dream Catcher"],"acts_visited":["Exordium"],"potions_floor_usage":[4,6,16],"damage_taken":[{"damage":5,"enemies":"Small Slimes","floor":1,"turns":4},{"damage":7,"enemies":"2 Louse","floor":3,"turns":4},{"damage":30,"enemies":"Gremlin Nob","floor":6,"turns":4},{"damage":42,"enemies":"Lagavulin","floor":8,"turns":8},{"damage":7,"enemies":"Jaw Worm","floor":12,"turns":4},{"damage":85,"enemies":"Slime Boss","floor":16,"turns":14}],"seed_played":"-6881461706612622016","potions_obtained":[{"floor":1,"key":"SneckoOil"},{"floor":12,"key":"PowerPotion"}],"is_trial":false,"path_per_floor":["M","?","M","$","?","E","R","E","T","$","?","M","R","?","R","B"],"character_chosen":"IRONCLAD","items_purchased":["Fruit Juice"],"campfire_rested":3,"item_purchase_floors":[4],"current_hp_per_floor":[52,52,51,56,56,32,57,21,21,21,21,20,45,50,77,0,0],"gold":147,"neow_bonus":"ONE_RARE_RELIC","is_daily":false,"chose_seed":false,"campfire_upgraded":0,"win_rate":0.0,"timestamp":1611706793,"path_taken":["M","?","M","$","?","E","R","E","T","$","?","M","R","?","R","BOSS"],"items_purchased_type":["Potion"],"build_version":"2020-12-22","purchased_purges":0,"victory":false,"max_hp_per_floor":[80,80,80,85,85,85,85,85,85,85,85,85,85,90,90,90,90],"card_choices":[{"not_picked":["Ghostly Armor","Wild Strike"],"picked":"Clothesline","floor":1},{"not_picked":["Clash","Sword Boomerang"],"picked":"Heavy Blade","floor":3},{"not_picked":["Sword Boomerang","Armaments"],"picked":"Rage","floor":6},{"not_picked":["Limit Break","Sword Boomerang"],"picked":"Flame Barrier","floor":8},{"not_picked":["Pommel Strike","Headbutt"],"picked":"Iron Wave","floor":12},{"not_picked":["Iron Wave","Blood for Blood"],"picked":"Shrug It Off","floor":13},{"not_picked":["Sword Boomerang","Disarm"],"picked":"Perfected Strike","floor":15}],"player_experience":810113,"relics_obtained":[{"floor":6,"key":"Centennial Puzzle"},{"floor":8,"key":"Art of War"},{"floor":9,"key":"Dream Catcher"}],"event_choices":[{"damage_healed":0,"gold_gain":0,"player_choice":"Take Wound","damage_taken":0,"relics_obtained":["Golden Idol"],"max_hp_gain":0,"max_hp_loss":0,"event_name":"Golden Idol","floor":2,"gold_loss":0,"cards_obtained":["Injury"]},{"damage_healed":0,"gold_gain":0,"player_choice":"Ignored","damage_taken":0,"max_hp_gain":0,"max_hp_loss":0,"event_name":"Liars Game","floor":5,"gold_loss":0},{"damage_healed":0,"gold_gain":0,"player_choice":"Ignored","damage_taken":0,"max_hp_gain":0,"max_hp_loss":0,"event_name":"Shining Light","floor":11,"gold_loss":0},{"damage_healed":0,"gold_gain":0,"player_choice":"Donut","damage_taken":0,"max_hp_gain":5,"max_hp_loss":0,"event_name":"Big Fish","floor":14,"gold_loss":0}],"is_beta":false,"boss_relics":[],"items_purged_floors":[],"is_endless":false,"potions_floor_spawned":[1,12],"killed_by":"Slime Boss","ascension_level":8}}