{"host":"uceopoba4zvqsgiy","time":1611758640,"event":{"mods":["Act Like it!","BaseMod","Better Skull","Better Third Choice","Elementarium","Evolution","GifTheSpireLib","Hermit","Humility","Infinite Spire","Jorbs\u0027s Wanderer Trilogy","Marked Mod","Minty Spire (QoL Compilation)","Potionbrewer","Reliquary","Replay The Spire","Robot Space Explorer","Shade Mod","Spicy Shops","StS++","StSLib","Stuff the Spire","The Blue Laboratory","The Caster","The Cursed","The Dragon Tamer","The Hierophant","The Jungle","TheSurvivalist","Wandering Minibosses"],"gold_per_floor":[114,114,131,131,131,164,185,185,185,185,185,219,219,233,233,233,233],"floor_reached":16,"language":"ENG","playtime":674,"items_purged":[],"score":157,"play_id":"4b19cf65-d056-4d11-acdc-7d4463127eaf","local_time":"20210128011400","is_ascension_mode":true,"campfire_choices":[{"floor":10,"key":"REST"},{"floor":13,"key":"REST"}],"circlet_count":0,"master_deck":["Rebound","Strike_B","Strike_B","Strike_B","Defend_B","Defend_B","Defend_B","Defend_B","Zap","Dualcast","Doom and Gloom+1","Burn","Sunder","Self Repair"],"relics":["Ring of the Snake","EVO:Axolotl","NeowsBlessing","Golden Idol","infinitespire:Cubic Diamond","reliquary:HotPoker","reliquary:QuartzCube","reliquary:Knoch"],"acts_visited":["Exordium"],"potions_floor_usage":[7,12],"damage_taken":[{"damage":0,"enemies":"Small Slimes","floor":1,"turns":1},{"damage":0,"enemies":"Jaw Worm","floor":3,"turns":1},{"damage":2,"enemies":"3 Sentries","floor":6,"turns":2},{"damage":25,"enemies":"Cultist","floor":7,"turns":6},{"damage":41,"enemies":"Gremlin Nob","floor":12,"turns":5},{"damage":25,"enemies":"Exordium Thugs","floor":14,"turns":5},{"damage":41,"enemies":"The Guardian","floor":16,"turns":5}],"seed_played":"-677298435655348891","potions_obtained":[{"floor":3,"key":"blueLaboratory:RelayPotion"},{"floor":6,"key":"blueLaboratory:CoolantVial"}],"is_trial":false,"path_per_floor":["M","?","M","?","?","E","M","$","T","R","?","E","R","M","R","B"],"character_chosen":"DEFECT","items_purchased":[],"campfire_rested":2,"item_purchase_floors":[],"current_hp_per_floor":[68,68,68,50,50,48,23,23,23,45,45,11,33,15,37,0,0],"gold":233,"neow_bonus":"THREE_ENEMY_KILL","is_daily":false,"chose_seed":false,"campfire_upgraded":0,"win_rate":0.0,"timestamp":1611758640,"path_taken":["M","?","M","?","?","E","M","?","T","R","?","E","R","?","R","BOSS"],"items_purchased_type":[],"build_version":"2020-12-22","purchased_purges":0,"victory":false,"max_hp_per_floor":[75,75,75,75,75,75,75,75,75,75,75,75,75,75,75,75,75],"card_choices":[{"not_picked":["StuffTheSpire:LoadUp","Streamline"],"picked":"Doom and Gloom","floor":1},{"not_picked":["StuffTheSpire:GlassShard","ReplayTheSpireMod:GoodbyeWorld","ReplayTheSpireMod:Reroute Power"],"picked":"SKIP","floor":3},{"not_picked":["StuffTheSpire:Plugnplay","Panic Button"],"picked":"Sunder","floor":6},{"not_picked":["ReplayTheSpireMod:GoodbyeWorld","Consume"],"picked":"Self Repair","floor":7},{"not_picked":["StuffTheSpire:Plugnplay","Leap","Compile Driver"],"picked":"SKIP","floor":12},{"not_picked":["Reprogram","StSpp:Pointer","Crystallizer"],"picked":"SKIP","floor":14}],"player_experience":1425161,"relics_obtained":[{"floor":6,"key":"reliquary:HotPoker"},{"floor":9,"key":"reliquary:QuartzCube"},{"floor":12,"key":"reliquary:Knoch"}],"event_choices":[{"damage_healed":68,"gold_gain":0,"player_choice":"Embrace Burn","damage_taken":0,"max_hp_gain":0,"max_hp_loss":75,"event_name":"betterThird:BetterShining","floor":2,"gold_loss":0},{"damage_healed":0,"gold_gain":0,"player_choice":"Take Damage","damage_taken":18,"relics_obtained":["Golden Idol"],"max_hp_gain":0,"max_hp_loss":0,"event_name":"Golden Idol","floor":4,"gold_loss":0},{"damage_healed":0,"gold_gain":0,"player_choice":"Bought 0 Potions","damage_taken":0,"max_hp_gain":0,"max_hp_loss":0,"event_name":"The Woman in Blue","floor":11,"gold_loss":0}],"is_beta":false,"boss_relics":[],"items_purged_floors":[],"is_endless":false,"potions_floor_spawned":[3,6],"killed_by":"The Guardian","ascension_level":9,"is_humility":true}}