{"host":"Zandorum","time":1611706571,"event":{"mods":["100% Spire Juice","2.2 Compatiblity","Act Like it!","Bard","BaseMod","Hermit","Hubris","Jorbs\u0027s Wanderer Trilogy","Mimic Mod","Minty Spire (QoL Compilation)","Quick Restart","Rare Cards Sparkle","Reorder Act Four","Somnambulant","StSLib","The Cursed","The Disciple","The Hierophant","The Jungle","The Runesmith"],"gold_per_floor":[118,118,118,193,207,207,226,226,226,249,269,10,10,34,34,157,157,170,170,170,9,34,34,75,2,51,79,91,91],"floor_reached":28,"language":"ENG","playtime":872,"items_purged":["Defend_B"],"score":228,"play_id":"6c309a76-9754-4cbc-9fc7-029d689b1daa","local_time":"20210126161611","is_ascension_mode":false,"campfire_choices":[{"data":"Zap","floor":6,"key":"SMITH"},{"data":"Hologram","floor":8,"key":"SMITH"},{"floor":15,"key":"REST"},{"data":"Seek","floor":23,"key":"SMITH"}],"circlet_count":0,"master_deck":["Strike_B","Strike_B","Strike_B","Defend_B","Defend_B","Zap+1","Dualcast","Genetic Algorithm","Hologram+1","Beam Cell","Seek+1","Go for the Eyes+1","Reboot","Gash+1","Dramatic Entrance+1","Gash+1"],"relics":["Cracked Core","NeowsBlessing","Golden Idol","Molten Egg 2","hubris:SoftwareUpdate","Du-Vu Doll","Empty Cage","Runesmith:AutoHammer","Art of War","MawBank"],"acts_visited":["Exordium","TheCity"],"potions_floor_usage":[10,16,27],"damage_taken":[{"damage":0,"enemies":"Small Slimes","floor":1,"turns":1},{"damage":0,"enemies":"2 Louse","floor":5,"turns":1},{"damage":0,"enemies":"Cultist","floor":7,"turns":1},{"damage":14,"enemies":"Exordium Thugs","floor":10,"turns":4},{"damage":13,"enemies":"2 Fungi Beasts","floor":11,"turns":3},{"damage":0,"enemies":"Large Slime","floor":14,"turns":3},{"damage":13,"enemies":"Slime Boss","floor":16,"turns":9},{"damage":23,"enemies":"2 Thieves","floor":18,"turns":4},{"damage":8,"enemies":"Shell Parasite","floor":22,"turns":4},{"damage":35,"enemies":"Slavers","floor":24,"turns":5},{"damage":5,"enemies":"Sentry and Sphere","floor":27,"turns":3},{"damage":15,"enemies":"Colosseum Slavers","floor":28,"turns":1}],"seed_played":"6608751413032595504","potions_obtained":[{"floor":5,"key":"AttackPotion"},{"floor":7,"key":"Strength Potion"},{"floor":24,"key":"CultistPotion"}],"is_trial":false,"path_per_floor":["M","?","?","?","M","R","M","R","T","M","M","$","?","M","R","B",null,"M","?","?","$","M","R","E","$","T","M","?"],"character_chosen":"DEFECT","items_purchased":["hubris:SoftwareUpdate","Dramatic Entrance+1","Regen Potion"],"campfire_rested":1,"item_purchase_floors":[12,21,25],"current_hp_per_floor":[75,69,62,56,56,56,56,56,56,42,29,29,29,29,49,36,69,46,46,46,46,38,38,3,3,3,7,0,0],"gold":91,"neow_bonus":"THREE_ENEMY_KILL","is_daily":false,"chose_seed":false,"campfire_upgraded":3,"win_rate":0.0,"timestamp":1611706571,"path_taken":["M","?","?","?","M","R","M","R","T","?","M","?","?","M","R","BOSS","M","?","?","?","M","R","E","$","T","M","?"],"items_purchased_type":["Relic","Card","Potion"],"build_version":"2020-12-18","purchased_purges":1,"victory":false,"max_hp_per_floor":[75,69,69,69,69,69,69,69,69,69,69,69,69,69,69,69,69,69,69,69,69,69,69,69,69,69,69,69,69],"card_choices":[{"not_picked":["Steam","Leap"],"picked":"Genetic Algorithm","floor":1},{"not_picked":["Beam Cell","Fusion"],"picked":"Hologram","floor":5},{"not_picked":["Ball Lightning","Reprogram"],"picked":"Beam Cell","floor":7},{"not_picked":["Recycle","Consume"],"picked":"Seek","floor":10},{"not_picked":["Heatsinks","Redo","Stack"],"picked":"SKIP","floor":11},{"not_picked":["Turbo","Steam"],"picked":"Go for the Eyes+1","floor":14},{"not_picked":["Machine Learning","Rainbow"],"picked":"Reboot","floor":16},{"not_picked":["Double Energy","Beam Cell+1"],"picked":"Gash+1","floor":18},{"not_picked":["Streamline+1","Tempest","Recycle"],"picked":"SKIP","floor":22},{"not_picked":["Sweeping Beam+1","Melter+1"],"picked":"Gash+1","floor":24},{"not_picked":["Genetic Algorithm+1","Force Field","Barrage+1"],"picked":"SKIP","floor":27}],"player_experience":161576,"relics_obtained":[{"floor":9,"key":"Molten Egg 2"},{"floor":24,"key":"Art of War"},{"floor":26,"key":"MawBank"}],"event_choices":[{"damage_healed":0,"gold_gain":0,"player_choice":"Lose Max HP","damage_taken":0,"relics_obtained":["Golden Idol"],"max_hp_gain":0,"max_hp_loss":6,"event_name":"Golden Idol","floor":2,"gold_loss":0},{"cards_removed":["Defend_B"],"damage_healed":0,"gold_gain":0,"player_choice":"Card Removal","damage_taken":7,"max_hp_gain":0,"max_hp_loss":0,"event_name":"Golden Wing","floor":3,"gold_loss":0},{"damage_healed":0,"gold_gain":75,"player_choice":"Touch","damage_taken":6,"max_hp_gain":0,"max_hp_loss":0,"event_name":"FaceTrader","floor":4,"gold_loss":0},{"damage_healed":0,"gold_gain":0,"player_choice":"Box","damage_taken":0,"relics_obtained":["Du-Vu Doll"],"max_hp_gain":0,"max_hp_loss":0,"event_name":"Big Fish","floor":13,"gold_loss":0,"cards_obtained":["Regret"]},{"damage_healed":0,"gold_gain":0,"player_choice":"Ignored","damage_taken":0,"max_hp_gain":0,"max_hp_loss":0,"event_name":"Ghosts","floor":19,"gold_loss":0},{"damage_healed":0,"gold_gain":0,"player_choice":"Opened","damage_taken":0,"relics_obtained":["Runesmith:AutoHammer"],"max_hp_gain":0,"max_hp_loss":0,"event_name":"The Mausoleum","floor":20,"gold_loss":0},{"damage_healed":0,"gold_gain":0,"player_choice":"Fight","damage_taken":0,"max_hp_gain":0,"max_hp_loss":0,"event_name":"Colosseum","floor":28,"gold_loss":0}],"is_beta":true,"boss_relics":[{"not_picked":["Velvet Choker","Sozu"],"picked":"Empty Cage"}],"items_purged_floors":[21],"is_endless":false,"potions_floor_spawned":[5,7,24],"killed_by":"Colosseum Slavers","ascension_level":0}}