{"host":"i9o1vf12cf9bzpty","time":1611762734,"event":{"mods":["Act Like it!","Astrologer","BaseMod","Colored Powertips","DeckTracker","Downfall","Hermit","Jorbs\u0027s Wanderer Trilogy","Marisa????????","Minty Spire (QoL Compilation)","Shop Mod","StSLib","The Cursed","The Disciple","The Hierophant","The Mystic","The Servant 0.9.4"],"gold_per_floor":[115,142,142,30,70,70,114,84,138,167,210,210,270,292,292,270,270],"floor_reached":16,"language":"ENG","playtime":824,"items_purged":["hierophant:Strike_Hierophant"],"score":104,"play_id":"0c6af966-ebcd-4136-87b1-8fd0df172ae6","local_time":"20210127165214","is_ascension_mode":false,"campfire_choices":[{"data":"hierophant:ChurchCoffers","floor":6,"key":"SMITH"},{"data":"hierophant:PassingBell","floor":12,"key":"SMITH"},{"data":"hierophant:Exaltation","floor":15,"key":"SMITH"}],"circlet_count":0,"master_deck":["hierophant:Strike_Hierophant","hierophant:Strike_Hierophant","hierophant:Strike_Hierophant","hierophant:Punish","hierophant:Defend_Hierophant","hierophant:Defend_Hierophant","hierophant:Defend_Hierophant","hierophant:Defend_Hierophant","hierophant:ChurchCoffers+1","hierophant:Doubloon","hierophant:Remorse","hierophant:HolyVerse","hierophant:Doubloon","hierophant:Purify","hierophant:Endure","hierophant:PassingBell+1","hierophant:Doubloon","hierophant:ConvertCurrency","hierophant:Exaltation+1","hierophant:Blessing"],"relics":["hierophant:PropheticMaskRelic","NeowsBlessing","CeramicFish","Art of War","Strawberry"],"acts_visited":["Exordium"],"potions_floor_usage":[13,16],"damage_taken":[{"damage":0,"enemies":"Small Slimes","floor":1,"turns":1},{"damage":0,"enemies":"Cultist","floor":2,"turns":1},{"damage":0,"enemies":"2 Louse","floor":5,"turns":1},{"damage":0,"enemies":"Large Slime","floor":7,"turns":4},{"damage":5,"enemies":"3 Louse","floor":10,"turns":2},{"damage":9,"enemies":"Gremlin Gang","floor":11,"turns":2},{"damage":14,"enemies":"3 Sentries","floor":13,"turns":6},{"damage":7,"enemies":"Looter","floor":14,"turns":3},{"damage":44,"enemies":"Hexaghost","floor":16,"turns":12}],"seed_played":"8309303746839676005","potions_obtained":[{"floor":1,"key":"Weak Potion"},{"floor":8,"key":"Explosive Potion"},{"floor":8,"key":"Dexterity Potion"},{"floor":14,"key":"Dexterity Potion"}],"is_trial":false,"path_per_floor":["M","M","?","$","M","R","M","?","T","M","M","R","E","M","R","B"],"character_chosen":"HIEROPHANT","items_purchased":["hierophant:Doubloon"],"campfire_rested":0,"item_purchase_floors":[4],"current_hp_per_floor":[75,75,63,63,63,63,63,63,63,58,49,49,42,35,35,0,0],"gold":270,"neow_bonus":"THREE_ENEMY_KILL","is_daily":false,"chose_seed":false,"campfire_upgraded":3,"win_rate":0.0,"timestamp":1611762734,"path_taken":["M","M","?","$","M","R","M","?","T","M","M","R","E","M","R","BOSS"],"items_purchased_type":["Card"],"build_version":"2020-12-22","purchased_purges":1,"victory":false,"max_hp_per_floor":[75,75,75,75,75,75,75,75,75,75,75,75,82,82,82,82,82],"card_choices":[{"not_picked":["hierophant:Embezzle","hierophant:Sermon"],"picked":"hierophant:Remorse","floor":1},{"not_picked":["hierophant:FlamingChariot","hierophant:Zeal"],"picked":"hierophant:HolyVerse","floor":2},{"not_picked":["hierophant:RepressedViolence","hierophant:HammerAndAnvil"],"picked":"hierophant:Purify","floor":5},{"not_picked":["hierophant:AuricShield","hierophant:HammerAndAnvil"],"picked":"hierophant:Endure","floor":7},{"not_picked":["hierophant:Doomsaying","hierophant:FieryStrike"],"picked":"hierophant:PassingBell","floor":10},{"not_picked":["hierophant:Shelter","hierophant:MintersHammer"],"picked":"hierophant:ConvertCurrency","floor":11},{"not_picked":["hierophant:Purify","hierophant:OrnateJavelin"],"picked":"hierophant:Exaltation","floor":13},{"not_picked":["hierophant:AuricBeam","hierophant:SealAway"],"picked":"hierophant:Blessing","floor":14}],"player_experience":294882,"relics_obtained":[{"floor":9,"key":"Art of War"},{"floor":13,"key":"Strawberry"}],"event_choices":[{"damage_healed":0,"gold_gain":0,"player_choice":"Success","damage_taken":12,"relics_obtained":["CeramicFish"],"max_hp_gain":0,"max_hp_loss":0,"event_name":"Scrap Ooze","floor":3,"gold_loss":0},{"damage_healed":0,"gold_gain":0,"player_choice":"Bought 2 Potions","damage_taken":0,"max_hp_gain":0,"max_hp_loss":0,"event_name":"The Woman in Blue","floor":8,"gold_loss":0}],"is_beta":false,"boss_relics":[],"items_purged_floors":[4],"is_endless":false,"potions_floor_spawned":[1,11,14],"killed_by":"Hexaghost","ascension_level":0}}