{"host":"vx9g5eyuglzorf3u","time":1611717913,"event":{"mods":["2.2 Compatiblity","BaseMod","DeckTracker","Keyboard Shortcuts","Minty Spire (QoL Compilation)","Relic Stats","StSLib","SuperFastMode","everything is the same but u backflip on backflip"],"gold_per_floor":[110,385,398,58,68,68,68,23,77,106,106,106,106,139,139,139,139],"floor_reached":16,"language":"KOR","playtime":256,"items_purged":["Regret"],"score":212,"play_id":"bdaa07ca-8233-4898-9d06-dd4a39b52090","local_time":"20210127122513","is_ascension_mode":true,"campfire_choices":[{"data":"Bash","floor":6,"key":"SMITH"},{"data":"Blood for Blood","floor":12,"key":"SMITH"},{"data":"Shrug It Off","floor":15,"key":"SMITH"}],"circlet_count":0,"master_deck":["AscendersBane","Strike_R","Strike_R","Strike_R","Defend_R","Defend_R","Defend_R","Defend_R","Bash+1","Twin Strike","Shrug It Off+1","Blood for Blood+1"],"relics":["Burning Blood","NeowsBlessing","Singing Bowl","Pen Nib","Eternal Feather","Golden Idol","Potion Belt"],"acts_visited":[],"potions_floor_usage":[10,16],"damage_taken":[{"damage":0,"enemies":"2 Louse","floor":1,"turns":1},{"damage":0,"enemies":"Cultist","floor":3,"turns":1},{"damage":0,"enemies":"Small Slimes","floor":5,"turns":1},{"damage":37,"enemies":"3 Sentries","floor":10,"turns":9},{"damage":32,"enemies":"Lagavulin","floor":14,"turns":6},{"damage":31,"enemies":"Slime Boss","floor":16,"turns":7}],"seed_played":"8370303170310018641","potions_obtained":[{"floor":5,"key":"Fire Potion"},{"floor":10,"key":"ColorlessPotion"}],"is_trial":false,"path_per_floor":["M","?","M","$","M","R","?","$","T","E","?","R","?","E","R","B"],"character_chosen":"IRONCLAD","items_purchased":["Singing Bowl","Blood for Blood"],"campfire_rested":0,"item_purchase_floors":[4,8],"current_hp_per_floor":[74,74,75,75,75,75,75,75,75,46,39,45,45,21,27,0,0],"gold":139,"neow_bonus":"THREE_ENEMY_KILL","is_daily":false,"chose_seed":false,"campfire_upgraded":3,"win_rate":0.0,"timestamp":1611717913,"path_taken":["M","?","?","$","M","R","?","?","T","E","?","R","?","E","R","BOSS"],"items_purchased_type":["Relic","Card"],"build_version":"2020-12-22","purchased_purges":1,"victory":false,"max_hp_per_floor":[75,75,75,75,75,75,75,75,75,77,77,77,70,72,72,72,72],"relic_stats":{"Singing Bowl":4,"counters":[6,25],"Golden Idol":7,"Eternal Feather":12,"Pen Nib":[3],"obtain_stats":[{"Potion Belt":14,"NeowsBlessing":0,"Singing Bowl":4,"Golden Idol":13,"Eternal Feather":10,"Pen Nib":9,"Burning Blood":0},{"Potion Belt":5,"NeowsBlessing":0,"Singing Bowl":2,"Golden Idol":4,"Eternal Feather":4,"Pen Nib":3,"Burning Blood":0},{"Potion Belt":18,"NeowsBlessing":0,"Singing Bowl":2,"Golden Idol":12,"Eternal Feather":12,"Pen Nib":3,"Burning Blood":0}],"Burning Blood":19},"card_choices":[{"not_picked":["Warcry","Inflame"],"picked":"Twin Strike","floor":1},{"not_picked":["Iron Wave","Clothesline","Warcry"],"picked":"SKIP","floor":3},{"not_picked":["Havoc","Headbutt"],"picked":"Shrug It Off","floor":5},{"not_picked":["Headbutt","Havoc","Shrug It Off"],"picked":"Singing Bowl","floor":10},{"not_picked":["Perfected Strike","Juggernaut","Brutality"],"picked":"Singing Bowl","floor":14}],"player_experience":1482862,"relics_obtained":[{"floor":9,"key":"Pen Nib"},{"floor":10,"key":"Eternal Feather"},{"floor":14,"key":"Potion Belt"}],"event_choices":[{"damage_healed":0,"gold_gain":275,"player_choice":"Desecrate","damage_taken":0,"max_hp_gain":0,"max_hp_loss":0,"event_name":"Golden Shrine","floor":2,"gold_loss":0,"cards_obtained":["Regret"]},{"cards_removed":["Strike_R"],"damage_healed":0,"gold_gain":0,"player_choice":"Offered Basic","damage_taken":0,"max_hp_gain":0,"max_hp_loss":0,"event_name":"Bonfire Elementals","floor":7,"gold_loss":0},{"cards_removed":["Strike_R"],"damage_healed":0,"gold_gain":0,"player_choice":"Card Removal","damage_taken":7,"max_hp_gain":0,"max_hp_loss":0,"event_name":"Golden Wing","floor":11,"gold_loss":0},{"damage_healed":0,"gold_gain":0,"player_choice":"Lose Max HP","damage_taken":0,"relics_obtained":["Golden Idol"],"max_hp_gain":0,"max_hp_loss":7,"event_name":"Golden Idol","floor":13,"gold_loss":0}],"is_beta":false,"boss_relics":[],"items_purged_floors":[4],"is_endless":false,"potions_floor_spawned":[5,10],"killed_by":"Slime Boss","ascension_level":20}}