{"host":"6xsbn6ynqlzwllfm","time":1611781821,"event":{"mods":["2.2 Compatiblity","BaseMod","Bestiary","Colored Map","Colored Powertips","Curses Come First","Highlight Path","Keyboard Shortcuts","Minty Spire (QoL Compilation)","Relic Stats","Slay the Relics Exporter","StSLib","SuperFastMode"],"gold_per_floor":[111,111,129,129,129,129,165,177,189,226,271,283,331,367,379,487,499,532,544,581,618,654,704,259,292,292,7,27,27,27,41,41,139,139,160,160,181,204,204,248,248,279,279,314,28,43,43,64,64,64,64,64,64,64,100,100,100],"floor_reached":56,"language":"ENG","playtime":4504,"items_purged":["Decay","Parasite","Pain"],"score":2111,"play_id":"68c4a783-69b4-4df1-bd44-896eb74a3613","local_time":"20210127161021","is_ascension_mode":true,"campfire_choices":[{"data":"Inflame","floor":6.0,"key":"SMITH"},{"data":"Bash","floor":8.0,"key":"SMITH"},{"floor":12.0,"key":"REST"},{"data":"Demon Form","floor":15.0,"key":"SMITH"},{"data":"Dramatic Entrance","floor":30.0,"key":"SMITH"},{"floor":32.0,"key":"REST"},{"floor":41.0,"key":"REST"},{"floor":47.0,"key":"RECALL"},{"floor":49.0,"key":"REST"},{"data":"Limit Break","floor":53.0,"key":"SMITH"}],"circlet_count":0,"master_deck":["AscendersBane","Strike_R","Strike_R","Strike_R+1","Strike_R","Defend_R","Defend_R+1","Defend_R","Defend_R+1","Bash+1","Inflame+1","Thunderclap","Twin Strike","Spot Weakness","Demon Form+1","Reaper","Heavy Blade","Pommel Strike+1","Shrug It Off","Iron Wave","Limit Break+1","Dramatic Entrance+1","Flame Barrier","Battle Trance","Shrug It Off","Feed","Shrug It Off","Shockwave+1","Evolve+1"],"relics":["Sozu","Vajra","Golden Idol","MawBank","Centennial Puzzle","Ornamental Fan","Lantern","Cursed Key","Happy Flower","Blood Vial","Bronze Scales","Bag of Marbles","War Paint","Whetstone","Akabeko","Mark of Pain","Toy Ornithopter","Strawberry","Oddly Smooth Stone","Bag of Preparation","Red Skull"],"acts_visited":["TheCity","TheBeyond","TheEnding"],"potions_floor_usage":[],"damage_taken":[{"damage":1.0,"enemies":"Cultist","floor":1.0,"turns":3.0},{"damage":7.0,"enemies":"Jaw Worm","floor":3.0,"turns":2.0},{"damage":20.0,"enemies":"Lagavulin","floor":7.0,"turns":5.0},{"damage":6.0,"enemies":"2 Louse","floor":10.0,"turns":2.0},{"damage":10.0,"enemies":"3 Sentries","floor":11.0,"turns":4.0},{"damage":24.0,"enemies":"Gremlin Nob","floor":13.0,"turns":4.0},{"damage":0.0,"enemies":"2 Fungi Beasts","floor":14.0,"turns":3.0},{"damage":19.0,"enemies":"Hexaghost","floor":16.0,"turns":5.0},{"damage":16.0,"enemies":"Shell Parasite","floor":18.0,"turns":2.0},{"damage":12.0,"enemies":"3 Byrds","floor":20.0,"turns":4.0},{"damage":16.0,"enemies":"Shelled Parasite and Fungi","floor":21.0,"turns":2.0},{"damage":29.0,"enemies":"Slavers","floor":23.0,"turns":3.0},{"damage":30.0,"enemies":"Book of Stabbing","floor":25.0,"turns":4.0},{"damage":11.0,"enemies":"3 Cultists","floor":28.0,"turns":4.0},{"damage":18.0,"enemies":"Sentry and Sphere","floor":31.0,"turns":4.0},{"damage":0.0,"enemies":"Champ","floor":33.0,"turns":5.0},{"damage":0.0,"enemies":"3 Shapes","floor":35.0,"turns":2.0},{"damage":0.0,"enemies":"3 Darklings","floor":37.0,"turns":2.0},{"damage":25.0,"enemies":"Spire Growth","floor":38.0,"turns":4.0},{"damage":27.0,"enemies":"Giant Head","floor":40.0,"turns":6.0},{"damage":46.0,"enemies":"Reptomancer","floor":42.0,"turns":7.0},{"damage":56.0,"enemies":"Giant Head","floor":44.0,"turns":7.0},{"damage":1.0,"enemies":"Sphere and 2 Shapes","floor":46.0,"turns":3.0},{"damage":34.0,"enemies":"Jaw Worm Horde","floor":48.0,"turns":3.0},{"damage":63.0,"enemies":"Donu and Deca","floor":50.0,"turns":8.0},{"damage":78.0,"enemies":"Awakened One","floor":51.0,"turns":8.0},{"damage":35.0,"enemies":"Shield and Spear","floor":55.0,"turns":5.0},{"damage":88,"enemies":"The Heart","floor":56,"turns":3}],"seed_played":"3365853392912441734","potions_obtained":[],"is_trial":false,"path_per_floor":["M","?","M","?","?","R","E","R","T","M","E","R","E","M","R","B",null,"M","?","M","M","T","E","$","E","T","$","M","?","R","M","R","B",null,"M","?","M","M","?","E","R","E","T","E","$","M","R","M","R","B","B",null,"R","$","E","B"],"character_chosen":"IRONCLAD","items_purchased":["Iron Wave","Bag of Marbles","War Paint","Dramatic Entrance","Flame Barrier","Bag of Preparation"],"campfire_rested":4,"item_purchase_floors":[24,24,24,27,27,45],"current_hp_per_floor":[67,49,42,42,64,64,44,44,44,38,28,48,24,24,24,5,52,36,36,33,51,51,56,56,33,33,33,38,38,38,22,41,43,60,62,62,65,43,43,41,62,47,47,11,11,63,63,34,59,66,39,73,73,73,67,0,0],"gold":100,"neow_bonus":"BOSS_RELIC","is_daily":false,"chose_seed":false,"campfire_upgraded":5,"win_rate":0.0,"timestamp":1611781821,"path_taken":["M","?","M","?","?","R","E","R","T","M","E","R","E","M","R","BOSS","M","?","?","M","?","E","$","E","T","$","M","?","R","M","R","BOSS","M","?","M","M","?","E","R","E","T","E","$","?","R","M","R","BOSS","BOSS","R","$","E","BOSS"],"items_purchased_type":["Card","Relic","Relic","Card","Card","Relic"],"build_version":"2020-12-22","purchased_purges":3,"victory":false,"max_hp_per_floor":[75,75,75,68,68,68,68,68,68,68,68,68,68,68,68,68,68,68,68,68,68,68,68,68,68,68,65,65,65,65,65,65,65,65,65,62,65,68,68,71,71,78,78,78,78,81,81,84,84,84,84,84,84,84,87,87,87],"relic_stats":{"Happy Flower":[28],"counters":[28,114],"Golden Idol":201,"Bag of Preparation":[12],"Whetstone":["Pommel Strike","Strike_R"],"War Paint":["Defend_R","Defend_R"],"MawBank":204,"Cursed Key":3,"Sozu":11,"Blood Vial":30,"Centennial Puzzle":[63],"Ornamental Fan":[156],"Bronze Scales":[198],"obtain_stats":[{"Lantern":13,"Happy Flower":19,"Golden Idol":4,"Vajra":2,"Oddly Smooth Stone":44,"Bag of Preparation":45,"Whetstone":25,"War Paint":24,"MawBank":7,"Cursed Key":17,"Burning Blood":0,"Akabeko":26,"Sozu":0,"Blood Vial":22,"Centennial Puzzle":9,"Ornamental Fan":11,"Bronze Scales":23,"Strawberry":42,"Mark of Pain":34,"Bag of Marbles":24,"Toy Ornithopter":40,"Red Skull":55},{"Lantern":6,"Happy Flower":9,"Golden Idol":2,"Vajra":1,"Oddly Smooth Stone":22,"Bag of Preparation":22,"Whetstone":13,"War Paint":12,"MawBank":3,"Cursed Key":8,"Burning Blood":0,"Akabeko":13,"Sozu":0,"Blood Vial":11,"Centennial Puzzle":3,"Ornamental Fan":5,"Bronze Scales":12,"Strawberry":21,"Mark of Pain":16,"Bag of Marbles":12,"Toy Ornithopter":20,"Red Skull":27},{"Lantern":20,"Happy Flower":30,"Golden Idol":5,"Vajra":3,"Oddly Smooth Stone":84,"Bag of Preparation":84,"Whetstone":43,"War Paint":39,"MawBank":10,"Cursed Key":28,"Burning Blood":0,"Akabeko":43,"Sozu":0,"Blood Vial":36,"Centennial Puzzle":10,"Ornamental Fan":16,"Bronze Scales":39,"Strawberry":77,"Mark of Pain":56,"Bag of Marbles":39,"Toy Ornithopter":70,"Red Skull":111}],"Toy Ornithopter":0},"card_choices":[{"not_picked":["True Grit","Warcry"],"picked":"Inflame","floor":1.0},{"not_picked":["True Grit","Clash"],"picked":"Thunderclap","floor":3.0},{"not_picked":["Clash","Dark Embrace"],"picked":"Twin Strike","floor":7.0},{"not_picked":["Pommel Strike","Sentinel"],"picked":"Spot Weakness","floor":10.0},{"not_picked":["Rage","Flex"],"picked":"Demon Form","floor":13.0},{"not_picked":["Sever Soul","Bloodletting"],"picked":"Inflame","floor":14.0},{"not_picked":["Bludgeon","Corruption"],"picked":"Reaper","floor":16.0},{"not_picked":["Anger","Hemokinesis"],"picked":"Heavy Blade","floor":18.0},{"not_picked":["Sever Soul","Clothesline"],"picked":"Pommel Strike","floor":21.0},{"not_picked":["Metallicize","Clash"],"picked":"Shrug It Off","floor":23.0},{"not_picked":["Infernal Blade","Clash"],"picked":"Limit Break","floor":25.0},{"not_picked":["Infernal Blade","Anger"],"picked":"Shrug It Off","floor":31.0},{"not_picked":["Double Tap","Fiend Fire"],"picked":"Feed","floor":33.0},{"not_picked":["True Grit","Body Slam"],"picked":"Shrug It Off","floor":35.0},{"not_picked":["Thunderclap","Pommel Strike"],"picked":"Shockwave+1","floor":37.0},{"not_picked":["Armaments","Infernal Blade"],"picked":"Evolve+1","floor":46.0}],"player_experience":1171332,"relics_obtained":[{"floor":7.0,"key":"MawBank"},{"floor":9.0,"key":"Centennial Puzzle"},{"floor":11.0,"key":"Ornamental Fan"},{"floor":13.0,"key":"Lantern"},{"floor":22.0,"key":"Blood Vial"},{"floor":23.0,"key":"Bronze Scales"},{"floor":25.0,"key":"Whetstone"},{"floor":26.0,"key":"Akabeko"},{"floor":40.0,"key":"Toy Ornithopter"},{"floor":42.0,"key":"Strawberry"},{"floor":44.0,"key":"Oddly Smooth Stone"},{"floor":55.0,"key":"Red Skull"}],"event_choices":[{"damage_healed":0.0,"max_hp_gain":0.0,"max_hp_loss":0.0,"gold_gain":0.0,"event_name":"Scrap Ooze","player_choice":"Success","floor":2.0,"gold_loss":0.0,"damage_taken":18.0,"relics_obtained":["Vajra"]},{"damage_healed":0.0,"max_hp_gain":0.0,"max_hp_loss":7.0,"gold_gain":0.0,"event_name":"Golden Idol","player_choice":"Lose Max HP","floor":4.0,"gold_loss":0.0,"damage_taken":0.0,"relics_obtained":["Golden Idol"]},{"damage_healed":22.0,"max_hp_gain":0.0,"max_hp_loss":0.0,"gold_gain":0.0,"event_name":"Big Fish","player_choice":"Banana","floor":5.0,"gold_loss":0.0,"damage_taken":0.0},{"cards_removed":["Inflame"],"damage_healed":0.0,"max_hp_gain":0.0,"max_hp_loss":0.0,"gold_gain":0.0,"event_name":"WeMeetAgain","player_choice":"Gave Card","floor":19.0,"gold_loss":0.0,"damage_taken":0.0,"relics_obtained":["Happy Flower"]},{"damage_healed":0.0,"max_hp_gain":0.0,"max_hp_loss":0.0,"gold_gain":0.0,"event_name":"The Library","player_choice":"Read","floor":29.0,"gold_loss":0.0,"damage_taken":0.0,"cards_obtained":["Battle Trance"]},{"damage_healed":0.0,"max_hp_gain":0.0,"max_hp_loss":3.0,"gold_gain":0.0,"event_name":"Winding Halls","player_choice":"Max HP","floor":36.0,"gold_loss":0.0,"damage_taken":0.0},{"cards_removed":["Strike_R"],"damage_healed":0.0,"max_hp_gain":0.0,"max_hp_loss":0.0,"gold_gain":0.0,"event_name":"Purifier","player_choice":"Purged","floor":39.0,"gold_loss":0.0,"damage_taken":0.0}],"is_beta":false,"boss_relics":[{"not_picked":["Runic Cube","Tiny House"],"picked":"Cursed Key"},{"not_picked":["Runic Dome","Snecko Eye"],"picked":"Mark of Pain"}],"items_purged_floors":[24,27,45],"is_endless":false,"potions_floor_spawned":[1,10,11,13,23,28,31,33,37,42,44],"killed_by":"The Heart","ascension_level":20}}