{"host":"ewns8ifhbubwkcum","time":1611782477,"event":{"mods":["BaseMod","Block Reminder","Colored Map","Colored Powertips","Downfall","Highlight Path","Minty Spire (QoL Compilation)","Permanent Neow","Quick Restart","Random Character Button","StSLib"],"gold_per_floor":[99,119,33,33,18,18,43,43,43,28,54,54,54],"floor_reached":11,"language":"ENG","playtime":1430,"items_purged":[],"score":74,"play_id":"07ba7fa8-26b1-4e59-8b88-dda89e3c5d5a","local_time":"20210127152117","is_ascension_mode":true,"campfire_choices":[{"data":"sneckomod:TailWhip","floor":1.0,"key":"SMITH"},{"floor":6.0,"key":"RECALL"}],"circlet_count":0,"master_deck":["sneckomod:Strike","sneckomod:Strike","sneckomod:Strike","sneckomod:Defend","sneckomod:Defend","sneckomod:Defend","sneckomod:TailWhip+1","sneckomod:SnekBite","sneckomod:Unknown","sneckomod:Unknown","sneckomod:UnknownDraw","sneckomod:UnknownBlock","Guardian:Gem_Cyan","sneckomod:UnknownCommonAttack","sneckomod:UnknownClassSLIMEBOUND","sneckomod:QuickMove","sneckomod:UnknownClassBLUE"],"relics":["sneckomod:SneckoSoul","Bag of Preparation","Lantern","Torii"],"acts_visited":["Exordium"],"potions_floor_usage":[],"damage_taken":[{"damage":0.0,"enemies":"Cultist","floor":2.0,"turns":3.0},{"damage":8.0,"enemies":"downfall:FleeingMerchant","floor":3.0,"turns":4.0},{"damage":0.0,"enemies":"downfall:FleeingMerchant","floor":5.0,"turns":4.0},{"damage":0.0,"enemies":"downfall:FleeingMerchant","floor":10.0,"turns":4.0},{"damage":11,"enemies":"Lagavulin","floor":11,"turns":5}],"seed_played":"-1866549953418526325","potions_obtained":[{"floor":11,"key":"sneckomod:DiceRollPotion"}],"is_trial":false,"path_per_floor":["R","M","$","?","$","R","T","T","?","$","E"],"character_chosen":"THE_SNECKO","items_purchased":["sneckomod:UnknownClassSLIMEBOUND","sneckomod:QuickMove"],"campfire_rested":0,"item_purchase_floors":[3,3],"current_hp_per_floor":[90,90,86,91,91,91,91,91,91,96,85,85,85],"gold":54,"neow_bonus":"THREE_CARDS","is_daily":false,"chose_seed":false,"campfire_upgraded":1,"win_rate":0.0,"timestamp":1611782477,"path_taken":["R","M","$","?","$","R","T","?","?","?","E"],"items_purchased_type":["Card","Card"],"build_version":"2020-12-22","purchased_purges":0,"victory":false,"max_hp_per_floor":[90,90,90,95,95,95,95,95,95,100,100,100,100],"card_choices":[{"not_picked":["sneckomod:DiceBlock","sneckomod:WideSting"],"picked":"sneckomod:UnknownDraw","floor":0.0},{"not_picked":["sneckomod:UnknownUncommonAttack","sneckomod:UnknownClassGUARDIAN"],"picked":"sneckomod:UnknownBlock","floor":2.0},{"not_picked":["Guardian:Gem_Lightblue","Guardian:Gem_Green"],"picked":"Guardian:Gem_Cyan","floor":2.0},{"not_picked":["sneckomod:UnlimitedRolls","sneckomod:CheapStock"],"picked":"sneckomod:UnknownCommonAttack","floor":3.0},{"not_picked":["sneckomod:UnknownVulnerable","sneckomod:SoulDraw"],"picked":"sneckomod:UnknownClassBLUE","floor":5.0}],"player_experience":1011785,"relics_obtained":[{"floor":7.0,"key":"Bag of Preparation"},{"floor":11,"key":"Torii"}],"event_choices":[{"damage_healed":0.0,"max_hp_gain":5.0,"max_hp_loss":0.0,"gold_gain":0.0,"event_name":"Big Fish","player_choice":"Donut","floor":4.0,"gold_loss":0.0,"damage_taken":0.0},{"damage_healed":0,"gold_gain":0,"player_choice":"Donut","damage_taken":0,"max_hp_gain":5,"max_hp_loss":0,"event_name":"Big Fish","floor":10,"gold_loss":0}],"is_beta":false,"boss_relics":[],"items_purged_floors":[],"is_endless":false,"potions_floor_spawned":[11],"killed_by":"Lagavulin","ascension_level":2}}