{"host":"bq4pt811tk9yrmjl","time":1611762275,"event":{"mods":["AchievementEnabler","BaseMod","Colored Map","Colored Powertips","Defuse TimeMaze Blight","Hermit","Minty Spire (QoL Compilation)","StSLib","SuperFastMode"],"gold_per_floor":[110,210,66,80,99,99,133,133,133,152,152,152,152,169,169,270,270,270,270,270,130,130,130,130,130],"floor_reached":24,"language":"ENG","playtime":565,"items_purged":[],"score":208,"play_id":"501d0e83-f1ec-407c-ba0e-10e67b613638","local_time":"20210127134435","is_ascension_mode":true,"campfire_choices":[{"data":"WindmillStrike","floor":6.0,"key":"SMITH"},{"data":"Establishment","floor":13.0,"key":"SMITH"},{"floor":15.0,"key":"REST"},{"floor":23,"key":"REST"}],"circlet_count":0,"master_deck":["Strike_P","Strike_P","Strike_P","Strike_P","Defend_P","Defend_P","Defend_P","Defend_P","Eruption","Vigilance","WindmillStrike+1","Weave","Establishment+1","Vault+1","Wireheading+1","ClearTheMind+1","Protect+1","Pray+1","DeceiveReality+1","Prostrate+1"],"relics":["PureWater","NeowsBlessing","Damaru","Toxic Egg 2","Ectoplasm"],"acts_visited":["Exordium","TheCity"],"potions_floor_usage":[18,20,22],"damage_taken":[{"damage":0.0,"enemies":"Small Slimes","floor":1.0,"turns":1.0},{"damage":0.0,"enemies":"Cultist","floor":4.0,"turns":1.0},{"damage":0.0,"enemies":"Jaw Worm","floor":5.0,"turns":1.0},{"damage":13.0,"enemies":"3 Sentries","floor":7.0,"turns":6.0},{"damage":1.0,"enemies":"Large Slime","floor":10.0,"turns":5.0},{"damage":21.0,"enemies":"Gremlin Gang","floor":14.0,"turns":5.0},{"damage":30.0,"enemies":"Slime Boss","floor":16.0,"turns":6.0},{"damage":5,"enemies":"Spheric Guardian","floor":18,"turns":5},{"damage":12,"enemies":"Shell Parasite","floor":19,"turns":8},{"damage":9,"enemies":"Centurion and Healer","floor":20,"turns":9},{"damage":10,"enemies":"Snecko","floor":22,"turns":6},{"damage":58,"enemies":"Gremlin Leader","floor":24,"turns":10}],"seed_played":"-9051854190442507986","potions_obtained":[{"floor":4.0,"key":"Strength Potion"},{"floor":5.0,"key":"Fire Potion"},{"floor":14.0,"key":"Block Potion"},{"floor":19,"key":"SkillPotion"},{"floor":20,"key":"ColorlessPotion"}],"is_trial":false,"path_per_floor":["M","?","$","M","M","R","E","?","T","M","$","?","R","M","R","B",null,"M","M","M","$","M","R","E"],"character_chosen":"WATCHER","items_purchased":["Damaru","Pray+1","DeceiveReality+1"],"campfire_rested":2,"item_purchase_floors":[3,21,21],"current_hp_per_floor":[72,72,72,72,72,72,59,59,59,58,58,72,72,51,72,42,72,67,55,46,46,36,57,0,0],"gold":130,"neow_bonus":"THREE_ENEMY_KILL","is_daily":false,"chose_seed":false,"campfire_upgraded":2,"win_rate":0.0,"timestamp":1611762275,"path_taken":["M","?","$","M","?","R","E","?","T","M","$","?","R","M","R","BOSS","M","M","?","$","?","R","E"],"items_purchased_type":["Relic","Card","Card"],"build_version":"2020-12-22","purchased_purges":0,"victory":false,"max_hp_per_floor":[72,72,72,72,72,72,72,72,72,72,72,72,72,72,72,72,72,72,72,72,72,72,72,72,72],"card_choices":[{"not_picked":["Consecrate","Wireheading"],"picked":"WindmillStrike","floor":1.0},{"not_picked":["EmptyFist","CrushJoints"],"picked":"Weave","floor":4.0},{"not_picked":["JustLucky","EmptyBody","Halt"],"picked":"SKIP","floor":5.0},{"not_picked":["FollowUp","CutThroughFate"],"picked":"Establishment","floor":7.0},{"not_picked":["ClearTheMind+1","Indignation+1"],"picked":"Study","floor":10.0},{"not_picked":["FlurryOfBlows","WheelKick","EmptyFist"],"picked":"SKIP","floor":14.0},{"not_picked":["DeusExMachina+1","SpiritShield+1"],"picked":"Vault+1","floor":16.0},{"not_picked":["SashWhip","Adaptation+1"],"picked":"Wireheading+1","floor":18},{"not_picked":["FlyingSleeves","CutThroughFate"],"picked":"ClearTheMind+1","floor":19},{"not_picked":["Evaluate+1","JustLucky"],"picked":"Protect+1","floor":20},{"not_picked":["Indignation+1","ThirdEye+1"],"picked":"Prostrate+1","floor":22}],"player_experience":270659,"relics_obtained":[{"floor":7.0,"key":"Toxic Egg 2"}],"event_choices":[{"damage_healed":0.0,"max_hp_gain":0.0,"max_hp_loss":0.0,"gold_gain":100.0,"event_name":"Golden Shrine","player_choice":"Pray","floor":2.0,"gold_loss":0.0,"damage_taken":0.0},{"damage_healed":0.0,"max_hp_gain":0.0,"max_hp_loss":0.0,"gold_gain":0.0,"event_name":"Liars Game","player_choice":"Ignored","floor":8.0,"gold_loss":0.0,"damage_taken":0.0},{"cards_removed":["Study"],"damage_healed":14.0,"max_hp_gain":0.0,"max_hp_loss":0.0,"gold_gain":0.0,"event_name":"Bonfire Elementals","player_choice":"Offered Uncommon","floor":12.0,"gold_loss":0.0,"damage_taken":0.0}],"is_beta":false,"boss_relics":[{"not_picked":["Fusion Hammer","Coffee Dripper"],"picked":"Ectoplasm"}],"items_purged_floors":[],"is_endless":false,"potions_floor_spawned":[4,5,14,19,20],"killed_by":"Gremlin Leader","ascension_level":1}}