{"host":"w32y1rowg7sz2csy","time":1611755055,"event":{"mods":["BaseMod","Bestiary","Colored Map","Downfall","Minty Spire (QoL Compilation)","StSLib"],"gold_per_floor":[110,122,47,222,222,254,254,279,303,320,31,31,41,56,56,159,159,173,98,98,127,138,168,168,188,188,37,52,85,105,125,125,226,226,237,237,285,92,2,2,19,34,83,83,95,95,120,134,134,134],"floor_reached":51,"language":"ENG","playtime":2377,"items_purged":["Strike_R"],"score":927,"play_id":"88843f76-37b1-488d-8ce4-9c5b31e3c29a","local_time":"20210127144415","is_ascension_mode":false,"campfire_choices":[{"data":"Bash","floor":7,"key":"SMITH"},{"data":"Double Tap","floor":12,"key":"SMITH"},{"floor":15,"key":"REST"},{"floor":24,"key":"REST"},{"data":"Demon Form","floor":32,"key":"SMITH"},{"data":"Bludgeon","floor":40,"key":"SMITH"},{"data":"Pummel","floor":49,"key":"SMITH"}],"circlet_count":0,"master_deck":["Strike_R","Strike_R","Strike_R+1","Strike_R+1","Defend_R","Defend_R+1","Defend_R","Defend_R","Bash+1","Pommel Strike","Twin Strike","Double Tap+1","Flame Barrier+1","Demon Form+1","Armaments+1","Perfected Strike+1","Inflame","Dropkick","Bludgeon+1","Shockwave+1","Mayhem","Pummel+1","Dual Wield+1"],"relics":["Burning Blood","NeowsBlessing","Matryoshka","Paper Frog","Whetstone","Red Skull","Dream Catcher","Blood Vial","Philosopher\u0027s Stone","Vajra","Red Mask","Bottled Flame","PreservedInsect","Question Card","Lantern","Bag of Marbles","Snecko Eye","Ginger","Bronze Scales","War Paint"],"acts_visited":["Exordium","TheCity","TheBeyond"],"potions_floor_usage":[13,28,37,50,50,50],"damage_taken":[{"damage":0,"enemies":"Small Slimes","floor":1,"turns":1},{"damage":0,"enemies":"Jaw Worm","floor":2,"turns":1},{"damage":0,"enemies":"Gremlin Nob","floor":6,"turns":1},{"damage":38,"enemies":"3 Sentries","floor":8,"turns":12},{"damage":0,"enemies":"Cultist","floor":10,"turns":3},{"damage":18,"enemies":"Large Slime","floor":13,"turns":5},{"damage":4,"enemies":"Blue Slaver","floor":14,"turns":3},{"damage":44,"enemies":"The Guardian","floor":16,"turns":9},{"damage":28,"enemies":"2 Thieves","floor":18,"turns":3},{"damage":0,"enemies":"Masked Bandits","floor":21,"turns":2},{"damage":3,"enemies":"Chosen","floor":22,"turns":3},{"damage":58,"enemies":"Gremlin Leader","floor":23,"turns":6},{"damage":13,"enemies":"Snake Plant","floor":25,"turns":2},{"damage":11,"enemies":"3 Cultists","floor":28,"turns":4},{"damage":0,"enemies":"Book of Stabbing","floor":29,"turns":2},{"damage":0,"enemies":"Snecko","floor":30,"turns":2},{"damage":0,"enemies":"Centurion and Healer","floor":31,"turns":2},{"damage":56,"enemies":"Champ","floor":33,"turns":7},{"damage":5,"enemies":"3 Shapes","floor":35,"turns":3},{"damage":15,"enemies":"2 Orb Walkers","floor":37,"turns":3},{"damage":2,"enemies":"3 Darklings","floor":41,"turns":3},{"damage":0,"enemies":"Transient","floor":42,"turns":5},{"damage":0,"enemies":"Writhing Mass","floor":45,"turns":1},{"damage":0,"enemies":"Nemesis","floor":47,"turns":1},{"damage":0,"enemies":"Sphere and 2 Shapes","floor":48,"turns":3},{"damage":64,"enemies":"Awakened One","floor":50,"turns":5}],"seed_played":"3397421048985006966","potions_obtained":[{"floor":1,"key":"Weak Potion"},{"floor":6,"key":"LiquidMemories"},{"floor":10,"key":"BlessingOfTheForge"},{"floor":13,"key":"Energy Potion"},{"floor":23,"key":"BloodPotion"},{"floor":28,"key":"ColorlessPotion"},{"floor":42,"key":"AttackPotion"}],"is_trial":false,"path_per_floor":["M","M","$","?","T","E","R","E","T","M","$","R","M","M","R","B",null,"M","?","?","?","M","E","R","M","T","$","M","E","M","M","R","B",null,"M","?","?","$","?","R","M","M","T","?","M","?","E","M","R","B",null],"character_chosen":"IRONCLAD","items_purchased":["Double Tap","Blood Vial","Lantern","Mayhem"],"campfire_rested":2,"item_purchase_floors":[11,11,27,38],"current_hp_per_floor":[80,80,80,80,80,80,80,48,48,54,54,54,44,48,72,36,80,58,58,58,66,71,21,45,40,40,40,53,61,69,77,77,29,80,80,76,67,67,67,67,73,76,76,76,76,76,76,76,76,18],"gold":134,"neow_bonus":"THREE_ENEMY_KILL","is_daily":false,"chose_seed":false,"campfire_upgraded":5,"win_rate":0.0,"timestamp":1611755055,"path_taken":["M","M","$","?","?","E","R","E","T","?","$","R","M","M","R","BOSS","M","?","?","?","M","E","R","M","T","?","M","E","M","M","R","BOSS","M","?","?","$","?","R","?","M","T","?","M","?","E","?","R","BOSS"],"items_purchased_type":["Card","Relic","Relic","Card"],"build_version":"2020-12-22","purchased_purges":1,"victory":true,"max_hp_per_floor":[80,80,80,80,80,80,80,80,80,80,80,80,80,80,80,80,80,80,80,80,80,80,80,80,80,80,80,80,80,80,80,80,80,80,80,76,76,76,76,76,76,76,76,76,76,76,76,76,76,76],"card_choices":[{"not_picked":["Dual Wield","Pommel Strike"],"picked":"Perfected Strike","floor":1},{"not_picked":["Sever Soul","Bloodletting"],"picked":"Pommel Strike","floor":2},{"not_picked":["Rupture","Burning Pact","Iron Wave"],"picked":"SKIP","floor":6},{"not_picked":["Ghostly Armor","Anger"],"picked":"Infernal Blade","floor":8},{"not_picked":["Hemokinesis","Perfected Strike"],"picked":"Twin Strike","floor":10},{"not_picked":["Seeing Red","Iron Wave","Cleave"],"picked":"SKIP","floor":13},{"not_picked":["Rupture","Headbutt","Clothesline"],"picked":"SKIP","floor":14},{"not_picked":["Anger","Uppercut"],"picked":"Flame Barrier","floor":15},{"not_picked":["Fiend Fire","Reaper"],"picked":"Demon Form","floor":16},{"not_picked":["Thunderclap","Cleave","Body Slam+1"],"picked":"SKIP","floor":18},{"not_picked":["Clash","Hemokinesis"],"picked":"Armaments","floor":21},{"not_picked":["Whirlwind","Twin Strike","Iron Wave"],"picked":"SKIP","floor":22},{"not_picked":["Combust","Warcry","Armaments+1"],"picked":"SKIP","floor":23},{"not_picked":["Warcry","Searing Blow"],"picked":"Perfected Strike+1","floor":25},{"not_picked":["Sword Boomerang","Anger","Offering","Flex"],"picked":"SKIP","floor":28},{"not_picked":["Hemokinesis","Power Through","Sever Soul"],"picked":"Inflame","floor":29},{"not_picked":["Ghostly Armor","Iron Wave","Clothesline"],"picked":"Dropkick","floor":30},{"not_picked":["Twin Strike","Infernal Blade","Impervious","Shrug It Off"],"picked":"SKIP","floor":31},{"not_picked":["Double Tap","Brutality","Reaper"],"picked":"Bludgeon","floor":33},{"not_picked":["Burning Pact+1","Armaments","True Grit+1"],"picked":"Shockwave+1","floor":35},{"not_picked":["Cleave","Flame Barrier","Intimidate","True Grit+1"],"picked":"SKIP","floor":41},{"not_picked":["Burning Pact+1","Dark Embrace","Bloodletting","Flex"],"picked":"SKIP","floor":42},{"not_picked":["True Grit+1","Dark Embrace","Rupture+1","Inflame"],"picked":"SKIP","floor":45},{"not_picked":["Fire Breathing","Feed","Twin Strike+1"],"picked":"Pummel","floor":47},{"not_picked":["Armaments","Clash","Metallicize"],"picked":"Dual Wield+1","floor":48}],"player_experience":121,"relics_obtained":[{"floor":5,"key":"Matryoshka"},{"floor":6,"key":"Paper Frog"},{"floor":8,"key":"Whetstone"},{"floor":9,"key":"Red Skull"},{"floor":9,"key":"Dream Catcher"},{"floor":21,"key":"Red Mask"},{"floor":23,"key":"Bottled Flame"},{"floor":26,"key":"PreservedInsect"},{"floor":26,"key":"Question Card"},{"floor":29,"key":"Bag of Marbles"},{"floor":37,"key":"Ginger"},{"floor":43,"key":"Bronze Scales"},{"floor":47,"key":"War Paint"}],"event_choices":[{"damage_healed":0,"gold_gain":175,"player_choice":"AGREE","damage_taken":0,"max_hp_gain":0,"max_hp_loss":0,"event_name":"Liars Game","floor":4,"gold_loss":0,"cards_obtained":["Doubt"]},{"cards_removed":["Doubt"],"damage_healed":0,"gold_gain":0,"player_choice":"Gave Gold","damage_taken":0,"max_hp_gain":0,"max_hp_loss":0,"event_name":"Beggar","floor":19,"gold_loss":75},{"damage_healed":0,"gold_gain":0,"player_choice":"Opened","damage_taken":0,"relics_obtained":["Vajra"],"max_hp_gain":0,"max_hp_loss":0,"event_name":"The Mausoleum","floor":20,"gold_loss":0},{"damage_healed":0,"gold_gain":0,"player_choice":"Fought Bandits","damage_taken":0,"max_hp_gain":0,"max_hp_loss":0,"event_name":"Masked Bandits","floor":21,"gold_loss":0},{"damage_healed":0,"gold_gain":0,"player_choice":"Max HP","damage_taken":0,"max_hp_gain":0,"max_hp_loss":4,"event_name":"Winding Halls","floor":36,"gold_loss":0},{"damage_healed":0,"gold_gain":0,"player_choice":"Fight","damage_taken":0,"max_hp_gain":0,"max_hp_loss":0,"event_name":"Mysterious Sphere","floor":37,"gold_loss":0},{"cards_removed":["Infernal Blade"],"damage_healed":0,"gold_gain":0,"player_choice":"Upgrade and Remove","damage_taken":0,"max_hp_gain":0,"max_hp_loss":0,"event_name":"Designer","floor":39,"gold_loss":90,"cards_upgraded":["Armaments"]},{"cards_removed":["Perfected Strike"],"damage_healed":0,"gold_gain":0,"player_choice":"Removed Attack","damage_taken":0,"max_hp_gain":0,"max_hp_loss":0,"event_name":"Falling","floor":44,"gold_loss":0},{"damage_healed":0,"gold_gain":0,"player_choice":"Memory 1","damage_taken":0,"max_hp_gain":0,"max_hp_loss":0,"event_name":"SensoryStone","floor":46,"gold_loss":0}],"is_beta":false,"boss_relics":[{"not_picked":["bronze:MakeshiftBattery","Fusion Hammer"],"picked":"Philosopher\u0027s Stone"},{"not_picked":["Coffee Dripper","Velvet Choker"],"picked":"Snecko Eye"}],"items_purged_floors":[3],"is_endless":false,"potions_floor_spawned":[1,6,10,13,23,25,28,33,35,42,47,48],"ascension_level":0}}