{"host":"o7j6aatxjwpw1421","time":1611760196,"event":{"mods":["2.2 Compatiblity","AchievementEnabler","BaseMod","Colored Map","DeckTracker","Highlight Path","Keyboard Shortcuts","Minty Spire (QoL Compilation)","Permanent Neow","Quick Restart","StSLib","SuperFastMode","everything is the same but u backflip on backflip"],"gold_per_floor":[12,31,43,43,59,59,74,74,128,157,172,172,187,187,187,291,291,308,324,324,139,139,139,464,464,464,494,507,522,621,654,654,756,756,776,776,776,358,372,387,419,419,469,497,510,526,526,536,536,536,536,536,102,130,130,130],"floor_reached":55,"language":"KOR","playtime":2927,"items_purged":["Strike_B+1","Strike_B+1","Strike_B+1"],"score":904,"play_id":"a4932036-63a6-4305-b56e-b39e0aaa581e","local_time":"20210128000956","is_ascension_mode":true,"campfire_choices":[{"data":"Defragment","floor":6.0,"key":"SMITH"},{"data":"Redo","floor":8.0,"key":"SMITH"},{"data":"Loop","floor":12.0,"key":"SMITH"},{"floor":15.0,"key":"REST"},{"data":"Genetic Algorithm","floor":23.0,"key":"SMITH"},{"floor":25.0,"key":"REST"},{"data":"Zap","floor":32.0,"key":"SMITH"},{"floor":42.0,"key":"REST"},{"floor":47.0,"key":"RECALL"},{"data":"Loop","floor":49.0,"key":"SMITH"},{"data":"Dualcast","floor":52.0,"key":"SMITH"}],"circlet_count":0,"master_deck":["Strike_B+1","Defend_B+1","Defend_B+1","Defend_B+1","Defend_B+1","Zap+1","Dualcast+1","Streamline","Defragment+1","Capacitor","Redo+1","Loop+1","Ball Lightning","Aggregate+1","Reboot+1","Cold Snap","Genetic Algorithm+1","Self Repair","Defragment+1","Conserve Battery+1","Chill+1","Thunder Strike+1","White Noise+1","Loop+1","Compile Driver+1","Lockon+1","Barrage+1"],"relics":["Cracked Core","Incense Burner","Vajra","HornCleat","Oddly Smooth Stone","Busted Crown","Old Coin","War Paint","Anchor","Molten Egg 2","Inserter","Mummified Hand","Omamori","MealTicket","Membership Card","Pen Nib","Strawberry","Bottled Tornado"],"acts_visited":["Exordium","TheCity","TheBeyond","TheEnding"],"potions_floor_usage":[55,55,55],"damage_taken":[{"damage":4.0,"enemies":"Small Slimes","floor":1.0,"turns":4.0},{"damage":0.0,"enemies":"Cultist","floor":2.0,"turns":3.0},{"damage":4.0,"enemies":"2 Louse","floor":3.0,"turns":2.0},{"damage":13.0,"enemies":"Blue Slaver","floor":5.0,"turns":4.0},{"damage":0.0,"enemies":"3 Louse","floor":7.0,"turns":3.0},{"damage":19.0,"enemies":"Gremlin Nob","floor":10.0,"turns":4.0},{"damage":4.0,"enemies":"Red Slaver","floor":11.0,"turns":3.0},{"damage":2.0,"enemies":"2 Fungi Beasts","floor":13.0,"turns":2.0},{"damage":22.0,"enemies":"Hexaghost","floor":16.0,"turns":8.0},{"damage":0.0,"enemies":"Chosen","floor":18.0,"turns":4.0},{"damage":24.0,"enemies":"2 Thieves","floor":19.0,"turns":3.0},{"damage":31.0,"enemies":"Slavers","floor":24.0,"turns":4.0},{"damage":6.0,"enemies":"Book of Stabbing","floor":27.0,"turns":6.0},{"damage":18.0,"enemies":"Sentry and Sphere","floor":28.0,"turns":4.0},{"damage":0.0,"enemies":"Snake Plant","floor":29.0,"turns":3.0},{"damage":0.0,"enemies":"Slavers","floor":31.0,"turns":6.0},{"damage":7.0,"enemies":"Collector","floor":33.0,"turns":9.0},{"damage":16.0,"enemies":"3 Darklings","floor":35.0,"turns":6.0},{"damage":0.0,"enemies":"3 Shapes","floor":39.0,"turns":6.0},{"damage":0.0,"enemies":"Spire Growth","floor":40.0,"turns":5.0},{"damage":60.0,"enemies":"Nemesis","floor":41.0,"turns":9.0},{"damage":14.0,"enemies":"Reptomancer","floor":44.0,"turns":8.0},{"damage":0.0,"enemies":"Maw","floor":45.0,"turns":6.0},{"damage":0.0,"enemies":"Sphere and 2 Shapes","floor":46.0,"turns":8.0},{"damage":0.0,"enemies":"3 Darklings","floor":48.0,"turns":6.0},{"damage":22.0,"enemies":"Awakened One","floor":50.0,"turns":14.0},{"damage":54.0,"enemies":"Shield and Spear","floor":54.0,"turns":9.0},{"damage":39,"enemies":"The Heart","floor":55,"turns":3}],"seed_played":"491055446770234080","potions_obtained":[{"floor":2.0,"key":"Ancient Potion"},{"floor":3.0,"key":"Energy Potion"},{"floor":10.0,"key":"SteroidPotion"},{"floor":13.0,"key":"Strength Potion"},{"floor":18.0,"key":"BlessingOfTheForge"},{"floor":24.0,"key":"Explosive Potion"},{"floor":28.0,"key":"Fire Potion"},{"floor":29.0,"key":"LiquidMemories"},{"floor":37.0,"key":"Swift Potion"},{"floor":37.0,"key":"Swift Potion"},{"floor":37.0,"key":"GamblersBrew"},{"floor":41.0,"key":"PotionOfCapacity"},{"floor":45.0,"key":"Swift Potion"},{"floor":48.0,"key":"Regen Potion"},{"floor":54.0,"key":"ColorlessPotion"}],"is_trial":false,"path_per_floor":["M","M","M","?","M","R","M","R","T","E","M","R","M","?","R","B",null,"M","M","?","$","?","R","E","R","T","E","M","M","?","E","R","B",null,"M","?","?","$","M","M","E","R","T","E","M","M","R","M","R","B",null,"R","$","E","B"],"character_chosen":"DEFECT","items_purchased":["Genetic Algorithm","Self Repair","Mummified Hand","Loop","Membership Card","Swift Potion","Pen Nib","Strawberry","EssenceOfDarkness"],"campfire_rested":3,"item_purchase_floors":[21,21,38,38,53,53,53,53,53],"current_hp_per_floor":[71,71,67,67,54,54,54,54,54,35,31,31,29,17,39,17,75,75,51,51,51,51,51,27,49,49,50,39,46,46,53,53,53,75,66,66,66,66,73,75,22,44,44,37,44,51,51,58,58,43,75,75,82,35,0,0],"gold":130,"neow_bonus":"ONE_RARE_RELIC","is_daily":false,"chose_seed":false,"campfire_upgraded":7,"win_rate":0.0,"timestamp":1611760196,"path_taken":["M","M","M","?","M","R","M","R","T","E","M","R","M","?","R","BOSS","M","M","?","$","?","R","E","R","T","E","M","?","?","E","R","BOSS","M","?","?","$","M","M","E","R","T","E","M","?","R","M","R","BOSS","R","$","E","BOSS"],"items_purchased_type":["Card","Card","Relic","Card","Relic","Potion","Relic","Relic","Potion"],"build_version":"2020-12-22","purchased_purges":3,"victory":false,"max_hp_per_floor":[75,75,75,75,75,75,75,75,75,75,75,75,75,75,75,75,75,75,75,75,75,75,75,75,75,75,75,75,75,75,75,75,75,75,75,75,75,75,75,75,75,75,75,75,75,75,75,75,75,75,75,75,82,82,82,82],"card_choices":[{"not_picked":["Turbo","Consume"],"picked":"Streamline","floor":1.0},{"not_picked":["Barrage","Chill"],"picked":"Defragment","floor":2.0},{"not_picked":["Sweeping Beam","Compile Driver"],"picked":"Capacitor","floor":3.0},{"not_picked":["Barrage","Sweeping Beam"],"picked":"Redo","floor":5.0},{"not_picked":["Blizzard","Leap","Chaos"],"picked":"SKIP","floor":7.0},{"not_picked":["Hologram","Go for the Eyes"],"picked":"Loop","floor":10.0},{"not_picked":["Rip and Tear","Redo"],"picked":"Ball Lightning","floor":11.0},{"not_picked":["Steam","Hologram"],"picked":"Aggregate","floor":13.0},{"not_picked":["Rainbow","All For One"],"picked":"Reboot","floor":16.0},{"not_picked":[],"picked":"Cold Snap","floor":18.0},{"not_picked":["Beam Cell"],"picked":"SKIP","floor":19.0},{"not_picked":[],"picked":"Conserve Battery+1","floor":24.0},{"not_picked":["Stack+1"],"picked":"SKIP","floor":27.0},{"not_picked":["Gash+1"],"picked":"SKIP","floor":28.0},{"not_picked":["Gash+1"],"picked":"SKIP","floor":28.0},{"not_picked":["Stack"],"picked":"SKIP","floor":29.0},{"not_picked":[],"picked":"Chill+1","floor":31.0},{"not_picked":[],"picked":"Thunder Strike+1","floor":33.0},{"not_picked":[],"picked":"White Noise+1","floor":35.0},{"not_picked":["Conserve Battery"],"picked":"SKIP","floor":39.0},{"not_picked":["White Noise"],"picked":"SKIP","floor":40.0},{"not_picked":["Sweeping Beam+1"],"picked":"SKIP","floor":41.0},{"not_picked":[],"picked":"Compile Driver+1","floor":44.0},{"not_picked":[],"picked":"Lockon+1","floor":45.0},{"not_picked":["Genetic Algorithm"],"picked":"SKIP","floor":46.0},{"not_picked":["Beam Cell+1"],"picked":"SKIP","floor":48.0},{"not_picked":[],"picked":"Barrage+1","floor":54.0}],"player_experience":627758,"relics_obtained":[{"floor":9.0,"key":"Vajra"},{"floor":10.0,"key":"HornCleat"},{"floor":24.0,"key":"Old Coin"},{"floor":26.0,"key":"War Paint"},{"floor":27.0,"key":"Anchor"},{"floor":31.0,"key":"Molten Egg 2"},{"floor":41.0,"key":"Omamori"},{"floor":44.0,"key":"MealTicket"},{"floor":54.0,"key":"Bottled Tornado"}],"event_choices":[{"damage_healed":0.0,"max_hp_gain":0.0,"max_hp_loss":0.0,"gold_gain":0.0,"event_name":"Liars Game","player_choice":"Ignored","floor":4.0,"gold_loss":0.0,"damage_taken":0.0},{"damage_healed":0.0,"max_hp_gain":0.0,"max_hp_loss":0.0,"gold_gain":0.0,"event_name":"Scrap Ooze","player_choice":"Success","floor":14.0,"gold_loss":0.0,"damage_taken":12.0,"relics_obtained":["Oddly Smooth Stone"]},{"damage_healed":0.0,"max_hp_gain":0.0,"max_hp_loss":0.0,"gold_gain":0.0,"event_name":"Back to Basics","player_choice":"Simplicity","floor":20.0,"gold_loss":0.0,"damage_taken":0.0,"cards_upgraded":["Strike_B","Strike_B","Strike_B","Strike_B","Defend_B","Defend_B","Defend_B","Defend_B"]},{"damage_healed":0.0,"max_hp_gain":0.0,"max_hp_loss":0.0,"gold_gain":0.0,"event_name":"Duplicator","player_choice":"Copied","floor":22.0,"gold_loss":0.0,"damage_taken":0.0,"cards_obtained":["Defragment"]},{"damage_healed":0.0,"max_hp_gain":0.0,"max_hp_loss":0.0,"gold_gain":99.0,"event_name":"Nest","player_choice":"Stole From Cult","floor":30.0,"gold_loss":0.0,"damage_taken":0.0},{"damage_healed":0.0,"max_hp_gain":0.0,"max_hp_loss":0.0,"gold_gain":0.0,"event_name":"SensoryStone","player_choice":"Memory 1","floor":36.0,"gold_loss":0.0,"damage_taken":0.0},{"damage_healed":0.0,"max_hp_gain":0.0,"max_hp_loss":0.0,"gold_gain":0.0,"event_name":"Lab","player_choice":"Got Potions","floor":37.0,"gold_loss":0.0,"damage_taken":0.0}],"is_beta":false,"boss_relics":[{"not_picked":["FrozenCore","Cursed Key"],"picked":"Busted Crown"},{"not_picked":["Empty Cage","Nuclear Battery"],"picked":"Inserter"}],"items_purged_floors":[21,38,53],"is_endless":false,"potions_floor_spawned":[2,3,10,13,18,24,28,29,35,41,45,48,54],"killed_by":"The Heart","ascension_level":3}}