{"host":"qekv59dthhdg54sz","time":1611735559,"event":{"mods":["AchievementEnabler","BaseMod","Colored Map","DeckTracker","KOR Keyword Fix","Minty Spire (QoL Compilation)","Rare Cards Sparkle","StSLib","SuperFastMode"],"gold_per_floor":[113,128,128,145,157,185,208,220,257,298,310,322,351,392,404,490,502,524,45,91,10,22,22,22,22,22],"floor_reached":25,"language":"KOR","playtime":400,"items_purged":[],"score":398,"play_id":"b70e6280-1d65-4538-8b86-4222992794a3","local_time":"20210127171919","is_ascension_mode":true,"campfire_choices":[{"data":"Carnage","floor":8,"key":"SMITH"},{"data":"Seeing Red","floor":11,"key":"SMITH"},{"data":"Spot Weakness","floor":15,"key":"SMITH"},{"data":"Master of Strategy","floor":23,"key":"SMITH"}],"circlet_count":0,"master_deck":["AscendersBane","Strike_R","Strike_R","Strike_R","Strike_R","Strike_R","Defend_R","Defend_R","Defend_R","Defend_R","Bash","Headbutt+1","Flame Barrier","Carnage+1","Pommel Strike","Seeing Red+1","Spot Weakness+1","Impervious","CurseOfTheBell","Master of Strategy+1","Evolve","Decay"],"relics":["Burning Blood","NeowsBlessing","MawBank","Akabeko","Potion Belt","Nunchaku","Tiny Chest","Calling Bell","Lantern","Pear","CaptainsWheel","Shuriken","Bag of Marbles"],"acts_visited":["Exordium","TheCity"],"potions_floor_usage":[6,10,16],"damage_taken":[{"damage":0,"enemies":"Jaw Worm","floor":1,"turns":1},{"damage":0,"enemies":"Cultist","floor":2,"turns":1},{"damage":0,"enemies":"Small Slimes","floor":4,"turns":1},{"damage":3,"enemies":"Looter","floor":5,"turns":4},{"damage":35,"enemies":"3 Sentries","floor":6,"turns":8},{"damage":5,"enemies":"Blue Slaver","floor":7,"turns":4},{"damage":40,"enemies":"Lagavulin","floor":10,"turns":4},{"damage":0,"enemies":"Large Slime","floor":13,"turns":4},{"damage":13,"enemies":"Gremlin Nob","floor":14,"turns":3},{"damage":11,"enemies":"Hexaghost","floor":16,"turns":9},{"damage":7,"enemies":"Chosen","floor":18,"turns":3},{"damage":19,"enemies":"Shell Parasite","floor":22,"turns":4},{"damage":32,"enemies":"Gremlin Leader","floor":25,"turns":3}],"seed_played":"-5786302891798798159","potions_obtained":[{"floor":4,"key":"AttackPotion"},{"floor":5,"key":"AttackPotion"},{"floor":7,"key":"BlessingOfTheForge"},{"floor":13,"key":"SkillPotion"}],"is_trial":false,"path_per_floor":["M","M","?","M","M","E","M","R","T","E","R","T","M","E","R","B",null,"M","$","T","$","M","R","?","E"],"character_chosen":"IRONCLAD","items_purchased":["Master of Strategy","Shuriken","Evolve"],"campfire_rested":0,"item_purchase_floors":[19,19,21],"current_hp_per_floor":[74,75,75,75,75,46,47,47,47,13,13,13,19,12,12,7,68,67,67,67,67,54,54,54,22,22],"gold":22,"neow_bonus":"THREE_ENEMY_KILL","is_daily":false,"chose_seed":false,"campfire_upgraded":4,"win_rate":0.0,"timestamp":1611735559,"path_taken":["M","M","?","?","M","E","M","R","T","E","R","?","M","E","R","BOSS","M","$","?","$","?","R","?","E"],"items_purchased_type":["Card","Relic","Card"],"build_version":"2020-12-22","purchased_purges":0,"victory":false,"max_hp_per_floor":[75,75,75,75,75,75,75,75,75,75,75,75,75,75,75,75,85,85,85,85,85,85,85,85,85,85],"card_choices":[{"not_picked":["Cleave","Perfected Strike"],"picked":"Headbutt","floor":1},{"not_picked":["Havoc","Flex","Iron Wave"],"picked":"SKIP","floor":2},{"not_picked":["Anger","Heavy Blade"],"picked":"Flame Barrier","floor":4},{"not_picked":["Pommel Strike","Sword Boomerang"],"picked":"Carnage","floor":5},{"not_picked":["Heavy Blade","Cleave"],"picked":"Pommel Strike","floor":6},{"not_picked":["Twin Strike","Berserk","Infernal Blade"],"picked":"SKIP","floor":7},{"not_picked":["Twin Strike","Infernal Blade"],"picked":"Seeing Red","floor":10},{"not_picked":["Thunderclap","Pummel"],"picked":"Spot Weakness","floor":13},{"not_picked":["Hemokinesis","Headbutt","Pummel"],"picked":"SKIP","floor":14},{"not_picked":["Double Tap","Demon Form"],"picked":"Impervious","floor":16},{"not_picked":["Warcry","Twin Strike","Headbutt"],"picked":"SKIP","floor":18},{"not_picked":["Iron Wave","Anger+1","Wild Strike"],"picked":"SKIP","floor":22}],"player_experience":861806,"relics_obtained":[{"floor":6,"key":"MawBank"},{"floor":9,"key":"Akabeko"},{"floor":10,"key":"Potion Belt"},{"floor":12,"key":"Nunchaku"},{"floor":14,"key":"Tiny Chest"},{"floor":17,"key":"Lantern"},{"floor":17,"key":"Pear"},{"floor":17,"key":"CaptainsWheel"},{"floor":20,"key":"Bag of Marbles"}],"event_choices":[{"damage_healed":0,"gold_gain":0,"player_choice":"Upgraded","damage_taken":0,"max_hp_gain":0,"max_hp_loss":0,"event_name":"Upgrade Shrine","floor":3,"gold_loss":0,"cards_upgraded":["Headbutt"]},{"damage_healed":0,"gold_gain":0,"player_choice":"Smashed Altar","damage_taken":0,"max_hp_gain":0,"max_hp_loss":0,"event_name":"Forgotten Altar","floor":24,"gold_loss":0,"cards_obtained":["Decay"]}],"is_beta":false,"boss_relics":[{"not_picked":["Coffee Dripper","Busted Crown"],"picked":"Calling Bell"}],"items_purged_floors":[],"is_endless":false,"potions_floor_spawned":[4,5,7,13],"killed_by":"Gremlin Leader","ascension_level":16}}