{"host":"meib18gsulage5jw","time":1611758353,"event":{"mods":["AchievementEnabler","Aspiration","BaseMod","BetterRewards","Clockwork Mod","Colored Map","Colored Powertips","Conspire","Defuse TimeMaze Blight","Energized Spire","Halation","Highlight Path","Hubris","Infinite Spire","Minty Spire (QoL Compilation)","Permanent Neow","Quick Restart","Relic Sorter","Reliquary","Replay The Spire","Spikes Relics","StSLib","The Blue Laboratory","The Jungle","Uncapped"],"gold_per_floor":[15,15,15,15,34,59,24,24,24,39,39,49,49,62,62,158,158,131,141,141],"floor_reached":19,"language":"ENG","playtime":1100,"items_purged":[],"score":192,"play_id":"eb3a311d-8591-43ad-8816-4bbd9502db55","local_time":"20210128003913","is_ascension_mode":false,"campfire_choices":[{"data":"Clockwork:Pluck","floor":8,"key":"SMITH"},{"floor":11,"key":"REST"},{"data":"Clockwork:CogShield","floor":13,"key":"SMITH"},{"data":"Clockwork:Pluck","floor":15,"key":"SMITH"}],"circlet_count":0,"master_deck":["Clockwork:Strike","Clockwork:Strike","Clockwork:Strike","Clockwork:Strike","Clockwork:Shield","Clockwork:Shield","Clockwork:Shield+1","Clockwork:Shield","Clockwork:Tinker+1","Clockwork:WarmUp","Apotheosis+1","Clockwork:Clone","Clockwork:Pluck+1","Clockwork:CogShield+1","Clockwork:ChargingBlade","Clockwork:Pluck+1","Clockwork:KaliMa","Clockwork:CogShield"],"relics":["Clockwork:MomentumEngine","War Paint","Regal Pillow","halation:Prosthetics"],"acts_visited":["Exordium","TheCity"],"potions_floor_usage":[16,16,18,19],"damage_taken":[{"damage":0.0,"enemies":"Cultist","floor":1.0,"turns":9.0},{"damage":0.0,"enemies":"Small Slimes","floor":5.0,"turns":5.0},{"damage":50,"enemies":"3 Sentries","floor":6,"turns":16},{"damage":10,"enemies":"2 Louse","floor":10,"turns":4},{"damage":14,"enemies":"Looter","floor":12,"turns":4},{"damage":6,"enemies":"Blue Slaver","floor":14,"turns":5},{"damage":26,"enemies":"Hexaghost","floor":16,"turns":13},{"damage":31,"enemies":"2 Thieves","floor":18,"turns":5},{"damage":18,"enemies":"conspire:MimicChest","floor":19,"turns":9}],"seed_played":"5673926193676781587","potions_obtained":[{"floor":4.0,"key":"blueLaboratory:NullPotion"},{"floor":4.0,"key":"Dexterity Potion"},{"floor":4.0,"key":"blueLaboratory:RememoryPotion"},{"floor":10,"key":"Regen Potion"},{"floor":16,"key":"Explosive Potion"}],"is_trial":false,"path_per_floor":["M","?","?","?","M","E","?","R","T","M","R","M","R","M","R","B",null,"M","?"],"character_chosen":"CLOCKWORK","items_purchased":[],"campfire_rested":1,"item_purchase_floors":[],"current_hp_per_floor":[85,85,85,85,85,35,56,56,56,46,85,71,71,65,65,54,50,19,1,1],"gold":141,"neow_bonus":"RANDOM_COLORLESS_2","is_daily":false,"chose_seed":false,"campfire_upgraded":3,"win_rate":0.0,"timestamp":1611758353,"path_taken":["M","?","?","?","?","E","?","R","T","M","R","M","R","M","R","BOSS","M","?"],"items_purchased_type":[],"build_version":"2020-12-22","purchased_purges":0,"victory":false,"max_hp_per_floor":[85,85,85,85,85,85,85,85,85,85,85,85,85,85,85,85,50,50,50,50],"card_choices":[{"not_picked":["hubris:EnhanceAbility","Crow Ritual"],"picked":"Apotheosis","floor":0.0},{"not_picked":["Clockwork:AdaptiveCannon","Clockwork:ReserveSystems","Clockwork:TiltAWhirl"],"picked":"SKIP","floor":1.0},{"not_picked":["Clockwork:AdaptiveShield","Clockwork:AdaptiveCannon"],"picked":"Clockwork:Clone","floor":5.0},{"not_picked":["Clockwork:MechanicalBulk","Clockwork:Enhance"],"picked":"Clockwork:Pluck","floor":6},{"not_picked":["Clockwork:Pluck","Clockwork:CogToss"],"picked":"Clockwork:CogShield","floor":10},{"not_picked":["Clockwork:OccamsRazor","Clockwork:Clone"],"picked":"Clockwork:ChargingBlade","floor":12},{"not_picked":["Clockwork:Downsize","Clockwork:SpurOn"],"picked":"Clockwork:Pluck","floor":14},{"not_picked":["Clockwork:Strangle","Clockwork:ReactiveNanites"],"picked":"Clockwork:KaliMa","floor":16},{"not_picked":["Clockwork:SearchingStrike+1","Clockwork:Enhance"],"picked":"Clockwork:CogShield","floor":18}],"player_experience":338271,"relics_obtained":[{"floor":6,"key":"War Paint"},{"floor":9,"key":"Regal Pillow"}],"event_choices":[{"damage_healed":0.0,"max_hp_gain":0.0,"max_hp_loss":0.0,"gold_gain":0.0,"event_name":"conspire:Investor","player_choice":"Leave","floor":2.0,"gold_loss":0.0,"damage_taken":0.0},{"damage_healed":0.0,"max_hp_gain":0.0,"max_hp_loss":0.0,"gold_gain":0.0,"event_name":"Living Wall","player_choice":"Grow","floor":3.0,"gold_loss":0.0,"damage_taken":0.0,"cards_upgraded":["Apotheosis"]},{"damage_healed":0.0,"max_hp_gain":0.0,"max_hp_loss":0.0,"gold_gain":0.0,"event_name":"Lab","player_choice":"Got Potions","floor":4.0,"gold_loss":0.0,"damage_taken":0.0},{"damage_healed":21,"gold_gain":0,"player_choice":"Healed","damage_taken":0,"max_hp_gain":0,"max_hp_loss":0,"event_name":"The Cleric","floor":7,"gold_loss":35}],"is_beta":false,"boss_relics":[{"not_picked":["aspiration:RunicSpoon","Kintsugi"],"picked":"halation:Prosthetics"}],"items_purged_floors":[],"is_endless":false,"potions_floor_spawned":[6,10,16],"killed_by":"conspire:MimicChest","ascension_level":0}}