{"host":"y3h3n3f7seyagppx","time":1611791235,"event":{"mods":["AlwaysNeverKeys","BaseMod","Better Vampires","Colored Powertips","DeckTracker","Emptier Cage","Minty Spire (QoL Compilation)","Permanent Neow","Quick Restart","Rare Cards Sparkle","Relic Sorter","Relic Stats","StSLib","Transform Curses"],"gold_per_floor":[118,136,211,36,47,47,47],"floor_reached":6,"language":"ENG","playtime":513,"items_purged":[],"score":72,"play_id":"a6820481-a2ad-4d39-a97d-5bf44113947f","local_time":"20210127184715","is_ascension_mode":true,"campfire_choices":[],"circlet_count":0,"master_deck":["AscendersBane","Strike_P","Strike_P","Strike_P","Strike_P","Defend_P","Defend_P","Defend_P","Defend_P","Eruption","Vigilance","DeceiveReality","BowlingBash","Ragnarok","Halt"],"relics":["SacredBark"],"acts_visited":["Exordium"],"potions_floor_usage":[6],"damage_taken":[{"damage":11.0,"enemies":"Small Slimes","floor":1.0,"turns":6.0},{"damage":7.0,"enemies":"Jaw Worm","floor":2.0,"turns":4.0},{"damage":0.0,"enemies":"2 Louse","floor":5.0,"turns":4.0},{"damage":42,"enemies":"Lagavulin","floor":6,"turns":8}],"seed_played":"-3613666196450675060","potions_obtained":[{"floor":1.0,"key":"SpeedPotion"},{"floor":5.0,"key":"Weak Potion"}],"is_trial":false,"path_per_floor":["M","M","?","$","M","E"],"character_chosen":"WATCHER","items_purchased":["Ragnarok"],"campfire_rested":0,"item_purchase_floors":[4],"current_hp_per_floor":[50,43,32,32,32,0,0],"gold":47,"neow_bonus":"BOSS_RELIC","is_daily":false,"chose_seed":false,"campfire_upgraded":0,"win_rate":0.0,"timestamp":1611791235,"path_taken":["M","M","?","$","M","E"],"items_purchased_type":["Card"],"build_version":"2020-12-22","purchased_purges":0,"victory":false,"max_hp_per_floor":[68,68,68,68,68,68,68],"relic_stats":{"counters":[4,22],"obtain_stats":[{"SacredBark":0,"PureWater":0},{"SacredBark":0,"PureWater":0},{"SacredBark":0,"PureWater":0}]},"card_choices":[{"not_picked":["Meditate","Protect"],"picked":"DeceiveReality","floor":1.0},{"not_picked":["Swivel","ClearTheMind"],"picked":"BowlingBash","floor":2.0},{"not_picked":["Consecrate","SandsOfTime"],"picked":"Halt","floor":5.0}],"player_experience":21705879,"relics_obtained":[],"event_choices":[{"damage_healed":0.0,"max_hp_gain":0.0,"max_hp_loss":0.0,"gold_gain":75.0,"event_name":"World of Goop","player_choice":"Gather Gold","floor":3.0,"gold_loss":0.0,"damage_taken":11.0}],"is_beta":false,"boss_relics":[],"items_purged_floors":[],"is_endless":false,"potions_floor_spawned":[1,5],"killed_by":"Lagavulin","ascension_level":20}}