{"host":"hw9lt6p3yhr90vz0","time":1611717006,"event":{"mods":["BaseMod","DeckTracker","Minty Spire (QoL Compilation)","Relic Stats"],"gold_per_floor":[17,34,34,34,49,49,76,76,100,100,100],"floor_reached":10,"language":"ENG","playtime":491,"items_purged":[],"score":83,"play_id":"dd7fe77c-2954-4fd5-b906-e2c8864ea21a","local_time":"20210126221006","is_ascension_mode":true,"campfire_choices":[{"floor":6,"key":"RECALL"},{"floor":8,"key":"REST"}],"circlet_count":0,"master_deck":["Strike_B","Strike_B","Strike_B","Strike_B","Defend_B","Defend_B","Defend_B","Defend_B","Zap","Dualcast","Seek","Blizzard","Redo","Decay","Genetic Algorithm","Double Energy"],"relics":["Cracked Core","Lantern","DataDisk"],"acts_visited":["Exordium"],"potions_floor_usage":[7],"damage_taken":[{"damage":14.0,"enemies":"Small Slimes","floor":1.0,"turns":3.0},{"damage":1.0,"enemies":"Cultist","floor":2.0,"turns":3.0},{"damage":4,"enemies":"2 Louse","floor":5,"turns":3},{"damage":27,"enemies":"3 Sentries","floor":7,"turns":6},{"damage":51,"enemies":"Lagavulin","floor":10,"turns":7}],"seed_played":"4581078240154306511","potions_obtained":[{"floor":1.0,"key":"FearPotion"},{"floor":2.0,"key":"AttackPotion"}],"is_trial":false,"path_per_floor":["M","M","?","$","M","R","E","R","T","E"],"character_chosen":"DEFECT","items_purchased":[],"campfire_rested":1,"item_purchase_floors":[],"current_hp_per_floor":[61,60,60,60,56,56,29,51,51,0,0],"gold":100,"neow_bonus":"THREE_RARE_CARDS","is_daily":false,"chose_seed":false,"campfire_upgraded":0,"win_rate":0.0,"timestamp":1611717006,"path_taken":["M","M","?","?","M","R","E","R","T","E"],"items_purchased_type":[],"build_version":"2020-12-22","purchased_purges":0,"victory":false,"max_hp_per_floor":[75,75,75,75,75,75,75,75,75,75,75],"relic_stats":{"counters":[5,22],"obtain_stats":[{"Lantern":7,"DataDisk":9,"Cracked Core":0},{"Lantern":4,"DataDisk":4,"Cracked Core":0},{"Lantern":15,"DataDisk":15,"Cracked Core":0}]},"card_choices":[{"not_picked":["Rainbow","Meteor Strike"],"picked":"Seek","floor":0.0},{"not_picked":["Leap","Stack"],"picked":"Blizzard","floor":1.0},{"not_picked":["Leap","Turbo"],"picked":"Redo","floor":2.0},{"not_picked":["Leap","Consume"],"picked":"Genetic Algorithm","floor":5},{"not_picked":["Rip and Tear","Turbo"],"picked":"Double Energy","floor":7}],"player_experience":1285399,"relics_obtained":[{"floor":7,"key":"Lantern"},{"floor":9,"key":"DataDisk"}],"event_choices":[{"damage_healed":0,"gold_gain":0,"player_choice":"Cursed","damage_taken":0,"max_hp_gain":0,"max_hp_loss":0,"event_name":"Wheel of Change","floor":3,"gold_loss":0,"cards_obtained":["Decay"]}],"is_beta":false,"boss_relics":[],"items_purged_floors":[],"is_endless":false,"potions_floor_spawned":[1,2],"killed_by":"Lagavulin","ascension_level":5}}