{"host":"3498uni0c31c9bdm","time":1611752197,"event":{"mods":["BaseMod","Better Third Choice","Minty Spire (QoL Compilation)","Replay The Spire","StSLib"],"gold_per_floor":[366,381,381,48,48,48,81,81,81,49,49,68,99,99,99,195,195,214,224,68,79,4,4,37,37,37,37,37,312,339,359,359,457,507,523,65,65,131,145,145,174,174,197,227,246,266,296,312,312,312,312,312,85,112,112],"floor_reached":56,"language":"ENG","playtime":4128,"items_purged":["Regret"],"score":2237,"play_id":"2908b420-6c0e-43bc-ad64-a5e398e1a408","local_time":"20210127235637","is_ascension_mode":true,"campfire_choices":[{"floor":6,"key":"RECALL"},{"floor":15,"key":"REST"},{"floor":23,"key":"REST"},{"floor":27,"key":"REST"},{"floor":32,"key":"REST"},{"data":"Replay:Vibes","floor":40,"key":"SMITH"},{"data":"Omniscience","floor":42,"key":"SMITH"},{"data":"ReplayTheSpireMod:Brewmster","floor":49,"key":"SMITH"},{"data":"Madness","floor":52,"key":"SMITH"}],"circlet_count":0,"master_deck":["Strike_P","Strike_P","Strike_P","Strike_P","Defend_P","Defend_P","Defend_P","Defend_P","Eruption","Vigilance","Prostrate","Tantrum+1","ReplayTheSpireMod:Brewmster+1","EmptyFist+1","Echo Form+1","Wallop+1","TalkToTheHand+1","LessonLearned+1","TalkToTheHand+1","Replay:Vibes+1","DeceiveReality+1","Shame","CrushJoints+1","Consecrate+1","Omniscience+1","FlurryOfBlows+1","Protect+1","Madness+1","Madness","PathToVictory","CarveReality+1","Pot Of Greed","Pot Of Greed","Pot Of Greed","Establishment","Wireheading","FollowUp+1","WreathOfFlame+1","Pot Of Greed","PathToVictory","Shame","Replay:ManipulateFuture"],"relics":["PureWater","Blood Vial","ReplayTheSpireMod:Ring of Addiction","Chameleon Ring","Toy Ornithopter","Dead Branch","HornCleat","betterThird:SlimedRelic","Art of War","Molten Egg 2","Replay:Grab Bag","Busted Crown","ChewingGum","SlaversCollar","Toolbox","Pen Nib","Damaru","ReplayTheSpireMod:TigerMarble","Tiny House","ClockworkSouvenir","Vajra","Bronze Scales","Bird Faced Urn","Du-Vu Doll","Grinning Jar","Quantum Egg","Simple Rune","ReplayTheSpireMod:CursedCoin","Replay:Towering Pillar of Hats","Pantograph"],"acts_visited":["Exordium","TheCity","TheBeyond","TheEnding"],"potions_floor_usage":[7,7,7,7,13,16,16,16,19,21,30,30,30,31,31,33,33,33,33,38,38,38,41,44,44,47,50,50,54,54,55,55],"damage_taken":[{"damage":0,"enemies":"Small Slimes","floor":1,"turns":2},{"damage":0,"enemies":"2 Louse","floor":2,"turns":2},{"damage":32,"enemies":"3 Sentries","floor":7,"turns":12},{"damage":0,"enemies":"Jaw Worm","floor":12,"turns":3},{"damage":0,"enemies":"Gremlin Nob","floor":13,"turns":1},{"damage":10,"enemies":"The Guardian","floor":16,"turns":7},{"damage":0,"enemies":"3 Byrds","floor":18,"turns":4},{"damage":13,"enemies":"Spheric Guardian","floor":19,"turns":4},{"damage":40,"enemies":"Centurion and Healer","floor":21,"turns":7},{"damage":13,"enemies":"Slavers","floor":24,"turns":5},{"damage":14,"enemies":"Book of Stabbing","floor":30,"turns":5},{"damage":14,"enemies":"Snecko","floor":31,"turns":5},{"damage":6,"enemies":"Pondfish","floor":33,"turns":8},{"damage":12,"enemies":"3 Shapes","floor":35,"turns":2},{"damage":14,"enemies":"2 Orb Walkers","floor":38,"turns":3},{"damage":0,"enemies":"Orb Walker","floor":39,"turns":3},{"damage":9,"enemies":"R_Hoarder","floor":41,"turns":5},{"damage":32,"enemies":"Giant Head","floor":44,"turns":3},{"damage":0,"enemies":"Jaw Worm Horde","floor":45,"turns":2},{"damage":0,"enemies":"Transient","floor":46,"turns":5},{"damage":0,"enemies":"Nemesis","floor":47,"turns":5},{"damage":9,"enemies":"3 Darklings","floor":48,"turns":5},{"damage":31,"enemies":"Donu and Deca","floor":50,"turns":5},{"damage":14,"enemies":"Shield and Spear","floor":54,"turns":5},{"damage":100114,"enemies":"The Heart","floor":55,"turns":7}],"seed_played":"-7871666430739138449","potions_obtained":[{"floor":1,"key":"Elixir"},{"floor":5,"key":"Strength Potion"},{"floor":5,"key":"BottledMiracle"},{"floor":5,"key":"ColorlessPotion"},{"floor":24,"key":"Dexterity Potion"},{"floor":31,"key":"EssenceOfSteel"},{"floor":46,"key":"Elixir"}],"is_trial":false,"path_per_floor":["M","M","?","$","?","R","E","$","T","?","?","M","E","?","R","B",null,"M","M","$","M","?","R","E","?","T","R","?","?","E","M","R","B",null,"M","$","?","?","M","R","E","R","T","E","M","M","E","M","R","B",null,"R","$","E","B",null],"character_chosen":"WATCHER","items_purchased":["Blood Vial","ReplayTheSpireMod:Brewmster","Toolbox","ClockworkSouvenir","Vajra","Bronze Scales","ReplayTheSpireMod:CursedCoin","Replay:Towering Pillar of Hats"],"campfire_rested":4,"item_purchase_floors":[4,4,20,36,36,36,53,53],"current_hp_per_floor":[65,65,65,65,65,65,48,48,48,37,23,25,32,32,50,57,62,63,50,50,17,17,35,24,24,24,42,42,42,45,43,59,59,64,52,52,44,47,51,51,57,57,57,30,34,44,55,56,56,44,58,58,58,51,27],"gold":112,"neow_bonus":"TWO_FIFTY_GOLD","is_daily":false,"chose_seed":false,"campfire_upgraded":4,"win_rate":0.0,"timestamp":1611752197,"path_taken":["M","M","?","$","?","R","E","$","T","?","?","?","E","?","R","BOSS","M","M","$","M","?","R","E","?","T","R","?","?","E","?","R","BOSS","M","$","?","?","M","R","E","R","T","E","M","M","E","M","R","BOSS","R","$","E","BOSS"],"items_purchased_type":["Relic","Card","Relic","Relic","Relic","Relic","Relic","Relic"],"build_version":"2020-12-22","purchased_purges":1,"victory":true,"max_hp_per_floor":[65,65,65,65,65,65,65,65,65,65,63,63,63,63,63,63,63,63,63,63,63,63,63,63,61,61,61,59,59,59,59,59,59,64,64,64,62,62,62,62,62,62,62,62,62,62,62,62,62,62,62,62,62,60,60],"card_choices":[{"not_picked":["WaveOfTheHand","Pray"],"picked":"Prostrate","floor":1},{"not_picked":["WindmillStrike","BowlingBash"],"picked":"Tantrum","floor":2},{"not_picked":["Replay:Battleflow","JustLucky"],"picked":"EmptyFist","floor":7},{"not_picked":["Replay:AllIn","Protect"],"picked":"Wallop","floor":12},{"not_picked":["BowlingBash+1","Consecrate+1"],"picked":"TalkToTheHand+1","floor":13},{"not_picked":["Wish","Brilliance+1"],"picked":"LessonLearned+1","floor":16},{"not_picked":["Replay:AtTheReady+1"],"picked":"SKIP","floor":18},{"not_picked":[],"picked":"TalkToTheHand+1","floor":19},{"not_picked":[],"picked":"Replay:Vibes","floor":21},{"not_picked":[],"picked":"DeceiveReality+1","floor":24},{"not_picked":[],"picked":"CrushJoints+1","floor":30},{"not_picked":[],"picked":"Consecrate+1","floor":31},{"not_picked":[],"picked":"Omniscience","floor":33},{"not_picked":[],"picked":"FlurryOfBlows+1","floor":34},{"not_picked":[],"picked":"Protect+1","floor":35},{"not_picked":[],"picked":"PathToVictory","floor":39},{"not_picked":[],"picked":"CarveReality+1","floor":41},{"not_picked":[],"picked":"Establishment","floor":44},{"not_picked":[],"picked":"Wireheading","floor":45},{"not_picked":[],"picked":"FollowUp+1","floor":46},{"not_picked":[],"picked":"WreathOfFlame+1","floor":47},{"not_picked":[],"picked":"PathToVictory","floor":48},{"not_picked":[],"picked":"Replay:ManipulateFuture","floor":54}],"player_experience":740809,"relics_obtained":[{"floor":5,"key":"ReplayTheSpireMod:Ring of Addiction"},{"floor":5,"key":"Chameleon Ring"},{"floor":5,"key":"Toy Ornithopter"},{"floor":7,"key":"Dead Branch"},{"floor":9,"key":"HornCleat"},{"floor":13,"key":"Molten Egg 2"},{"floor":24,"key":"Pen Nib"},{"floor":30,"key":"ReplayTheSpireMod:TigerMarble"},{"floor":38,"key":"Bird Faced Urn"},{"floor":41,"key":"Du-Vu Doll"},{"floor":43,"key":"Grinning Jar"},{"floor":44,"key":"Quantum Egg"},{"floor":47,"key":"Simple Rune"},{"floor":54,"key":"Pantograph"}],"event_choices":[{"damage_healed":0,"gold_gain":0,"player_choice":"Leave","damage_taken":0,"max_hp_gain":0,"max_hp_loss":0,"event_name":"The Cleric","floor":3,"gold_loss":0},{"damage_healed":0,"gold_gain":0,"player_choice":"Slimed","damage_taken":11,"max_hp_gain":0,"max_hp_loss":0,"event_name":"betterThird:BetterGoop","floor":10,"gold_loss":32},{"cards_removed":["Amnesia"],"damage_healed":0,"gold_gain":0,"player_choice":"Gave Gold","damage_taken":0,"max_hp_gain":0,"max_hp_loss":0,"event_name":"Beggar","floor":22,"gold_loss":75},{"damage_healed":0,"gold_gain":0,"player_choice":"Stole Relic","damage_taken":0,"relics_obtained":["Damaru"],"max_hp_gain":0,"max_hp_loss":0,"event_name":"Addict","floor":25,"gold_loss":0,"cards_obtained":["Shame"]},{"damage_healed":0,"gold_gain":0,"player_choice":"Ignored","damage_taken":0,"max_hp_gain":0,"max_hp_loss":0,"event_name":"Ghosts","floor":28,"gold_loss":0},{"damage_healed":0,"gold_gain":275,"player_choice":"Desecrate","damage_taken":0,"max_hp_gain":0,"max_hp_loss":0,"event_name":"Golden Shrine","floor":29,"gold_loss":0,"cards_obtained":["Regret"]},{"damage_healed":0,"gold_gain":0,"player_choice":"Embrace Madness","damage_taken":8,"max_hp_gain":0,"max_hp_loss":0,"event_name":"Winding Halls","floor":37,"gold_loss":0,"cards_obtained":["Madness","Madness"]},{"damage_healed":0,"gold_gain":0,"player_choice":"Fight","damage_taken":0,"max_hp_gain":0,"max_hp_loss":0,"event_name":"Mysterious Sphere","floor":38,"gold_loss":0}],"is_beta":false,"boss_relics":[{"not_picked":["Empty Cage","Runic Pyramid"],"picked":"Replay:Grab Bag"},{"not_picked":["Velvet Choker","Painkiller Herb"],"picked":"Busted Crown"},{"not_picked":["Coffee Dripper","ReplayTheSpireMod:DimensionalGlitch"],"picked":"ChewingGum"},{"not_picked":["Replay:Drink Me","Astrolabe"],"picked":"SlaversCollar"},{"not_picked":["Kintsugi","Fusion Hammer"],"picked":"Tiny House"}],"items_purged_floors":[53],"is_endless":false,"potions_floor_spawned":[1,12,19,24,31,35,39,41,46,54],"ascension_level":7}}