{"host":"4myl0piycjadqnwl","time":1611705726,"event":{"mods":["BaseMod","Colored Map","Downfall","Minty Spire (QoL Compilation)","StSLib"],"gold_per_floor":[99,119,131,131,131,157,206,223,239,251,251,283,283,303,317,420,420,420,435,191,243,443,470,470,433,433,444,477,589,601,625,657,769,781,793,815,840,863,887,929,967,999,1045,1107,1119,1156,868,380,396,396,396,425,22,22,22,22],"floor_reached":57,"language":"ENG","playtime":4617,"items_purged":["downfall:Malfunctioning","downfall:Haunted","bronze:Defend","bronze:Defend"],"score":1608,"play_id":"e8ab50d3-25b1-4b64-ab09-4fcd413141e1","local_time":"20210127010206","is_ascension_mode":true,"campfire_choices":[{"data":"bronze:Turbo","floor":1.0,"key":"SMITH"},{"data":"bronze:Flail","floor":11.0,"key":"SMITH"},{"data":"bronze:FineTuning","floor":18.0,"key":"SMITH"},{"data":"bronze:Virus","floor":26.0,"key":"SMITH"},{"data":"bronze:DelayedGuard","floor":30.0,"key":"SMITH"},{"floor":35.0,"key":"RECALL"},{"data":"bronze:Virus","floor":47.0,"key":"SMITH"},{"data":"bronze:ForLoop","floor":54.0,"key":"SMITH"}],"circlet_count":0,"master_deck":["bronze:Strike+1","bronze:Defend+1","bronze:Replicate+1","bronze:Goto+1","bronze:Turbo+1","bronze:Flail+1","bronze:Iterate+1","bronze:FineTuning+1","bronze:Virus+1","bronze:DelayedSlice","bronze:TinkerersToolbox","bronze:DelayedGuard+1","bronze:Repair","bronze:BronzeOrb+1","bronze:Virus+1","bronze:Turbo+1","bronze:OilSpill+1","bronze:DelayedSlice+1","bronze:Constructor+1","bronze:Repair","bronze:Safeguard+1","bronze:ForLoop+1","expansioncontent:Chronoboost"],"relics":["bronze:BronzeCore","Shuriken","Kunai","Bronze Scales","Whetstone","Coffee Dripper","Juzu Bracelet","Happy Flower","bronze:CableSpool","MealTicket","Bottled Lightning","MawBank","MutagenicStrength","Astrolabe","InkBottle","Meat on the Bone","Unceasing Top","Oddly Smooth Stone","downfall:HeartBlessingRed","downfall:HeartBlessingGreen","downfall:HeartBlessingBlue","bronze:Mallet","hexamod:CandleOfCauterizing","Membership Card","HornCleat"],"acts_visited":["Exordium","TheCity","TheBeyond","TheEnding"],"potions_floor_usage":[56,56,56,56,56,56],"damage_taken":[{"damage":2.0,"enemies":"Jaw Worm","floor":2.0,"turns":5.0},{"damage":0.0,"enemies":"Small Slimes","floor":3.0,"turns":2.0},{"damage":5.0,"enemies":"3 Sentries","floor":6.0,"turns":3.0},{"damage":0.0,"enemies":"Cultist","floor":8.0,"turns":3.0},{"damage":3.0,"enemies":"Lots of Slimes","floor":9.0,"turns":2.0},{"damage":4.0,"enemies":"Blue Slaver","floor":10.0,"turns":4.0},{"damage":9.0,"enemies":"Lagavulin","floor":12.0,"turns":6.0},{"damage":7.0,"enemies":"Large Slime","floor":14.0,"turns":2.0},{"damage":1.0,"enemies":"2 Fungi Beasts","floor":15.0,"turns":2.0},{"damage":20.0,"enemies":"IC_STATUS_ARCHETYPE","floor":16.0,"turns":4.0},{"damage":11.0,"enemies":"Spheric Guardian","floor":19.0,"turns":3.0},{"damage":4.0,"enemies":"downfall:FleeingMerchant","floor":20.0,"turns":4.0},{"damage":0.0,"enemies":"Gremlin Leader","floor":23.0,"turns":3.0},{"damage":15.0,"enemies":"downfall:FleeingMerchant","floor":25.0,"turns":3.0},{"damage":14.0,"enemies":"Shell Parasite","floor":27.0,"turns":3.0},{"damage":0.0,"enemies":"Slavers","floor":28.0,"turns":1.0},{"damage":39.0,"enemies":"downfall:Augmenter","floor":29.0,"turns":5.0},{"damage":2.0,"enemies":"Cultist and Chosen","floor":31.0,"turns":3.0},{"damage":0.0,"enemies":"Shelled Parasite and Fungi","floor":32.0,"turns":2.0},{"damage":9.0,"enemies":"DF_ARCHETYPE_CLAW","floor":33.0,"turns":4.0},{"damage":0.0,"enemies":"3 Shapes","floor":36.0,"turns":3.0},{"damage":0.0,"enemies":"Orb Walker","floor":37.0,"turns":1.0},{"damage":18.0,"enemies":"4 Shapes","floor":38.0,"turns":3.0},{"damage":4.0,"enemies":"Sphere and 2 Shapes","floor":39.0,"turns":3.0},{"damage":10.0,"enemies":"Nemesis","floor":40.0,"turns":3.0},{"damage":0.0,"enemies":"Jaw Worm Horde","floor":42.0,"turns":2.0},{"damage":19.0,"enemies":"Reptomancer","floor":43.0,"turns":3.0},{"damage":0.0,"enemies":"Reptomancer","floor":44.0,"turns":2.0},{"damage":0.0,"enemies":"Giant Head","floor":46.0,"turns":5.0},{"damage":0.0,"enemies":"4 Shapes","floor":49.0,"turns":2.0},{"damage":7.0,"enemies":"WA_ARCHETYPE_DIVINITY","floor":50.0,"turns":7.0},{"damage":0.0,"enemies":"downfall:CharBossMerchant","floor":52.0,"turns":4.0},{"damage":10.0,"enemies":"downfall:NeowBoss","floor":55.0,"turns":11.0},{"damage":60,"enemies":"downfall:NeowBossFinal","floor":56,"turns":8}],"seed_played":"4218110596461140388","potions_obtained":[{"floor":2.0,"key":"Regen Potion"},{"floor":6.0,"key":"bronze:FreeFunctionsPotion"},{"floor":8.0,"key":"Dexterity Potion"},{"floor":13.0,"key":"EntropicBrew"},{"floor":15.0,"key":"Block Potion"},{"floor":27.0,"key":"Guardian:BlockOnCardUsePotion"},{"floor":29.0,"key":"Ancient Potion"},{"floor":36.0,"key":"champ:CounterPotion"},{"floor":42.0,"key":"SteroidPotion"},{"floor":52.0,"key":"PowerPotion"}],"is_trial":false,"path_per_floor":["R","M","M","?","?","E","T","M","M","M","R","E","?","M","M","B",null,"R","M","$","T","?","E","T","$","R","M","E","?","R","M","M","B",null,"R","M","M","M","M","E","T","M","E","?","?","E","R","$","M","B",null,"E","$","R","B","B",null],"character_chosen":"THE_AUTOMATON","items_purchased":["Juzu Bracelet","Bottled Lightning","bronze:Mallet","bronze:ForLoop","Membership Card","expansioncontent:Chronoboost","HornCleat"],"campfire_rested":0,"item_purchase_floors":[20,25,48,48,53,53,53],"current_hp_per_floor":[70,68,68,56,56,51,51,51,48,44,44,35,35,28,27,7,70,70,59,55,55,55,55,55,55,55,41,41,11,11,9,16,14,70,70,70,70,52,62,60,60,70,58,70,70,70,80,80,80,73,80,80,80,80,70,29],"gold":22,"neow_bonus":"TRANSFORM_CARD","is_daily":false,"chose_seed":false,"campfire_upgraded":7,"win_rate":0.0,"timestamp":1611705726,"path_taken":["R","M","M","?","?","E","T","M","M","M","R","E","?","?","M","BOSS","R","M","$","?","?","E","T","$","R","M","E","?","R","M","M","BOSS","R","M","M","M","M","E","T","M","E","?","?","E","R","$","M","BOSS","E","$","R","BOSS","BOSS"],"items_purchased_type":["Relic","Relic","Relic","Card","Relic","Card","Relic"],"build_version":"2020-12-22","purchased_purges":4,"victory":true,"max_hp_per_floor":[70,70,70,70,70,70,70,70,70,70,70,70,70,70,70,70,70,70,70,70,70,70,70,70,70,70,70,70,70,70,70,70,70,70,70,70,70,70,70,70,70,70,70,70,70,70,80,80,80,80,80,80,80,80,80,80],"card_choices":[{"not_picked":["bronze:NullPointer","bronze:Shield"],"picked":"bronze:Flail","floor":2.0},{"not_picked":["bronze:ForceShield","bronze:BitShift","bronze:Branch"],"picked":"SKIP","floor":3.0},{"not_picked":["bronze:Shield","bronze:DelayedGuard","bronze:Overload"],"picked":"SKIP","floor":6.0},{"not_picked":["bronze:Branch","bronze:Assembly","bronze:NullPointer"],"picked":"SKIP","floor":8.0},{"not_picked":["bronze:BuggyMess","bronze:Boost","bronze:ForceShield"],"picked":"SKIP","floor":9.0},{"not_picked":["bronze:WhirlingStrike","bronze:Repulsor","bronze:BugBarrage"],"picked":"SKIP","floor":10.0},{"not_picked":["bronze:Branch","bronze:Flail"],"picked":"bronze:Iterate","floor":12.0},{"not_picked":["bronze:Boost","bronze:Shield"],"picked":"bronze:FineTuning","floor":14.0},{"not_picked":["bronze:Branch","bronze:Library","bronze:BuggyMess"],"picked":"SKIP","floor":15.0},{"not_picked":["bronze:InfiniteLoop","bronze:Break"],"picked":"bronze:Virus","floor":16.0},{"not_picked":["bronze:Shield","bronze:BuggyMess","bronze:Repulsor"],"picked":"SKIP","floor":19.0},{"not_picked":["bronze:Turbo","bronze:ChildClass+1"],"picked":"bronze:DelayedSlice","floor":20.0},{"not_picked":["bronze:AlphaBuild","bronze:Invalidate"],"picked":"bronze:TinkerersToolbox","floor":23.0},{"not_picked":["bronze:BitShift","bronze:Overheat","bronze:ChosenStrike+1"],"picked":"SKIP","floor":25.0},{"not_picked":["bronze:DigitalCarnage","bronze:Overheat"],"picked":"bronze:DelayedGuard","floor":27.0},{"not_picked":["bronze:WhirlingStrike","bronze:Branch","bronze:ChosenStrike"],"picked":"SKIP","floor":28.0},{"not_picked":["bronze:WhirlingStrike+1","bronze:Iterate+1"],"picked":"bronze:Repair","floor":31.0},{"not_picked":["bronze:WhirlingStrike","bronze:DarkDash"],"picked":"bronze:BronzeOrb+1","floor":32.0},{"not_picked":["bronze:InfiniteLoop","bronze:ShipIt"],"picked":"bronze:Virus","floor":33.0},{"not_picked":["bronze:Safeguard+1","bronze:ForceShield+1"],"picked":"bronze:Constructor+1","floor":36.0},{"not_picked":["bronze:Overheat","bronze:Allocate"],"picked":"bronze:Repair","floor":37.0},{"not_picked":["bronze:Shield+1","bronze:BugBarrage+1","bronze:Deprecate+1"],"picked":"SKIP","floor":38.0},{"not_picked":["bronze:Overheat+1","bronze:BuggyMess","bronze:Branch+1"],"picked":"SKIP","floor":39.0},{"not_picked":["bronze:Repair+1","bronze:Flail"],"picked":"bronze:Safeguard+1","floor":40.0},{"not_picked":["bronze:DelayedSlice","bronze:Break","bronze:BitShift"],"picked":"SKIP","floor":42.0},{"not_picked":["bronze:Fortify","bronze:DelayedSlice+1","bronze:Frontload+1"],"picked":"SKIP","floor":43.0},{"not_picked":["bronze:Branch+1","bronze:Overload+1","bronze:NullPointer+1"],"picked":"SKIP","floor":46.0},{"not_picked":["bronze:Separator","bronze:DelayedGuard+1","bronze:FollowUp"],"picked":"SKIP","floor":49.0},{"not_picked":["bronze:DigitalCarnage","bronze:BitShift+1","bronze:Shell+1"],"picked":"SKIP","floor":52.0}],"player_experience":1466897,"relics_obtained":[{"floor":6.0,"key":"Kunai"},{"floor":7.0,"key":"Bronze Scales"},{"floor":12.0,"key":"Whetstone"},{"floor":21.0,"key":"Happy Flower"},{"floor":23.0,"key":"bronze:CableSpool"},{"floor":24.0,"key":"MealTicket"},{"floor":28.0,"key":"MawBank"},{"floor":29.0,"key":"MutagenicStrength"},{"floor":40.0,"key":"InkBottle"},{"floor":43.0,"key":"Meat on the Bone"},{"floor":44.0,"key":"Unceasing Top"},{"floor":46.0,"key":"Oddly Smooth Stone"},{"floor":52.0,"key":"hexamod:CandleOfCauterizing"}],"event_choices":[{"damage_healed":0.0,"max_hp_gain":0.0,"max_hp_loss":0.0,"gold_gain":0.0,"event_name":"Scrap Ooze","player_choice":"Success","floor":4.0,"gold_loss":0.0,"damage_taken":12.0,"relics_obtained":["Shuriken"]},{"damage_healed":0.0,"max_hp_gain":0.0,"max_hp_loss":0.0,"gold_gain":0.0,"event_name":"Lab","player_choice":"Got Potions","floor":13.0,"gold_loss":0.0,"damage_taken":0.0}],"is_beta":false,"boss_relics":[{"not_picked":["Runic Dome","bronze:ElectromagneticCoil"],"picked":"Coffee Dripper"},{"not_picked":["Black Star","SlaversCollar"],"picked":"Astrolabe"}],"items_purged_floors":[20,25,48,53],"is_endless":false,"potions_floor_spawned":[2,6,8,10,14,15,27,28,29,36,38,42,49,52],"ascension_level":4}}