{"host":"ig9h5mtrygw4gu9r","time":1611789927,"event":{"mods":["2.2 Compatiblity","AchievementEnabler","BaseMod","Downfall","Minty Spire (QoL Compilation)","Relic Stats","StSLib"],"gold_per_floor":[17,17,17,17,40,40,80,80,80,80,103,142,156,194,194,320,320,314,229,242,256,275,275,275],"floor_reached":23,"language":"ENG","playtime":1536,"items_purged":[],"score":232,"play_id":"c567499e-8b17-4339-80ca-9942b516475b","local_time":"20210127152527","is_ascension_mode":true,"campfire_choices":[{"data":"Zap","floor":6,"key":"SMITH"},{"data":"Conserve Battery","floor":8,"key":"SMITH"},{"data":"Coolheaded","floor":10,"key":"SMITH"},{"floor":15,"key":"REST"}],"circlet_count":0,"master_deck":["Strike_B","Strike_B","Strike_B","Strike_B","Defend_B","Defend_B","Defend_B","Defend_B","Zap+1","Dualcast","Coolheaded+1","Leap","Conserve Battery+1","Rebound","Glacier","Blizzard","Seek","Fission","Coolheaded","Loop","Rebound","Aggregate+1"],"relics":["Cracked Core","FossilizedHelix","Golden Idol","Blue Candle","Blood Vial","Question Card","Potion Belt","Torii","Busted Crown","Sundial"],"acts_visited":["Exordium","TheCity"],"potions_floor_usage":[14,14,22],"damage_taken":[{"damage":0,"enemies":"Jaw Worm","floor":1,"turns":3},{"damage":0,"enemies":"2 Louse","floor":5,"turns":2},{"damage":22,"enemies":"Gremlin Nob","floor":7,"turns":5},{"damage":0,"enemies":"Small Slimes","floor":11,"turns":3},{"damage":11,"enemies":"Lagavulin","floor":12,"turns":8},{"damage":6,"enemies":"Exordium Wildlife","floor":13,"turns":5},{"damage":27,"enemies":"Gremlin Nob","floor":14,"turns":7},{"damage":22,"enemies":"Slime Boss","floor":16,"turns":13},{"damage":12,"enemies":"2 Thieves","floor":18,"turns":4},{"damage":34,"enemies":"Chosen","floor":20,"turns":9},{"damage":19,"enemies":"Shelled Parasite and Fungi","floor":21,"turns":12},{"damage":7,"enemies":"Snake Plant","floor":22,"turns":7},{"damage":9,"enemies":"Gremlin Leader","floor":23,"turns":3}],"seed_played":"6164257795606007133","potions_obtained":[{"floor":1,"key":"PotionOfCapacity"},{"floor":12,"key":"Weak Potion"},{"floor":13,"key":"DuplicationPotion"},{"floor":21,"key":"Swift Potion"},{"floor":22,"key":"champ:CounterPotion"}],"is_trial":false,"path_per_floor":["M","?","$","?","M","R","E","R","T","R","M","E","M","E","R","B",null,"M","?","M","M","M","E"],"character_chosen":"DEFECT","items_purchased":[],"campfire_rested":1,"item_purchase_floors":[],"current_hp_per_floor":[75,69,69,66,66,66,44,44,44,44,46,37,33,8,28,8,69,57,57,25,8,3,0,0],"gold":275,"neow_bonus":"ONE_RARE_RELIC","is_daily":false,"chose_seed":false,"campfire_upgraded":3,"win_rate":0.0,"timestamp":1611789927,"path_taken":["M","?","?","?","M","R","E","R","T","R","M","E","M","E","R","BOSS","M","?","M","M","M","E"],"items_purchased_type":[],"build_version":"2020-12-22","purchased_purges":0,"victory":false,"max_hp_per_floor":[75,69,69,69,69,69,69,69,69,69,69,69,69,69,69,69,69,69,69,69,69,69,69,69],"relic_stats":{"Blood Vial":18,"Busted Crown":8,"Torii":8,"counters":[13,81],"Golden Idol":77,"Sundial":[4],"Blue Candle":[0],"Question Card":9,"obtain_stats":[{"Blood Vial":7,"Potion Belt":12,"Busted Crown":17,"Torii":14,"Golden Idol":2,"Sundial":19,"Blue Candle":4,"Cracked Core":0,"Question Card":9,"FossilizedHelix":0},{"Blood Vial":3,"Potion Belt":5,"Busted Crown":8,"Torii":7,"Golden Idol":1,"Sundial":9,"Blue Candle":1,"Cracked Core":0,"Question Card":3,"FossilizedHelix":0},{"Blood Vial":10,"Potion Belt":21,"Busted Crown":46,"Torii":33,"Golden Idol":3,"Sundial":50,"Blue Candle":3,"Cracked Core":0,"Question Card":10,"FossilizedHelix":0}]},"card_choices":[{"not_picked":["Undo","Streamline"],"picked":"Coolheaded","floor":1},{"not_picked":["Doom and Gloom","Double Energy"],"picked":"Leap","floor":5},{"not_picked":["Force Field","Genetic Algorithm"],"picked":"Conserve Battery","floor":7},{"not_picked":["Auto Shields","FTL","Leap"],"picked":"Rebound","floor":11},{"not_picked":["Force Field","Streamline","Tempest"],"picked":"Glacier","floor":12},{"not_picked":["Sweeping Beam","Streamline","Coolheaded"],"picked":"Blizzard","floor":13},{"not_picked":["Ball Lightning","Streamline","Barrage"],"picked":"Seek","floor":14},{"not_picked":["Biased Cognition","Buffer","Reboot"],"picked":"Fission","floor":16},{"not_picked":["Genetic Algorithm"],"picked":"Coolheaded","floor":18},{"not_picked":["Gash"],"picked":"Loop","floor":20},{"not_picked":["Sunder"],"picked":"Rebound","floor":21},{"not_picked":["Coolheaded"],"picked":"Aggregate+1","floor":22}],"player_experience":369095,"relics_obtained":[{"floor":7,"key":"Blood Vial"},{"floor":9,"key":"Question Card"},{"floor":12,"key":"Potion Belt"},{"floor":14,"key":"Torii"}],"event_choices":[{"damage_healed":0,"gold_gain":0,"player_choice":"Lose Max HP","damage_taken":0,"relics_obtained":["Golden Idol"],"max_hp_gain":0,"max_hp_loss":6,"event_name":"Golden Idol","floor":2,"gold_loss":0},{"damage_healed":0,"gold_gain":0,"player_choice":"Success","damage_taken":3,"relics_obtained":["Blue Candle"],"max_hp_gain":0,"max_hp_loss":0,"event_name":"Scrap Ooze","floor":4,"gold_loss":0},{"damage_healed":0,"gold_gain":0,"player_choice":"Obtained Relic","damage_taken":0,"relics_obtained":["Sundial"],"max_hp_gain":0,"max_hp_loss":0,"event_name":"Addict","floor":19,"gold_loss":85}],"is_beta":false,"boss_relics":[{"not_picked":["Snecko Eye","Coffee Dripper"],"picked":"Busted Crown"}],"items_purged_floors":[],"is_endless":false,"potions_floor_spawned":[1,12,13,14,21,22],"killed_by":"Gremlin Leader","ascension_level":2}}