{"host":"2smcgt1ki1qcud40","time":1611790102,"event":{"mods":["BaseMod","Minty Spire (QoL Compilation)"],"gold_per_floor":[115,134,150,160,310,310,343,343,343,363,418,151,151,170,170,247,247,264,284,312,312,323,323,354,354,378,408,408,265,280,305,305,382,382,394,405,405,0,0,0,25,39,62,92,17,50,62,79,79,79,79,79,25,57,57],"floor_reached":56,"language":"ENG","playtime":3186,"items_purged":["Doubt","Strike_G"],"score":2129,"play_id":"9da4a7d3-feef-4ae0-967c-0ed96243799c","local_time":"20210128002822","is_ascension_mode":true,"campfire_choices":[{"data":"Skewer","floor":6.0,"key":"SMITH"},{"data":"Apotheosis","floor":13.0,"key":"SMITH"},{"data":"Adrenaline","floor":15.0,"key":"SMITH"},{"data":"Envenom","floor":23.0,"key":"SMITH"},{"data":"Noxious Fumes","floor":25.0,"key":"SMITH"},{"data":"Catalyst","floor":32.0,"key":"SMITH"},{"data":"Madness","floor":40.0,"key":"SMITH"},{"floor":49,"key":"RECALL"},{"data":"Wraith Form v2","floor":52,"key":"SMITH"}],"circlet_count":0,"master_deck":["AscendersBane","Strike_G","Strike_G","Strike_G","Defend_G","Defend_G+1","Defend_G","Defend_G","Defend_G","Survivor","Neutralize","Dash","Skewer+1","Dagger Spray","Cloak And Dagger","PiercingWail","Adrenaline+1","Apotheosis+1","PiercingWail","Envenom+1","Bane","Noxious Fumes+1","Concentrate","Corpse Explosion","Catalyst+1","Prepared+1","Wraith Form v2+1","Leg Sweep+1","Bouncing Flask","Madness+1","Madness+1","Burst","Footwork","Outmaneuver","Deadly Poison+1","Blade Dance+1","Prepared","Calculated Gamble"],"relics":["Ring of the Snake","NeowsBlessing","Eternal Feather","Snake Skull","Runic Pyramid","Red Mask","Nloth\u0027s Gift","Question Card","Bag of Preparation","Pen Nib","Sling","Darkstone Periapt","Black Star","ClockworkSouvenir","Oddly Smooth Stone","Anchor","Incense Burner","Pocketwatch","Nunchaku","Mango","War Paint","Mummified Hand","Akabeko"],"acts_visited":["Exordium","TheCity","TheBeyond","TheEnding"],"potions_floor_usage":[50,55],"damage_taken":[{"damage":0.0,"enemies":"Jaw Worm","floor":1.0,"turns":1.0},{"damage":0.0,"enemies":"2 Louse","floor":2.0,"turns":1.0},{"damage":0.0,"enemies":"Small Slimes","floor":3.0,"turns":2.0},{"damage":17.0,"enemies":"Exordium Thugs","floor":4.0,"turns":6.0},{"damage":8.0,"enemies":"Gremlin Nob","floor":7.0,"turns":3.0},{"damage":0.0,"enemies":"3 Louse","floor":10.0,"turns":3.0},{"damage":2.0,"enemies":"Blue Slaver","floor":14.0,"turns":3.0},{"damage":17.0,"enemies":"Hexaghost","floor":16.0,"turns":12.0},{"damage":0.0,"enemies":"Shell Parasite","floor":18.0,"turns":5.0},{"damage":6.0,"enemies":"2 Thieves","floor":19.0,"turns":3.0},{"damage":4.0,"enemies":"Masked Bandits","floor":20.0,"turns":4.0},{"damage":3.0,"enemies":"Snake Plant","floor":22.0,"turns":5.0},{"damage":8.0,"enemies":"Slavers","floor":24.0,"turns":4.0},{"damage":14.0,"enemies":"Book of Stabbing","floor":27.0,"turns":6.0},{"damage":3.0,"enemies":"Snecko","floor":30.0,"turns":4.0},{"damage":17.0,"enemies":"Slavers","floor":31.0,"turns":4.0},{"damage":18.0,"enemies":"Automaton","floor":33.0,"turns":8.0},{"damage":0.0,"enemies":"Orb Walker","floor":35.0,"turns":3.0},{"damage":13.0,"enemies":"3 Darklings","floor":36.0,"turns":3.0},{"damage":30.0,"enemies":"Giant Head","floor":41.0,"turns":9.0},{"damage":0.0,"enemies":"Transient","floor":42.0,"turns":5.0},{"damage":19.0,"enemies":"Reptomancer","floor":44.0,"turns":9.0},{"damage":0.0,"enemies":"Nemesis","floor":46.0,"turns":5.0},{"damage":3,"enemies":"Writhing Mass","floor":47,"turns":5},{"damage":0,"enemies":"Sphere and 2 Shapes","floor":48,"turns":6},{"damage":17,"enemies":"Donu and Deca","floor":50,"turns":7},{"damage":0,"enemies":"Shield and Spear","floor":54,"turns":5},{"damage":48,"enemies":"The Heart","floor":55,"turns":8}],"seed_played":"3829069587468698324","potions_obtained":[{"floor":2.0,"key":"Fire Potion"},{"floor":3.0,"key":"FearPotion"},{"floor":7.0,"key":"EntropicBrew"},{"floor":14.0,"key":"Explosive Potion"},{"floor":27.0,"key":"GamblersBrew"},{"floor":30.0,"key":"Swift Potion"},{"floor":31.0,"key":"Weak Potion"},{"floor":42.0,"key":"Weak Potion"}],"is_trial":false,"path_per_floor":["M","M","M","M","?","R","E","?","T","M","T","$","R","M","R","B",null,"M","M","?","?","M","R","E","R","T","E","?","$","M","E","R","B",null,"M","M","?","$","?","R","E","M","T","E","$","E","M","M","R","B",null,"R","$","E","B",null],"character_chosen":"THE_SILENT","items_purchased":["Apotheosis","Sling","ClockworkSouvenir","Oddly Smooth Stone","Footwork","Prepared"],"campfire_rested":0,"item_purchase_floors":[12,29,38,38,45,53],"current_hp_per_floor":[59,59,59,42,42,42,34,27,27,27,27,27,36,34,46,29,57,57,51,47,47,44,59,51,66,66,52,52,52,49,32,47,29,57,57,44,32,32,32,50,20,20,20,1,1,15,12,12,33,16,64,80,80,80,32],"gold":57,"neow_bonus":"THREE_ENEMY_KILL","is_daily":false,"chose_seed":false,"campfire_upgraded":8,"win_rate":0.0,"timestamp":1611790102,"path_taken":["M","M","M","M","?","R","E","?","T","M","?","$","R","M","R","BOSS","M","M","?","?","?","R","E","R","T","E","?","?","M","E","R","BOSS","M","M","?","$","?","R","E","M","T","E","$","E","M","M","R","BOSS","R","$","E","BOSS"],"items_purchased_type":["Card","Relic","Relic","Relic","Card","Card"],"build_version":"2020-12-22","purchased_purges":2,"victory":true,"max_hp_per_floor":[66,66,66,66,66,66,66,66,66,66,66,66,66,66,66,66,66,66,66,66,66,66,66,66,66,66,66,66,66,66,66,66,66,66,66,66,66,66,66,66,66,66,66,66,66,80,80,80,80,80,80,80,80,80,80],"card_choices":[{"not_picked":["Bane","Concentrate"],"picked":"Dash","floor":1.0},{"not_picked":["Prepared","Quick Slash"],"picked":"Skewer","floor":2.0},{"not_picked":["Choke","Outmaneuver"],"picked":"Dagger Spray","floor":3.0},{"not_picked":["Infinite Blades","Blur"],"picked":"Cloak And Dagger","floor":4.0},{"not_picked":["Dodge and Roll","Acrobatics"],"picked":"PiercingWail","floor":7.0},{"not_picked":["Dodge and Roll","Crippling Poison"],"picked":"Adrenaline","floor":10.0},{"not_picked":["Poisoned Stab","Dagger Throw"],"picked":"PiercingWail","floor":14.0},{"not_picked":["Glass Knife","Night Terror"],"picked":"Envenom","floor":16.0},{"not_picked":["Quick Slash","Masterful Stab"],"picked":"Bane","floor":18.0},{"not_picked":["PiercingWail","Sucker Punch"],"picked":"Deadly Poison","floor":19.0},{"not_picked":["Backstab","Dodge and Roll"],"picked":"Noxious Fumes","floor":20.0},{"not_picked":["Heel Hook+1","Dagger Throw"],"picked":"Concentrate","floor":22.0},{"not_picked":["Tools of the Trade","Venomology"],"picked":"Corpse Explosion","floor":24.0},{"not_picked":["Well Laid Plans","Heel Hook","Noxious Fumes","Finisher"],"picked":"SKIP","floor":27.0},{"not_picked":["Flying Knee","Quick Slash+1","Bane","Sucker Punch"],"picked":"SKIP","floor":30.0},{"not_picked":["Bouncing Flask","Outmaneuver","Glass Knife"],"picked":"Prepared+1","floor":31.0},{"not_picked":["Tools of the Trade","After Image","Corpse Explosion"],"picked":"Wraith Form v2","floor":33.0},{"not_picked":["Deadly Poison","Flying Knee","Crippling Poison+1"],"picked":"Leg Sweep+1","floor":35.0},{"not_picked":["Caltrops","Acrobatics+1","Endless Agony"],"picked":"Bouncing Flask","floor":36.0},{"not_picked":["Dodge and Roll","Flying Knee","Endless Agony","Escape Plan"],"picked":"SKIP","floor":41.0},{"not_picked":["Dagger Throw","Caltrops","Slice","Sucker Punch"],"picked":"SKIP","floor":42.0},{"not_picked":["Envenom","Corpse Explosion","Slice"],"picked":"Burst","floor":44.0},{"not_picked":["Reflex+1","Acrobatics","Doppelganger"],"picked":"Outmaneuver","floor":46.0},{"not_picked":["Reflex+1","Tactician+1","Prepared"],"picked":"Deadly Poison+1","floor":47},{"not_picked":["Wraith Form v2","All Out Attack","Calculated Gamble"],"picked":"Blade Dance+1","floor":48},{"not_picked":["Finisher","Phantasmal Killer","Bouncing Flask"],"picked":"Calculated Gamble","floor":54}],"player_experience":681628,"relics_obtained":[{"floor":7.0,"key":"Vajra"},{"floor":9.0,"key":"Eternal Feather"},{"floor":11.0,"key":"Snake Skull"},{"floor":20.0,"key":"Red Mask"},{"floor":24.0,"key":"Question Card"},{"floor":26.0,"key":"Bag of Preparation"},{"floor":27.0,"key":"Pen Nib"},{"floor":31.0,"key":"Darkstone Periapt"},{"floor":41.0,"key":"Anchor"},{"floor":41.0,"key":"Incense Burner"},{"floor":44.0,"key":"Pocketwatch"},{"floor":44.0,"key":"Nunchaku"},{"floor":46.0,"key":"Mango"},{"floor":46.0,"key":"War Paint"},{"floor":54,"key":"Mummified Hand"},{"floor":54,"key":"Akabeko"}],"event_choices":[{"damage_healed":0.0,"max_hp_gain":0.0,"max_hp_loss":0.0,"gold_gain":150.0,"event_name":"Liars Game","player_choice":"AGREE","floor":5.0,"gold_loss":0.0,"damage_taken":0.0,"cards_obtained":["Doubt"]},{"cards_removed":["Strike_G"],"damage_healed":0.0,"max_hp_gain":0.0,"max_hp_loss":0.0,"gold_gain":0.0,"event_name":"Golden Wing","player_choice":"Card Removal","floor":8.0,"gold_loss":0.0,"damage_taken":7.0},{"damage_healed":0.0,"max_hp_gain":0.0,"max_hp_loss":0.0,"gold_gain":0.0,"event_name":"Masked Bandits","player_choice":"Fought Bandits","floor":20.0,"gold_loss":0.0,"damage_taken":0.0},{"damage_healed":0.0,"max_hp_gain":0.0,"max_hp_loss":0.0,"gold_gain":0.0,"event_name":"N\u0027loth","player_choice":"Traded Relic","floor":21.0,"relics_lost":["Vajra"],"gold_loss":0.0,"damage_taken":0.0,"relics_obtained":["Nloth\u0027s Gift"]},{"damage_healed":0.0,"max_hp_gain":0.0,"max_hp_loss":0.0,"gold_gain":0.0,"event_name":"The Library","player_choice":"Read","floor":28.0,"gold_loss":0.0,"damage_taken":0.0,"cards_obtained":["Catalyst"]},{"damage_healed":0.0,"max_hp_gain":0.0,"max_hp_loss":0.0,"gold_gain":0.0,"event_name":"Winding Halls","player_choice":"Embrace Madness","floor":37.0,"gold_loss":0.0,"damage_taken":12.0,"cards_obtained":["Madness","Madness"]},{"cards_removed":["Deadly Poison"],"damage_healed":0.0,"max_hp_gain":0.0,"max_hp_loss":0.0,"gold_gain":0.0,"event_name":"Falling","player_choice":"Removed Skill","floor":39.0,"gold_loss":0.0,"damage_taken":0.0}],"is_beta":false,"boss_relics":[{"not_picked":["Velvet Choker","Runic Dome"],"picked":"Runic Pyramid"},{"not_picked":["SlaversCollar","Astrolabe"],"picked":"Black Star"}],"items_purged_floors":[12,38],"is_endless":false,"potions_floor_spawned":[2,3,7,14,16,18,27,30,31,42,46,47],"ascension_level":15}}