{"host":"e1pm3b7xpcm97e5w","time":1611774365,"event":{"mods":["BaseMod","Better Skull","Googly Eyes","Minty Spire (QoL Compilation)","Relic Stats","Shop Mod","Spicy Shops","StSLib"],"gold_per_floor":[114,114,114,39,59,59,69,97,146,146,159,159,176,188,188,188,188],"floor_reached":16,"language":"ENG","playtime":511,"items_purged":["Strike_G"],"score":194,"play_id":"9f89d329-273d-43c7-acb7-c0b5764970ca","local_time":"20210127140605","is_ascension_mode":true,"campfire_choices":[{"data":"Skewer","floor":6.0,"key":"SMITH"},{"data":"Poisoned Stab","floor":10.0,"key":"SMITH"},{"floor":12.0,"key":"REST"},{"data":"Noxious Fumes","floor":15.0,"key":"SMITH"}],"circlet_count":0,"master_deck":["AscendersBane","Strike_G","Strike_G","Defend_G","Defend_G","Defend_G","Defend_G","Defend_G","Survivor","Neutralize","Distraction+1","Wraith Form v2+1","Poisoned Stab+1","Skewer+1","Noxious Fumes+1","Distraction","Crippling Poison"],"relics":["Ring of the Snake","Boot","Sundial","MealTicket"],"acts_visited":["Exordium"],"potions_floor_usage":[16,16],"damage_taken":[{"damage":0.0,"enemies":"Jaw Worm","floor":1.0,"turns":4.0},{"damage":0.0,"enemies":"2 Louse","floor":5.0,"turns":4.0},{"damage":0.0,"enemies":"Small Slimes","floor":7.0,"turns":2.0},{"damage":20.0,"enemies":"Lagavulin","floor":8.0,"turns":7.0},{"damage":1.0,"enemies":"3 Louse","floor":11.0,"turns":3.0},{"damage":2.0,"enemies":"Exordium Thugs","floor":13.0,"turns":5.0},{"damage":0.0,"enemies":"Blue Slaver","floor":14.0,"turns":3.0},{"damage":30,"enemies":"Slime Boss","floor":16,"turns":9}],"seed_played":"-1999696551859870746","potions_obtained":[{"floor":1.0,"key":"PowerPotion"},{"floor":8.0,"key":"SpeedPotion"},{"floor":11.0,"key":"SteroidPotion"},{"floor":13.0,"key":"ColorlessPotion"}],"is_trial":false,"path_per_floor":["M","?","?","$","M","R","M","E","T","R","M","R","M","M","R","B"],"character_chosen":"THE_SILENT","items_purchased":[],"campfire_rested":1,"item_purchase_floors":[],"current_hp_per_floor":[59,48,30,30,30,30,30,10,10,10,9,27,25,25,25,0,0],"gold":188,"neow_bonus":"TRANSFORM_TWO_CARDS","is_daily":false,"chose_seed":false,"campfire_upgraded":3,"win_rate":0.0,"timestamp":1611774365,"path_taken":["M","?","?","$","M","R","M","E","T","R","M","R","M","M","R","BOSS"],"items_purchased_type":[],"build_version":"2020-12-22","purchased_purges":1,"victory":false,"max_hp_per_floor":[60,60,60,60,60,60,60,60,60,60,60,60,60,60,60,60,60],"relic_stats":{"counters":[8,37],"Sundial":[4],"MealTicket":0,"Boot":[30],"obtain_stats":[{"Sundial":8,"MealTicket":9,"Boot":2,"Ring of the Snake":0},{"Sundial":4,"MealTicket":4,"Boot":1,"Ring of the Snake":0},{"Sundial":17,"MealTicket":17,"Boot":4,"Ring of the Snake":0}],"Ring of the Snake":[16]},"card_choices":[{"not_picked":["Eviscerate","Dagger Throw"],"picked":"Poisoned Stab","floor":1.0},{"not_picked":["Distraction","Terror"],"picked":"Skewer","floor":5.0},{"not_picked":["Dagger Throw","Underhanded Strike","Setup"],"picked":"SKIP","floor":7.0},{"not_picked":["Dagger Spray","Acrobatics","Underhanded Strike"],"picked":"SKIP","floor":8.0},{"not_picked":["Acrobatics","Outmaneuver"],"picked":"Noxious Fumes","floor":11.0},{"not_picked":["Prepared","Dash"],"picked":"Distraction","floor":13.0},{"not_picked":["Backflip","Sucker Punch"],"picked":"Crippling Poison","floor":14.0}],"player_experience":597263,"relics_obtained":[{"floor":8.0,"key":"Sundial"},{"floor":9.0,"key":"MealTicket"}],"event_choices":[{"damage_healed":0.0,"max_hp_gain":0.0,"max_hp_loss":0.0,"gold_gain":0.0,"event_name":"Scrap Ooze","player_choice":"Success","floor":2.0,"gold_loss":0.0,"damage_taken":11.0,"relics_obtained":["Boot"]},{"damage_healed":0.0,"max_hp_gain":0.0,"max_hp_loss":0.0,"gold_gain":0.0,"event_name":"Shining Light","player_choice":"Entered Light","floor":3.0,"gold_loss":0.0,"damage_taken":18.0,"cards_upgraded":["Distraction","Wraith Form v2"]}],"is_beta":false,"boss_relics":[],"items_purged_floors":[4],"is_endless":false,"potions_floor_spawned":[1,8,11,13],"killed_by":"Slime Boss","ascension_level":18}}