{"host":"x3q4ieql2tr7v8o6","time":1611754403,"event":{"mods":["BaseMod","Bestiary","Better Altar","Better Match","Better Note","Better Sensory Stone","Better Skull","Better Third Choice","Colored Map","Colored Powertips","Curses Come First","Minty Spire (QoL Compilation)","StSLib"],"gold_per_floor":[216,228,3,19,36,36,55,55,55,55,89,89,100,25,25,98,98,118,135,154,204,219,219,219,219,219,20,20,20,20,37,37,108,108,125,136,136,148,167,167,193,205,205,205,220,34,34,0,0,0],"floor_reached":51,"language":"ENG","playtime":2457,"items_purged":["Burn+1","Strike_G"],"score":1176,"play_id":"d3dfeb51-7f73-4a62-b4c5-2b38d6256f59","local_time":"20210127133323","is_ascension_mode":true,"campfire_choices":[{"data":"Sucker Punch","floor":6.0,"key":"SMITH"},{"floor":10.0,"key":"REST"},{"floor":15.0,"key":"REST"},{"floor":23.0,"key":"REST"},{"floor":29.0,"key":"REST"},{"floor":32.0,"key":"REST"},{"floor":40.0,"key":"REST"},{"floor":44,"key":"REST"},{"data":"Bullet Time","floor":49,"key":"SMITH"}],"circlet_count":0,"master_deck":["AscendersBane","Strike_G","Strike_G","Strike_G","Strike_G","Defend_G","Defend_G","Defend_G","Defend_G","Defend_G","Survivor","Neutralize","Poisoned Stab","Underhanded Strike","Footwork","Sucker Punch+1","Leg Sweep","Backstab","DeusExMachina","Outmaneuver","PiercingWail","Bullet Time+1","Dash","Predator","Backflip+1","Backstab","Shame","RitualDagger","Decay","Infinite Blades","After Image","Heel Hook+1","Concentrate","Discovery","Flash of Steel","Flying Knee","PiercingWail+1","Blade Dance","Backflip+1","Footwork","Writhe"],"relics":["Ring of the Snake","OrangePellets","Dead Branch","Du-Vu Doll","SacredBark","Bird Faced Urn","Mango","Medical Kit","WristBlade","Happy Flower","Ninja Scroll","Red Mask"],"acts_visited":["Exordium","TheCity","TheBeyond"],"potions_floor_usage":[42,50,50],"damage_taken":[{"damage":3.0,"enemies":"Cultist","floor":1.0,"turns":5.0},{"damage":3.0,"enemies":"Small Slimes","floor":2.0,"turns":5.0},{"damage":0.0,"enemies":"2 Louse","floor":4.0,"turns":3.0},{"damage":15.0,"enemies":"Exordium Wildlife","floor":5.0,"turns":9.0},{"damage":7.0,"enemies":"Gremlin Gang","floor":7.0,"turns":7.0},{"damage":3.0,"enemies":"Lagavulin","floor":11.0,"turns":7.0},{"damage":5.0,"enemies":"3 Louse","floor":13.0,"turns":2.0},{"damage":14.0,"enemies":"The Guardian","floor":16.0,"turns":11.0},{"damage":6.0,"enemies":"Spheric Guardian","floor":18.0,"turns":4.0},{"damage":52.0,"enemies":"3 Byrds","floor":19.0,"turns":9.0},{"damage":0.0,"enemies":"Centurion and Healer","floor":20.0,"turns":5.0},{"damage":0.0,"enemies":"Shelled Parasite and Fungi","floor":22.0,"turns":4.0},{"damage":16.0,"enemies":"Snecko","floor":31.0,"turns":4.0},{"damage":34.0,"enemies":"Automaton","floor":33.0,"turns":10.0},{"damage":0.0,"enemies":"Orb Walker","floor":35.0,"turns":2.0},{"damage":3.0,"enemies":"3 Shapes","floor":36.0,"turns":6.0},{"damage":23.0,"enemies":"Transient","floor":38.0,"turns":5.0},{"damage":0.0,"enemies":"Spire Growth","floor":39.0,"turns":2.0},{"damage":48.0,"enemies":"Nemesis","floor":41.0,"turns":5.0},{"damage":4,"enemies":"3 Darklings","floor":42,"turns":5},{"damage":7,"enemies":"Writhing Mass","floor":45,"turns":3},{"damage":44,"enemies":"Time Eater","floor":50,"turns":7}],"seed_played":"-354713409647675772","potions_obtained":[{"floor":2.0,"key":"Fire Potion"},{"floor":7.0,"key":"Block Potion"},{"floor":16.0,"key":"Dexterity Potion"},{"floor":20.0,"key":"SteroidPotion"},{"floor":31.0,"key":"LiquidBronze"},{"floor":33.0,"key":"EssenceOfSteel"},{"floor":36.0,"key":"SkillPotion"},{"floor":38.0,"key":"CunningPotion"},{"floor":41.0,"key":"LiquidBronze"},{"floor":45,"key":"Fire Potion"}],"is_trial":false,"path_per_floor":["M","M","$","M","M","R","M","?","T","R","E","?","M","$","R","B",null,"M","M","M","?","M","R","$","?","T","$","?","R","?","M","R","B",null,"M","M","?","M","M","R","E","M","T","R","M","$","?","?","R","B",null],"character_chosen":"THE_SILENT","items_purchased":["Footwork","OrangePellets","Medical Kit","FearPotion","SteroidPotion","Footwork"],"campfire_rested":7,"item_purchase_floors":[3,3,27,27,46,46],"current_hp_per_floor":[56,53,53,53,38,38,31,28,28,47,44,44,39,39,58,44,61,55,3,3,3,3,22,22,22,36,36,30,54,54,40,64,46,72,74,77,77,57,59,80,36,34,34,58,57,57,73,73,73,39],"gold":0,"neow_bonus":"HUNDRED_GOLD","is_daily":false,"chose_seed":false,"campfire_upgraded":2,"win_rate":0.0,"timestamp":1611754403,"path_taken":["M","M","$","M","M","R","?","?","T","R","E","?","?","$","R","BOSS","M","M","?","?","M","R","?","?","T","$","?","R","?","M","R","BOSS","M","M","?","M","M","R","E","M","T","R","M","$","?","?","R","BOSS"],"items_purchased_type":["Card","Relic","Relic","Potion","Potion","Card"],"build_version":"2020-12-22","purchased_purges":2,"victory":true,"max_hp_per_floor":[66,66,66,66,66,66,66,66,66,66,66,66,66,66,66,66,66,66,66,66,66,66,66,66,66,80,80,80,80,80,80,80,80,80,80,80,80,80,80,80,80,80,80,80,80,80,80,80,80,80],"card_choices":[{"not_picked":["Slice","Heel Hook"],"picked":"Poisoned Stab","floor":1.0},{"not_picked":["Deflect","Choke"],"picked":"Underhanded Strike","floor":2.0},{"not_picked":["Riddle With Holes","Dagger Throw"],"picked":"Sucker Punch","floor":4.0},{"not_picked":["Expertise","Dagger Throw"],"picked":"Leg Sweep","floor":5.0},{"not_picked":["Phantasmal Killer","Dodge and Roll"],"picked":"Backstab","floor":7.0},{"not_picked":["Sucker Punch","A Thousand Cuts"],"picked":"Outmaneuver","floor":11.0},{"not_picked":["Blur","Dash"],"picked":"PiercingWail","floor":13.0},{"not_picked":["Tools of the Trade","A Thousand Cuts"],"picked":"Bullet Time","floor":16.0},{"not_picked":["Slice","Dodge and Roll"],"picked":"Dash","floor":18.0},{"not_picked":["Prepared+1","Flying Knee"],"picked":"Predator","floor":19.0},{"not_picked":["Deadly Poison","Well Laid Plans"],"picked":"Backflip+1","floor":20.0},{"not_picked":["Underhanded Strike","Acrobatics"],"picked":"Backstab","floor":22.0},{"not_picked":["Outmaneuver","Calculated Gamble"],"picked":"Infinite Blades","floor":31.0},{"not_picked":["Wraith Form v2","Grand Finale"],"picked":"After Image","floor":33.0},{"not_picked":["Catalyst+1","Dagger Throw"],"picked":"Heel Hook+1","floor":35.0},{"not_picked":["Deflect","Sucker Punch"],"picked":"Concentrate","floor":36.0},{"not_picked":["Secret Weapon","Panacea"],"picked":"Discovery","floor":37.0},{"not_picked":["PanicButton","Mayhem"],"picked":"Flash of Steel","floor":37.0},{"not_picked":["Quick Slash+1","Flechettes","Dash"],"picked":"SKIP","floor":38.0},{"not_picked":["Heel Hook","Deadly Poison"],"picked":"Flying Knee","floor":39.0},{"not_picked":["All Out Attack","Acrobatics"],"picked":"PiercingWail+1","floor":41.0},{"not_picked":["Deadly Poison+1","Outmaneuver"],"picked":"Blade Dance","floor":42},{"not_picked":["Dodge and Roll+1","Escape Plan"],"picked":"Backflip+1","floor":45}],"player_experience":742349,"relics_obtained":[{"floor":9.0,"key":"Dead Branch"},{"floor":11.0,"key":"Du-Vu Doll"},{"floor":26.0,"key":"Mango"},{"floor":41.0,"key":"Happy Flower"},{"floor":43,"key":"Ninja Scroll"}],"event_choices":[{"damage_healed":0.0,"max_hp_gain":0.0,"max_hp_loss":0.0,"gold_gain":1.0,"event_name":"betterThird:BetterScrap","player_choice":"Card ","floor":8.0,"gold_loss":0.0,"damage_taken":3.0,"cards_obtained":["DeusExMachina","DevaForm"]},{"damage_healed":44.0,"max_hp_gain":0.0,"max_hp_loss":66.0,"gold_gain":0.0,"event_name":"betterThird:BetterShining","player_choice":"Embrace Burn","floor":12.0,"gold_loss":0.0,"damage_taken":0.0},{"damage_healed":0.0,"max_hp_gain":0.0,"max_hp_loss":0.0,"gold_gain":100.0,"event_name":"The Joust","player_choice":"Bet on Murderer","floor":21.0,"gold_loss":50.0,"damage_taken":0.0},{"damage_healed":0.0,"max_hp_gain":0.0,"max_hp_loss":0.0,"gold_gain":0.0,"event_name":"Addict","player_choice":"Stole Relic","floor":25.0,"gold_loss":0.0,"damage_taken":0.0,"relics_obtained":["Bird Faced Urn"],"cards_obtained":["Shame"]},{"damage_healed":0.0,"max_hp_gain":0.0,"max_hp_loss":0.0,"gold_gain":0.0,"event_name":"betterThird:BetterNest","player_choice":"Dagger","floor":28.0,"gold_loss":0.0,"damage_taken":6.0,"cards_obtained":["RitualDagger"]},{"damage_healed":0.0,"max_hp_gain":0.0,"max_hp_loss":0.0,"gold_gain":0.0,"event_name":"betterAltar:BetterAltar","player_choice":" Defy","floor":30.0,"gold_loss":0.0,"damage_taken":0.0,"cards_obtained":["Decay"]},{"damage_healed":0.0,"max_hp_gain":0.0,"max_hp_loss":0.0,"gold_gain":3.0,"event_name":"betterStone:BetterStone","player_choice":"1","floor":37.0,"gold_loss":0.0,"damage_taken":0.0},{"damage_healed":16,"gold_gain":0,"player_choice":"Writhe","damage_taken":0,"max_hp_gain":0,"max_hp_loss":0,"event_name":"Winding Halls","floor":47,"gold_loss":0,"cards_obtained":["Writhe"]},{"damage_healed":0,"gold_gain":0,"player_choice":"Paid","damage_taken":0,"relics_obtained":["Red Mask"],"max_hp_gain":0,"max_hp_loss":0,"event_name":"Tomb of Lord Red Mask","floor":48,"gold_loss":34}],"is_beta":false,"boss_relics":[{"not_picked":["Ring of the Serpent","Runic Dome"],"picked":"SacredBark"},{"not_picked":["Sozu","Fusion Hammer"],"picked":"WristBlade"}],"items_purged_floors":[14,46],"is_endless":false,"potions_floor_spawned":[2,7,16,20,31,33,36,38,41,45],"ascension_level":15}}