{"host":"qxeepl7ydvsgmfdb","time":1611722951,"event":{"mods":["AchievementEnabler","BaseMod","Colored Powertips","Minty Spire (QoL Compilation)","Quick Restart","slay the spire mod where everything is the same but ironclad has a cowboy hat"],"gold_per_floor":[118,21,35,35,35,69,86,11,34,34,66,18,193,193,193,288,288,298,311,311,327,343,343,343,343],"floor_reached":24,"language":"ENG","playtime":578,"items_purged":[],"score":355,"play_id":"f79654b4-49cc-4f38-b7b3-4c6f787752a0","local_time":"20210126234911","is_ascension_mode":true,"campfire_choices":[{"floor":10,"key":"REST"},{"floor":15,"key":"REST"},{"floor":23,"key":"REST"}],"circlet_count":0,"master_deck":["AscendersBane","Strike_G","Strike_G+1","Strike_G","Strike_G+1","Strike_G","Defend_G","Defend_G+1","Defend_G","Defend_G+1","Defend_G","Survivor","Neutralize","Slice","Dramatic Entrance","Deflect","Blade Dance","Cloak And Dagger","Blade Dance","Slice","Phantasmal Killer","CurseOfTheBell","Blade Dance","Poisoned Stab+1","Backstab"],"relics":["Ring of the Snake","NeowsBlessing","Boot","Shovel","Whetstone","Bronze Scales","Calling Bell","Nunchaku","Pear","Unceasing Top"],"acts_visited":["Exordium","TheCity"],"potions_floor_usage":[11,16,22,22],"damage_taken":[{"damage":0,"enemies":"Cultist","floor":1,"turns":1},{"damage":0,"enemies":"Small Slimes","floor":3,"turns":1},{"damage":0,"enemies":"Lagavulin","floor":6,"turns":1},{"damage":0,"enemies":"2 Louse","floor":7,"turns":2},{"damage":17,"enemies":"Gremlin Nob","floor":11,"turns":4},{"damage":36,"enemies":"Slime Boss","floor":16,"turns":12},{"damage":15,"enemies":"Shell Parasite","floor":18,"turns":5},{"damage":16,"enemies":"2 Thieves","floor":19,"turns":3},{"damage":21,"enemies":"Snake Plant","floor":21,"turns":4},{"damage":11,"enemies":"Centurion and Healer","floor":22,"turns":4},{"damage":37,"enemies":"Gremlin Leader","floor":24,"turns":6}],"seed_played":"4175183803504385680","potions_obtained":[{"floor":1,"key":"SneckoOil"},{"floor":7,"key":"GamblersBrew"},{"floor":18,"key":"Strength Potion"},{"floor":21,"key":"Block Potion"}],"is_trial":false,"path_per_floor":["M","$","M","?","?","E","M","$","T","R","E","$","?","?","R","B",null,"M","M","$","M","M","R","E"],"character_chosen":"THE_SILENT","items_purchased":["Dramatic Entrance","Blade Dance","Cloak And Dagger","Slice"],"campfire_rested":3,"item_purchase_floors":[2,8,8,12],"current_hp_per_floor":[63,63,63,49,31,31,31,31,31,52,35,35,35,35,56,20,68,53,37,37,16,5,29,0,0],"gold":343,"neow_bonus":"THREE_ENEMY_KILL","is_daily":false,"chose_seed":false,"campfire_upgraded":0,"win_rate":0.0,"timestamp":1611722951,"path_taken":["M","?","M","?","?","E","M","$","T","R","E","?","?","?","R","BOSS","M","M","$","M","M","R","E"],"items_purchased_type":["Card","Card","Card","Card"],"build_version":"2020-12-22","purchased_purges":0,"victory":false,"max_hp_per_floor":[70,70,70,70,70,70,70,70,70,70,70,70,70,70,70,70,80,80,80,80,80,80,80,80,80],"card_choices":[{"not_picked":["Well Laid Plans","Footwork"],"picked":"Slice","floor":1},{"not_picked":["Quick Slash","Bane","Accuracy"],"picked":"SKIP","floor":3},{"not_picked":["Prepared","Concentrate","Choke"],"picked":"SKIP","floor":6},{"not_picked":["A Thousand Cuts","Masterful Stab"],"picked":"Deflect","floor":7},{"not_picked":["Distraction","Quick Slash"],"picked":"Blade Dance","floor":11},{"not_picked":["Die Die Die","Malaise"],"picked":"Phantasmal Killer","floor":16},{"not_picked":["Setup+1","Prepared"],"picked":"Blade Dance","floor":18},{"not_picked":["Flying Knee","Sucker Punch","Outmaneuver+1"],"picked":"SKIP","floor":19},{"not_picked":["Deflect","Outmaneuver"],"picked":"Poisoned Stab+1","floor":21},{"not_picked":["Dodge and Roll","All Out Attack"],"picked":"Backstab","floor":22}],"player_experience":227543,"relics_obtained":[{"floor":6,"key":"Shovel"},{"floor":9,"key":"Whetstone"},{"floor":11,"key":"Bronze Scales"},{"floor":17,"key":"Nunchaku"},{"floor":17,"key":"Pear"},{"floor":17,"key":"Unceasing Top"}],"event_choices":[{"damage_healed":0,"gold_gain":0,"player_choice":"Entered Light","damage_taken":14,"max_hp_gain":0,"max_hp_loss":0,"event_name":"Shining Light","floor":4,"gold_loss":0,"cards_upgraded":["Defend_G","Defend_G"]},{"damage_healed":0,"gold_gain":0,"player_choice":"Success","damage_taken":18,"relics_obtained":["Boot"],"max_hp_gain":0,"max_hp_loss":0,"event_name":"Scrap Ooze","floor":5,"gold_loss":0},{"damage_healed":0,"gold_gain":175,"player_choice":"AGREE","damage_taken":0,"max_hp_gain":0,"max_hp_loss":0,"event_name":"Liars Game","floor":13,"gold_loss":0,"cards_obtained":["Doubt"]},{"cards_removed":["Doubt"],"damage_healed":0,"gold_gain":0,"player_choice":"Purged","damage_taken":0,"max_hp_gain":0,"max_hp_loss":0,"event_name":"Purifier","floor":14,"gold_loss":0}],"is_beta":false,"boss_relics":[{"not_picked":["Busted Crown","Empty Cage"],"picked":"Calling Bell"}],"items_purged_floors":[],"is_endless":false,"potions_floor_spawned":[1,7,18,21],"killed_by":"Gremlin Leader","ascension_level":11}}