{"host":"lrlw254gqe5layub","time":1611729058,"event":{"mods":["AchievementEnabler","BaseMod","Colored Map","Colored Powertips","Minty Spire (QoL Compilation)","Rare Cards Sparkle","SuperFastMode"],"gold_per_floor":[113,63,63,77,93,121,121,134,184,210,210,135,310,310,310,310,310],"floor_reached":16,"language":"KOR","playtime":339,"items_purged":["Strike_B"],"score":240,"play_id":"77d12469-2194-4437-854a-900c48274cc7","local_time":"20210127153058","is_ascension_mode":true,"campfire_choices":[{"data":"Redo","floor":7,"key":"SMITH"},{"floor":15,"key":"RECALL"}],"circlet_count":0,"master_deck":["Strike_B","Strike_B","Defend_B","Defend_B","Defend_B","Defend_B","Zap","Dualcast","Redo+1","BootSequence","Doubt"],"relics":["Cracked Core","Thread and Needle","Eternal Feather","Anchor","Pear","Art of War"],"acts_visited":[],"potions_floor_usage":[3,6,6,6,16],"damage_taken":[{"damage":0.0,"enemies":"2 Louse","floor":1.0,"turns":2.0},{"damage":0,"enemies":"Jaw Worm","floor":4,"turns":3},{"damage":0,"enemies":"Cultist","floor":5,"turns":4},{"damage":12,"enemies":"Lagavulin","floor":6,"turns":5},{"damage":0,"enemies":"Exordium Thugs","floor":8,"turns":3},{"damage":59,"enemies":"Slime Boss","floor":16,"turns":7}],"seed_played":"-643547591759327654","potions_obtained":[{"floor":3,"key":"LiquidMemories"},{"floor":3,"key":"Fruit Juice"},{"floor":3,"key":"Block Potion"},{"floor":4,"key":"Weak Potion"},{"floor":6,"key":"SkillPotion"}],"is_trial":false,"path_per_floor":["M","?","?","M","M","E","R","M","T","T","T","$","?","?","R","B"],"character_chosen":"DEFECT","items_purchased":[],"campfire_rested":0,"item_purchase_floors":[],"current_hp_per_floor":[50,50,55,55,55,43,49,49,49,49,59,59,59,47,53,0,0],"gold":310,"neow_bonus":"ONE_RARE_RELIC","is_daily":false,"chose_seed":false,"campfire_upgraded":1,"win_rate":0.0,"timestamp":1611729058,"path_taken":["M","?","?","?","M","E","R","M","T","?","?","$","?","?","R","BOSS"],"items_purchased_type":[],"build_version":"2020-12-22","purchased_purges":1,"victory":false,"max_hp_per_floor":[75,75,80,80,80,80,80,80,80,80,90,90,90,90,90,90,90],"card_choices":[{"not_picked":["Sweeping Beam","Beam Cell"],"picked":"Redo","floor":1.0},{"not_picked":["Hologram","Turbo","Static Discharge"],"picked":"SKIP","floor":4},{"not_picked":["Hologram","Steam"],"picked":"BootSequence","floor":5},{"not_picked":["Conserve Battery","Steam","Undo"],"picked":"SKIP","floor":6},{"not_picked":["Storm","Steam","Rip and Tear"],"picked":"SKIP","floor":8}],"player_experience":471978,"relics_obtained":[{"floor":6,"key":"Eternal Feather"},{"floor":9,"key":"Anchor"},{"floor":11,"key":"Pear"}],"event_choices":[{"cards_removed":["Strike_B"],"damage_healed":0.0,"max_hp_gain":0.0,"max_hp_loss":0.0,"gold_gain":0.0,"event_name":"The Cleric","player_choice":"Card Removal","floor":2.0,"gold_loss":50.0,"damage_taken":0.0},{"damage_healed":0,"gold_gain":0,"player_choice":"Got Potions","damage_taken":0,"max_hp_gain":0,"max_hp_loss":0,"event_name":"Lab","floor":3,"gold_loss":0},{"damage_healed":0,"gold_gain":175,"player_choice":"AGREE","damage_taken":0,"max_hp_gain":0,"max_hp_loss":0,"event_name":"Liars Game","floor":13,"gold_loss":0,"cards_obtained":["Doubt"]},{"damage_healed":0,"gold_gain":0,"player_choice":"Success","damage_taken":12,"relics_obtained":["Art of War"],"max_hp_gain":0,"max_hp_loss":0,"event_name":"Scrap Ooze","floor":14,"gold_loss":0}],"is_beta":false,"boss_relics":[],"items_purged_floors":[12],"is_endless":false,"potions_floor_spawned":[4,6],"killed_by":"Slime Boss","ascension_level":9}}