{"host":"f0gpob8hq9vgebej","time":1611705665,"event":{"mods":["AchievementEnabler","BaseMod","Minty Spire (QoL Compilation)","Quick Restart","SuperFastMode"],"gold_per_floor":[112,126,140,140,156,156,167,184,237,237,255,255,275,287,287,287,287],"floor_reached":16,"language":"KOR","playtime":330,"items_purged":[],"score":157,"play_id":"944f4af5-398f-405c-af1c-eb7f7c21aaf5","local_time":"20210127090105","is_ascension_mode":true,"campfire_choices":[{"data":"Finisher","floor":6,"key":"SMITH"},{"data":"Prepared","floor":10,"key":"SMITH"},{"data":"Deadly Poison","floor":12,"key":"SMITH"},{"data":"Burst","floor":15,"key":"SMITH"}],"circlet_count":0,"master_deck":["AscendersBane","Strike_G","Strike_G","Strike_G","Strike_G","Strike_G","Defend_G","Defend_G","Defend_G","Defend_G","Defend_G","Survivor","Neutralize","Prepared+1","Finisher+1","Backflip","Decay","Acrobatics","Flying Knee","Escape Plan","Deadly Poison+1","Dash","Burst+1"],"relics":["Ring of the Snake","NeowsBlessing","Centennial Puzzle"],"acts_visited":["Exordium"],"potions_floor_usage":[5,16,16],"damage_taken":[{"damage":0,"enemies":"Jaw Worm","floor":1,"turns":1},{"damage":0,"enemies":"Cultist","floor":2,"turns":1},{"damage":0,"enemies":"Small Slimes","floor":3,"turns":1},{"damage":26,"enemies":"Exordium Thugs","floor":5,"turns":6},{"damage":2,"enemies":"Large Slime","floor":7,"turns":6},{"damage":1,"enemies":"Exordium Wildlife","floor":8,"turns":5},{"damage":4,"enemies":"Blue Slaver","floor":11,"turns":4},{"damage":7,"enemies":"3 Louse","floor":13,"turns":3},{"damage":0,"enemies":"Exordium Wildlife","floor":14,"turns":2},{"damage":41,"enemies":"Hexaghost","floor":16,"turns":13}],"seed_played":"-166051501439288614","potions_obtained":[{"floor":1,"key":"Explosive Potion"},{"floor":7,"key":"Regen Potion"},{"floor":8,"key":"Weak Potion"}],"is_trial":false,"path_per_floor":["M","M","M","?","M","R","M","M","T","R","M","R","M","M","R","B"],"character_chosen":"THE_SILENT","items_purchased":[],"campfire_rested":0,"item_purchase_floors":[],"current_hp_per_floor":[63,63,63,63,37,37,35,34,34,34,30,30,23,23,23,0,0],"gold":287,"neow_bonus":"THREE_ENEMY_KILL","is_daily":false,"chose_seed":false,"campfire_upgraded":4,"win_rate":0.0,"timestamp":1611705665,"path_taken":["M","M","M","?","M","R","M","M","T","R","M","R","M","M","R","BOSS"],"items_purchased_type":[],"build_version":"2020-12-22","purchased_purges":0,"victory":false,"max_hp_per_floor":[70,70,70,70,70,70,70,70,70,70,70,70,70,70,70,70,70],"card_choices":[{"not_picked":["Well Laid Plans","Caltrops"],"picked":"Prepared","floor":1},{"not_picked":["Cloak And Dagger","Slice"],"picked":"Finisher","floor":2},{"not_picked":["Cloak And Dagger","Bouncing Flask"],"picked":"Backflip","floor":3},{"not_picked":["Infinite Blades","Cloak And Dagger"],"picked":"Acrobatics","floor":5},{"not_picked":["Cloak And Dagger","Infinite Blades"],"picked":"Flying Knee","floor":7},{"not_picked":["Flying Knee","Deadly Poison"],"picked":"Escape Plan","floor":8},{"not_picked":["Deflect","Slice"],"picked":"Deadly Poison","floor":11},{"not_picked":["Noxious Fumes","Dodge and Roll"],"picked":"Dash","floor":13},{"not_picked":["Underhanded Strike","Bane"],"picked":"Burst","floor":14}],"player_experience":260549,"relics_obtained":[{"floor":9,"key":"Centennial Puzzle"}],"event_choices":[{"damage_healed":0,"gold_gain":0,"player_choice":"Cursed","damage_taken":0,"max_hp_gain":0,"max_hp_loss":0,"event_name":"Wheel of Change","floor":4,"gold_loss":0,"cards_obtained":["Decay"]}],"is_beta":false,"boss_relics":[],"items_purged_floors":[],"is_endless":false,"potions_floor_spawned":[1,7,8,11],"killed_by":"Hexaghost","ascension_level":12}}