{"host":"5x08nt64u3vxxcfi","time":1611734949,"event":{"mods":["BaseMod","Minty Spire (QoL Compilation)","StSLib","SuperFastMode"],"gold_per_floor":[117,117,117,137,149,149,168,185,185,185,215,215,215,234,234,234,234],"floor_reached":16,"language":"KOR","playtime":215,"items_purged":[],"score":122,"play_id":"bd36a43a-1b70-44f0-ab87-47e1a2c7a001","local_time":"20210127170909","is_ascension_mode":true,"campfire_choices":[{"data":"Searing Blow","floor":6.0,"key":"SMITH"},{"data":"Searing Blow+1","floor":10,"key":"SMITH"},{"data":"Searing Blow+2","floor":13,"key":"SMITH"},{"data":"Searing Blow+3","floor":15,"key":"SMITH"}],"circlet_count":0,"master_deck":["Strike_R","Strike_R","Strike_R","Strike_R","Strike_R","Defend_R+1","Defend_R+1","Defend_R","Defend_R","Bash","Searing Blow+4","Intimidate","Offering","Rupture","Dropkick"],"relics":["Burning Blood","NeowsBlessing","Matryoshka","Bottled Lightning","Ornamental Fan","War Paint"],"acts_visited":["Exordium"],"potions_floor_usage":[14,16],"damage_taken":[{"damage":0.0,"enemies":"Small Slimes","floor":1.0,"turns":1.0},{"damage":0.0,"enemies":"Jaw Worm","floor":4.0,"turns":1.0},{"damage":0.0,"enemies":"Cultist","floor":5.0,"turns":1.0},{"damage":12.0,"enemies":"3 Louse","floor":7.0,"turns":2.0},{"damage":13.0,"enemies":"Lots of Slimes","floor":8.0,"turns":4.0},{"damage":52,"enemies":"Lagavulin","floor":11,"turns":6},{"damage":6,"enemies":"Gremlin Gang","floor":14,"turns":3},{"damage":31,"enemies":"Hexaghost","floor":16,"turns":7}],"seed_played":"7559673037648526666","potions_obtained":[{"floor":4.0,"key":"LiquidBronze"},{"floor":8.0,"key":"Explosive Potion"},{"floor":11,"key":"FearPotion"}],"is_trial":false,"path_per_floor":["M","?","T","M","M","R","M","M","T","R","E","?","R","M","R","B"],"character_chosen":"IRONCLAD","items_purchased":[],"campfire_rested":0,"item_purchase_floors":[],"current_hp_per_floor":[80,85,85,85,85,85,79,72,72,72,26,26,26,26,26,0,0],"gold":234,"neow_bonus":"THREE_ENEMY_KILL","is_daily":false,"chose_seed":false,"campfire_upgraded":4,"win_rate":0.0,"timestamp":1611734949,"path_taken":["M","?","?","?","M","R","M","M","T","R","E","?","R","M","R","BOSS"],"items_purchased_type":[],"build_version":"2020-12-22","purchased_purges":0,"victory":false,"max_hp_per_floor":[80,85,85,85,85,85,85,85,85,85,85,85,85,85,85,85,85],"card_choices":[{"not_picked":["Thunderclap","True Grit"],"picked":"Wild Strike","floor":1.0},{"not_picked":["Shrug It Off","Warcry"],"picked":"Searing Blow","floor":4.0},{"not_picked":["Heavy Blade","Rampage","Iron Wave"],"picked":"SKIP","floor":5.0},{"not_picked":["Perfected Strike","Warcry"],"picked":"Intimidate","floor":7.0},{"not_picked":["Iron Wave","Anger","Flex"],"picked":"SKIP","floor":8.0},{"not_picked":["Shockwave","Warcry"],"picked":"Offering","floor":11},{"not_picked":["Cleave","Thunderclap"],"picked":"Dropkick","floor":14}],"player_experience":114410,"relics_obtained":[{"floor":3.0,"key":"Matryoshka"},{"floor":9,"key":"Bottled Lightning"},{"floor":9,"key":"Ornamental Fan"},{"floor":11,"key":"War Paint"}],"event_choices":[{"damage_healed":0.0,"max_hp_gain":5.0,"max_hp_loss":0.0,"gold_gain":0.0,"event_name":"Big Fish","player_choice":"Donut","floor":2.0,"gold_loss":0.0,"damage_taken":0.0},{"damage_healed":0,"gold_gain":0,"cards_transformed":["Wild Strike"],"player_choice":"Transformed","damage_taken":0,"max_hp_gain":0,"max_hp_loss":0,"event_name":"Transmorgrifier","floor":12,"gold_loss":0,"cards_obtained":["Rupture"]}],"is_beta":false,"boss_relics":[],"items_purged_floors":[],"is_endless":false,"potions_floor_spawned":[4,8,11],"killed_by":"Hexaghost","ascension_level":4}}