{"host":"cxn6tbf67hppzwy1","time":1611721628,"event":{"mods":["BaseMod","Minty Spire (QoL Compilation)","MostiFishMod","Replay The Spire","Shop Mod","StSLib","Waifu the Spire","[IsaacMod]ÒÔÈö¼âËþ","¡¾ÒÅÎï¿¨ÅÆ¡¿REMEMod"],"gold_per_floor":[113,113,127,142,157,157,84,144,144,144,209,209,84,130,130,227,227,270,280,205,216,98,153,231,316,316,316,374,418,517,581,581,714,714,726,778,826,905,952,952,1043,783,783,863,942,1032,1032,621,621,651],"floor_reached":51,"language":"ZHS","playtime":2093,"items_purged":["Strike_P","Strike_P","Defend_P","Strike_P","Strike_P","Strike_P","Defend_P"],"score":1811,"play_id":"ffe5a83d-218f-437f-acf4-9256f9bc888a","local_time":"20210127122708","is_ascension_mode":true,"campfire_choices":[{"data":"Eruption","floor":6.0,"key":"SMITH"},{"data":"Wish","floor":10.0,"key":"SMITH"},{"data":"TalkToTheHand","floor":15.0,"key":"SMITH"},{"data":"MostiFishMod:StarWish","floor":27.0,"key":"SMITH"},{"data":"MostiFishMod:KamiSmash","floor":32.0,"key":"SMITH"},{"data":"MostiFishMod:WinterMarkForm","floor":40.0,"key":"SMITH"},{"data":"Omniscience","floor":47,"key":"SMITH"},{"data":"MostiFishMod:KamiSmash","floor":49,"key":"SMITH"}],"circlet_count":0,"master_deck":["Defend_P","Eruption+1","Vigilance","MostiFishMod:FrostNova","MostiFishMod:WinterMarkForm+1","Wish+1","TalkToTheHand+1","Omniscience+1","MostiFishMod:KamiSmash+1","MostiFishMod:StarWish+1","Swivel+1","MostiFishMod:KamiSmash+1"],"relics":["REME_ComplimentaryCards","DaveBox","HushsDoor","SteamSale","FrostBlade","Replay:Bronze Core","SynthV:TestCard","Centennial Puzzle","MealTicket","Snack Pack","Torii","MerchantsRug","RhineCircuit","Succubus","Orrery","SynthV:C4","Replay:Baseball","Calipers","xbg","BelialBook","GuppysHead","REME_CardOfGreed","ReplayTheSpireMod:Ninjato","Oddly Smooth Stone","DoctorsRemote","Blue Doll","Sundial","Eternal Feather"],"acts_visited":["Exordium","TheCity","TheBeyond"],"potions_floor_usage":[],"damage_taken":[{"damage":2.0,"enemies":"Jaw Worm","floor":1.0,"turns":2.0},{"damage":0.0,"enemies":"Cultist","floor":3.0,"turns":3.0},{"damage":16.0,"enemies":"Small Slimes","floor":4.0,"turns":2.0},{"damage":2.0,"enemies":"Exordium Wildlife","floor":5.0,"turns":3.0},{"damage":6.0,"enemies":"Gremlin Nob","floor":8.0,"turns":4.0},{"damage":0.0,"enemies":"Lagavulin","floor":11.0,"turns":4.0},{"damage":14.0,"enemies":"Blue Slaver","floor":14.0,"turns":3.0},{"damage":0.0,"enemies":"Slime Boss","floor":16.0,"turns":2.0},{"damage":7.0,"enemies":"3 Byrds","floor":18.0,"turns":3.0},{"damage":7.0,"enemies":"Chosen","floor":19.0,"turns":2.0},{"damage":0.0,"enemies":"Snecko","floor":21.0,"turns":2.0},{"damage":0.0,"enemies":"Slavers","floor":23.0,"turns":2.0},{"damage":0.0,"enemies":"Sentry and Sphere","floor":24.0,"turns":2.0},{"damage":7.0,"enemies":"REME_1_Revenger","floor":25.0,"turns":4.0},{"damage":0.0,"enemies":"Gremlin Leader","floor":28.0,"turns":2.0},{"damage":0.0,"enemies":"Snake Plant","floor":29.0,"turns":3.0},{"damage":0.0,"enemies":"Replay:Snechameleon","floor":31.0,"turns":3.0},{"damage":0.0,"enemies":"Pondfish","floor":33.0,"turns":4.0},{"damage":0.0,"enemies":"Orb Walker","floor":35.0,"turns":1.0},{"damage":0.0,"enemies":"2 Orb Walkers","floor":36.0,"turns":1.0},{"damage":4.0,"enemies":"3 Shapes","floor":37.0,"turns":2.0},{"damage":0.0,"enemies":"Spire Growth","floor":38.0,"turns":3.0},{"damage":0.0,"enemies":"Maw","floor":39.0,"turns":4.0},{"damage":0.0,"enemies":"R_Hoarder","floor":41.0,"turns":5.0},{"damage":0,"enemies":"Transient","floor":44,"turns":3},{"damage":28,"enemies":"4 Shapes","floor":45,"turns":2},{"damage":0,"enemies":"Nemesis","floor":46,"turns":4},{"damage":0,"enemies":"Awakened One","floor":50,"turns":3}],"seed_played":"5179991049291082580","potions_obtained":[{"floor":3.0,"key":"Reflective Coating"},{"floor":4.0,"key":"Milkshake"},{"floor":8.0,"key":"Dexterity Potion"},{"floor":18.0,"key":"Adrenaline Potion"},{"floor":24.0,"key":"SteroidPotion"},{"floor":29.0,"key":"Block Potion"},{"floor":36.0,"key":"Block Potion"},{"floor":44,"key":"Strength Potion"},{"floor":46,"key":"Regen Potion"}],"is_trial":false,"path_per_floor":["M","?","M","M","M","R","$","E","T","R","E","?","$","M","R","B",null,"M","M","?","M","$","E","M","E","T","R","E","M","?","E","R","B",null,"M","?","M","M","M","R","E","$","T","M","M","E","R","$","R","B",null],"character_chosen":"WATCHER","items_purchased":["TalkToTheHand","MerchantsRug","Succubus","Orrery","BelialBook","REME_CardOfGreed","ReplayTheSpireMod:Ninjato","Oddly Smooth Stone","Sundial","Eternal Feather","MostiFishMod:KamiSmash"],"campfire_rested":0,"item_purchase_floors":[7,13,17,22,34,42,42,42,48,48,48],"current_hp_per_floor":[63,48,48,32,30,30,30,24,24,24,30,30,45,33,33,35,48,43,40,40,42,52,52,52,47,47,47,47,47,47,49,49,52,35,35,35,31,33,35,35,35,35,35,35,11,13,13,28,34,35],"gold":651,"neow_bonus":"BOSS_RELIC","is_daily":false,"chose_seed":false,"campfire_upgraded":8,"win_rate":0.0,"timestamp":1611721628,"path_taken":["M","?","M","M","M","R","$","E","T","R","E","?","?","M","R","BOSS","M","M","?","?","$","E","M","E","T","R","E","M","?","E","R","BOSS","M","?","M","M","M","R","E","$","T","M","M","E","R","$","R","BOSS"],"items_purchased_type":["Card","Relic","Relic","Relic","Relic","Relic","Relic","Relic","Relic","Relic","Card"],"build_version":"2020-12-22","purchased_purges":7,"victory":true,"max_hp_per_floor":[72,72,72,72,72,72,72,72,72,72,72,72,72,72,72,72,52,52,52,52,52,52,52,52,52,52,52,52,52,52,52,52,52,35,35,35,35,35,35,35,35,35,35,35,35,35,35,35,35,35],"card_choices":[{"not_picked":[],"picked":"ChaosCard","floor":0.0},{"not_picked":["LikeWater","Replay:Hum","SashWhip"],"picked":"SKIP","floor":1.0},{"not_picked":["Protect","EmptyBody","LikeWater","Replay:Battleflow","FlyingSleeves"],"picked":"SKIP","floor":3.0},{"not_picked":["FollowUp","Replay:AtTheReady","Perseverance","FlurryOfBlows"],"picked":"Bomb","floor":4.0},{"not_picked":["Collect","Replay:Cycle","Replay:AtTheReady","Replay:ManipulateFuture"],"picked":"Wish","floor":5.0},{"not_picked":["BowlingBash","MostiFishMod:Speedup","Replay:AtTheReady","MostiFishMod:PathToVictory","PathToVictory"],"picked":"SKIP","floor":8.0},{"not_picked":["Replay:Hum","MostiFishMod:CyberBuddha","Replay:Battleflow","Swivel","WreathOfFlame"],"picked":"SKIP","floor":11.0},{"not_picked":["FlyingSleeves","REME_Repentance","EmptyFist","ThirdEye","Bomb"],"picked":"SKIP","floor":14.0},{"not_picked":["REME_EmptyShield","DevaForm","MostiFishMod:StarLaLaLa","MostiFishMod:Dust"],"picked":"Omniscience","floor":16.0},{"not_picked":["EmptyFist+1","BattleHymn","Prostrate","Crescendo","Collect"],"picked":"SKIP","floor":18.0},{"not_picked":["FlyingSleeves","Crescendo+1","CutThroughFate","Prostrate","FearNoEvil"],"picked":"SKIP","floor":19.0},{"not_picked":["InnerPeace","Crescendo","PathToVictory+1","Indignation","Perseverance"],"picked":"SKIP","floor":21.0},{"not_picked":["Prostrate","Protect","Replay:AtTheReady","Brilliance"],"picked":"MostiFishMod:KamiSmash","floor":22.0},{"not_picked":["PathToVictory","Replay:BluntJabs+1","Adaptation","MostiFishMod:Clarity"],"picked":"MostiFishMod:StarWish","floor":23.0},{"not_picked":["Evaluate","Tantrum","SashWhip","CutThroughFate","Pray"],"picked":"SKIP","floor":24.0},{"not_picked":["Evaluate","Tantrum","SashWhip","CutThroughFate","Pray"],"picked":"SKIP","floor":24.0},{"not_picked":["Ragnarok","WreathOfFlame","CarveReality","WindmillStrike+1","FollowUp"],"picked":"SKIP","floor":25.0},{"not_picked":["SashWhip","BowlingBash","REME_Repentance","SignatureMove","Indignation"],"picked":"SKIP","floor":28.0},{"not_picked":["CutThroughFate","Consecrate","Replay:BluntJabs","JustLucky","Meditate"],"picked":"SKIP","floor":29.0},{"not_picked":["Alpha","Weave+1","Replay:Hum","Prostrate","REME_Repentance"],"picked":"SKIP","floor":31.0},{"not_picked":["LikeWater+1","SashWhip","Swivel+1","FlurryOfBlows","CutThroughFate"],"picked":"SKIP","floor":35.0},{"not_picked":["LikeWater+1","SashWhip","FlurryOfBlows","CutThroughFate"],"picked":"Swivel+1","floor":35.0},{"not_picked":["CrushJoints+1","Replay:ManipulateFuture+1","WaveOfTheHand","CutThroughFate","Replay:Battleflow"],"picked":"SKIP","floor":37.0},{"not_picked":["FollowUp+1","Wireheading+1","REME_CRH","PathToVictory+1","Replay:BluntJabs+1"],"picked":"SKIP","floor":38.0},{"not_picked":["Replay:BluntJabs+1","Vengeance+1","Crescendo+1","FollowUp+1","Evaluate+1"],"picked":"SKIP","floor":39.0},{"not_picked":["SashWhip","ClearTheMind+1","Prostrate+1","Pray","Replay:DivineShield"],"picked":"SKIP","floor":41.0},{"not_picked":["FlurryOfBlows+1","Swivel","Halt+1","Brilliance","PathToVictory+1"],"picked":"SKIP","floor":44},{"not_picked":["BowlingBash","MostiFishMod:FlowState","Perseverance","Pray+1","Replay:Anticipation+1"],"picked":"SKIP","floor":45},{"not_picked":["CrushJoints+1","Replay:BluntJabs+1","FlurryOfBlows","FlyingSleeves+1","Replay:ManipulateFuture+1"],"picked":"SKIP","floor":46}],"player_experience":46806,"relics_obtained":[{"floor":1.0,"key":"SynthV:TestCard"},{"floor":8.0,"key":"MealTicket"},{"floor":9.0,"key":"Snack Pack"},{"floor":11.0,"key":"Torii"},{"floor":23.0,"key":"SynthV:C4"},{"floor":25.0,"key":"ReplayTheSpireMod:TigerMarble"},{"floor":28.0,"key":"Replay:Baseball"},{"floor":31.0,"key":"Calipers"},{"floor":36.0,"key":"GuppysHead"},{"floor":41.0,"key":"Dream Catcher"},{"floor":43,"key":"DoctorsRemote"},{"floor":46,"key":"Blue Doll"}],"event_choices":[{"damage_healed":0.0,"max_hp_gain":0.0,"max_hp_loss":0.0,"gold_gain":99.0,"event_name":"Nest","player_choice":"Stole From Cult","floor":30.0,"gold_loss":0.0,"damage_taken":0.0},{"damage_healed":0.0,"max_hp_gain":0.0,"max_hp_loss":0.0,"gold_gain":0.0,"event_name":"Mysterious Sphere","player_choice":"Fight","floor":36.0,"gold_loss":0.0,"damage_taken":0.0}],"is_beta":false,"boss_relics":[{"not_picked":["Replay:Drink Me","Ring of Chaos"],"picked":"RhineCircuit"},{"not_picked":[]},{"not_picked":["Replay:Ancient Bell","Tiny House"],"picked":"xbg"},{"not_picked":[]}],"items_purged_floors":[7,13,17,22,34,42,48],"is_endless":false,"potions_floor_spawned":[3,4,8,18,24,29,31,33,35,36,44,46],"ascension_level":6}}