{"host":"jmdwsiegw2vwqzt1","time":1611709888,"event":{"mods":["2.2 Compatiblity","AchievementEnabler","BaseMod","Better Third Choice","Better Vampires","Colored Powertips","Custom Start","Dio Mod","Downfall","Hermit","Highlight Path","Jorbs\u0027s Wanderer Trilogy","Marisa????????","Minty Spire (QoL Compilation)","Permanent Neow","Quick Restart","Rare Cards Sparkle","Relic Stats","Spicy Shops","StSLib","SuperFastMode","The Bug Knight","The Cursed","The Disciple","The Hierophant","The Necromancer","The Servant 0.9.4","slay the spire mod where everything is the same but ironclad has a cowboy hat"],"gold_per_floor":[115,132,132,148,167,167,187,187,187,200,217,233,233,244,244,344,344,364,390,390,402,412,412,429,445,445,445,188,188,205,217,217,313,313,324,71,71,121,21,21,37,37,112,112,128,128,143,156,156,156,156],"floor_reached":50,"language":"ENG","playtime":1998,"items_purged":["Writhe","Wraith"],"score":442,"play_id":"a4139616-3d3f-4377-b435-44bb04b625dc","local_time":"20210126201128","is_ascension_mode":false,"campfire_choices":[{"data":"Dark Embrace","floor":6,"key":"SMITH"},{"data":"Whirlwind","floor":13,"key":"SMITH"},{"floor":15,"key":"REST"},{"data":"RitualDagger","floor":23,"key":"SMITH"},{"data":"Corruption","floor":29,"key":"SMITH"},{"data":"Limit Break","floor":32,"key":"SMITH"},{"data":"Limit Break","floor":40,"key":"SMITH"},{"data":"Flex","floor":42,"key":"SMITH"},{"data":"Flex","floor":46,"key":"SMITH"},{"data":"Inflame","floor":49,"key":"SMITH"}],"circlet_count":0,"master_deck":["Strike_R","Strike_R","Strike_R","Strike_R","Strike_R+1","Defend_R+1","Defend_R","Defend_R","Defend_R","Bash","Sword Boomerang","Dark Embrace+1","Twin Strike","Whirlwind+1","Anger","Flex+1","Fiend Fire","Limit Break+1","Iron Wave","Headbutt+1","RitualDagger+1","Warcry+1","Corruption+1","Flex+1","Trip","Inflame+1","Iron Wave+1","Limit Break+1","Rampage+1","Sword Boomerang+1","Warcry+1","Sentinel+1"],"relics":["Burning Blood","Oddly Smooth Stone","Self Forming Clay","Coffee Dripper","Red Mask","Sundial","Runic Cube","Meat on the Bone","Torii","Paper Frog"],"acts_visited":["Exordium","TheCity","TheBeyond"],"potions_floor_usage":[16,19,24,25,30,33,33,48,48],"damage_taken":[{"damage":11,"enemies":"Small Slimes","floor":1,"turns":4},{"damage":3,"enemies":"Cultist","floor":2,"turns":4},{"damage":0,"enemies":"2 Louse","floor":4,"turns":3},{"damage":4,"enemies":"Looter","floor":5,"turns":4},{"damage":19,"enemies":"Blue Slaver","floor":7,"turns":4},{"damage":18,"enemies":"Exordium Wildlife","floor":10,"turns":5},{"damage":6,"enemies":"2 Fungi Beasts","floor":11,"turns":2},{"damage":11,"enemies":"Exordium Thugs","floor":12,"turns":4},{"damage":10,"enemies":"Looter","floor":14,"turns":2},{"damage":48,"enemies":"The Guardian","floor":16,"turns":9},{"damage":10,"enemies":"Spheric Guardian","floor":18,"turns":3},{"damage":23,"enemies":"Masked Bandits","floor":19,"turns":4},{"damage":6,"enemies":"Chosen","floor":21,"turns":4},{"damage":23,"enemies":"Snake Plant","floor":22,"turns":5},{"damage":15,"enemies":"Centurion and Healer","floor":24,"turns":3},{"damage":18,"enemies":"Shelled Parasite and Fungi","floor":25,"turns":4},{"damage":15,"enemies":"Snake Plant","floor":30,"turns":4},{"damage":18,"enemies":"3 Cultists","floor":31,"turns":3},{"damage":6,"enemies":"Champ","floor":33,"turns":6},{"damage":5,"enemies":"Orb Walker","floor":35,"turns":2},{"damage":24,"enemies":"Mind Bloom Boss Battle","floor":38,"turns":8},{"damage":23,"enemies":"3 Shapes","floor":41,"turns":7},{"damage":20,"enemies":"Sphere and 2 Shapes","floor":45,"turns":4},{"damage":52,"enemies":"Spire Growth","floor":47,"turns":4},{"damage":0,"enemies":"Transient","floor":48,"turns":5},{"damage":44,"enemies":"Awakened One","floor":50,"turns":6}],"seed_played":"-6246823787239342351","potions_obtained":[{"floor":7,"key":"Swift Potion"},{"floor":10,"key":"CultistPotion"},{"floor":11,"key":"ColorlessPotion"},{"floor":18,"key":"Explosive Potion"},{"floor":25,"key":"BloodPotion"},{"floor":30,"key":"champ:CounterPotion"},{"floor":31,"key":"PowerPotion"},{"floor":35,"key":"SpeedPotion"},{"floor":45,"key":"GamblersBrew"},{"floor":47,"key":"SneckoOil"}],"is_trial":false,"path_per_floor":["M","M","?","M","M","R","M","?","T","M","M","M","R","M","R","B",null,"M","?","?","M","M","R","M","M","T","?","$","R","M","M","R","B",null,"M","$","?","?","$","R","M","R","T","?","M","R","M","M","R","B"],"character_chosen":"IRONCLAD","items_purchased":["Trip","Meat on the Bone"],"campfire_rested":1,"item_purchase_floors":[28,36],"current_hp_per_floor":[75,78,62,68,70,70,57,57,57,45,45,40,40,36,60,18,80,76,59,53,53,36,36,27,31,31,31,31,31,22,10,10,10,80,80,80,80,62,62,62,57,57,57,57,55,55,21,39,39,0,0],"gold":156,"neow_bonus":"RANDOM_COMMON_RELIC","is_daily":false,"chose_seed":false,"campfire_upgraded":9,"win_rate":0.0,"timestamp":1611709888,"path_taken":["M","M","?","M","M","R","M","?","T","M","M","M","R","?","R","BOSS","M","?","?","M","M","R","M","M","T","?","$","R","M","M","R","BOSS","M","$","?","?","$","R","M","R","T","?","M","R","?","M","R","BOSS"],"items_purchased_type":["Card","Relic"],"build_version":"2020-12-22","purchased_purges":2,"victory":false,"max_hp_per_floor":[80,80,80,80,80,80,80,80,80,80,80,80,80,80,80,80,80,80,80,80,80,80,80,80,80,80,80,80,80,80,80,80,80,80,80,80,80,80,80,80,80,80,80,80,80,80,80,80,80,80,80],"relic_stats":{"Torii":8,"counters":[26,113],"Self Forming Clay":[183],"Sundial":[4],"obtain_stats":[{"Torii":38,"Self Forming Clay":9,"Sundial":27,"Oddly Smooth Stone":0,"Coffee Dripper":17,"Red Mask":19,"Burning Blood":0,"Runic Cube":34,"Meat on the Bone":36,"Paper Frog":43},{"Torii":21,"Self Forming Clay":5,"Sundial":16,"Oddly Smooth Stone":0,"Coffee Dripper":10,"Red Mask":12,"Burning Blood":0,"Runic Cube":19,"Meat on the Bone":20,"Paper Frog":22},{"Torii":87,"Self Forming Clay":19,"Sundial":64,"Oddly Smooth Stone":0,"Coffee Dripper":41,"Red Mask":48,"Burning Blood":0,"Runic Cube":77,"Meat on the Bone":79,"Paper Frog":94}],"Burning Blood":149,"Runic Cube":[21],"Meat on the Bone":48},"card_choices":[{"not_picked":["Wild Strike","Second Wind"],"picked":"Sword Boomerang","floor":1},{"not_picked":["Perfected Strike","Body Slam","Power Through"],"picked":"SKIP","floor":2},{"not_picked":["Armaments","Sword Boomerang"],"picked":"Dark Embrace","floor":4},{"not_picked":["Clothesline","Dual Wield"],"picked":"Twin Strike","floor":5},{"not_picked":["Reckless Charge","Searing Blow"],"picked":"Whirlwind","floor":7},{"not_picked":["Sever Soul","Carnage","Anger"],"picked":"SKIP","floor":10},{"not_picked":["Heavy Blade","Clash"],"picked":"Anger","floor":11},{"not_picked":["Headbutt","Pommel Strike"],"picked":"Flex","floor":12},{"not_picked":["Evolve","Ghostly Armor"],"picked":"Fiend Fire","floor":14},{"not_picked":["Impervious","Feed"],"picked":"Limit Break","floor":16},{"not_picked":["Pommel Strike","Twin Strike+1"],"picked":"Iron Wave","floor":18},{"not_picked":["Rampage","True Grit"],"picked":"Headbutt+1","floor":19},{"not_picked":["Havoc","Pommel Strike"],"picked":"Warcry+1","floor":21},{"not_picked":["Perfected Strike+1","Body Slam"],"picked":"Clash","floor":22},{"not_picked":["Heavy Blade+1","Disarm"],"picked":"Corruption","floor":24},{"not_picked":["Bloodletting","Combust"],"picked":"Flex","floor":25},{"not_picked":["Cleave","Burning Pact"],"picked":"Inflame","floor":30},{"not_picked":["Seeing Red+1","Whirlwind"],"picked":"Iron Wave+1","floor":31},{"not_picked":["Offering","Impervious"],"picked":"Limit Break","floor":33},{"not_picked":["Anger+1","Fire Breathing+1","Warcry"],"picked":"SKIP","floor":35},{"not_picked":["Pommel Strike","Twin Strike+1"],"picked":"Rampage+1","floor":38},{"not_picked":["Sever Soul","Perfected Strike+1"],"picked":"Sword Boomerang+1","floor":41},{"not_picked":["Pommel Strike","Twin Strike","Clash"],"picked":"SKIP","floor":45},{"not_picked":["Sword Boomerang","Armaments"],"picked":"Warcry+1","floor":47},{"not_picked":["Searing Blow","Ghostly Armor+1"],"picked":"Sentinel+1","floor":48}],"player_experience":337004,"relics_obtained":[{"floor":9,"key":"Self Forming Clay"},{"floor":19,"key":"Red Mask"},{"floor":38,"key":"Torii"},{"floor":43,"key":"Paper Frog"}],"event_choices":[{"damage_healed":78,"gold_gain":0,"player_choice":"Upgrade","damage_taken":16,"max_hp_gain":0,"max_hp_loss":80,"event_name":"betterThird:BetterShining","floor":3,"gold_loss":0,"cards_upgraded":["Defend_R","Strike_R"]},{"damage_healed":0,"gold_gain":0,"player_choice":"Ignored","damage_taken":0,"max_hp_gain":0,"max_hp_loss":0,"event_name":"NoteForYourself","floor":8,"gold_loss":0},{"damage_healed":0,"gold_gain":0,"player_choice":"Fought Bandits","damage_taken":0,"max_hp_gain":0,"max_hp_loss":0,"event_name":"Masked Bandits","floor":19,"gold_loss":0},{"damage_healed":0,"gold_gain":0,"player_choice":"Dagger","damage_taken":6,"max_hp_gain":0,"max_hp_loss":0,"event_name":"betterThird:BetterNest","floor":20,"gold_loss":0,"cards_obtained":["RitualDagger"]},{"damage_healed":0,"gold_gain":0,"player_choice":"Opened","damage_taken":0,"relics_obtained":["Sundial"],"max_hp_gain":0,"max_hp_loss":0,"event_name":"The Mausoleum","floor":27,"gold_loss":0,"cards_obtained":["Writhe"]},{"damage_healed":0,"gold_gain":0,"player_choice":"Ignored","damage_taken":0,"max_hp_gain":0,"max_hp_loss":0,"event_name":"OrinTheCat","floor":37,"gold_loss":0},{"damage_healed":0,"gold_gain":0,"player_choice":"Fight","damage_taken":0,"max_hp_gain":0,"max_hp_loss":0,"event_name":"MindBloom","floor":38,"gold_loss":0},{"cards_removed":["Clash"],"damage_healed":0,"gold_gain":0,"player_choice":"Removed Attack","damage_taken":0,"max_hp_gain":0,"max_hp_loss":0,"event_name":"Falling","floor":44,"gold_loss":0}],"is_beta":false,"boss_relics":[{"not_picked":["Pandora\u0027s Box","Runic Pyramid"],"picked":"Coffee Dripper"},{"not_picked":["Tiny House","Runic Dome"],"picked":"Runic Cube"}],"items_purged_floors":[28,39],"is_endless":false,"potions_floor_spawned":[7,10,11,12,18,25,30,31,35,45,47],"killed_by":"Awakened One","ascension_level":0}}