{"host":"28p8ce41sjwa6lzf","time":1611781291,"event":{"mods":["BaseMod","Bestiary","Colored Map","Colored Powertips","Dark Map","Highlight Path","Minty Spire (QoL Compilation)","Permanent Neow","Quick Restart","Random Character Button","Rare Cards Sparkle","Relic Stats","StSLib","Unceasing Turn Reminder"],"gold_per_floor":[360,33,33,183,27,59,69,94,94,13,25,53,69,81,81,159,159,174,89,89,109,34,61,61,95,122,122,140,140,160,180,180,180,180],"floor_reached":33,"language":"ENG","playtime":1929,"items_purged":["Doubt"],"score":610,"play_id":"774c6639-124a-46ee-94ae-7a31bd156b90","local_time":"20210127150131","is_ascension_mode":true,"campfire_choices":[{"data":"Fission","floor":15.0,"key":"SMITH"},{"floor":24.0,"key":"REST"},{"data":"Defragment","floor":27.0,"key":"SMITH"},{"floor":29,"key":"REST"},{"data":"Capacitor","floor":32,"key":"SMITH"}],"circlet_count":0,"master_deck":["AscendersBane","Strike_B","Defend_B","Defend_B","Defend_B","Defend_B","Zap","Dualcast","Streamline","Fission+1","Cold Snap","Turbo","Streamline","Compile Driver","Self Repair","Genetic Algorithm","Auto Shields","Coolheaded","Reinforced Body","Hologram","Coolheaded","Conserve Battery","Meteor Strike","Defragment+1","Genetic Algorithm","Undo","Coolheaded+1","Capacitor+1","Rainbow"],"relics":["Cracked Core","DataDisk","Orrery","Ornamental Fan","Unceasing Top","Mercury Hourglass","Philosopher\u0027s Stone","Singing Bowl","Dead Branch","Potion Belt"],"acts_visited":["Exordium","TheCity"],"potions_floor_usage":[],"damage_taken":[{"damage":1.0,"enemies":"2 Louse","floor":1.0,"turns":2.0},{"damage":32.0,"enemies":"Gremlin Nob","floor":6.0,"turns":4.0},{"damage":0.0,"enemies":"Small Slimes","floor":7.0,"turns":2.0},{"damage":32.0,"enemies":"Lagavulin","floor":8.0,"turns":6.0},{"damage":5.0,"enemies":"Jaw Worm","floor":11.0,"turns":2.0},{"damage":2.0,"enemies":"3 Sentries","floor":12.0,"turns":6.0},{"damage":1.0,"enemies":"Exordium Wildlife","floor":13.0,"turns":5.0},{"damage":6.0,"enemies":"2 Fungi Beasts","floor":14.0,"turns":3.0},{"damage":1.0,"enemies":"The Guardian","floor":16.0,"turns":14.0},{"damage":0.0,"enemies":"Spheric Guardian","floor":18.0,"turns":3.0},{"damage":14.0,"enemies":"2 Thieves","floor":21.0,"turns":5.0},{"damage":37.0,"enemies":"Book of Stabbing","floor":23.0,"turns":7.0},{"damage":8.0,"enemies":"Slavers","floor":25.0,"turns":8.0},{"damage":27,"enemies":"Chosen and Byrds","floor":28,"turns":6},{"damage":0,"enemies":"Snake Plant","floor":30,"turns":3},{"damage":2,"enemies":"Shelled Parasite and Fungi","floor":31,"turns":13},{"damage":62,"enemies":"Collector","floor":33,"turns":7}],"seed_played":"-4129992280398278912","potions_obtained":[{"floor":11.0,"key":"LiquidBronze"},{"floor":12.0,"key":"Explosive Potion"},{"floor":13.0,"key":"Dexterity Potion"},{"floor":25.0,"key":"SpeedPotion"},{"floor":28,"key":"FearPotion"},{"floor":31,"key":"GamblersBrew"}],"is_trial":false,"path_per_floor":["M","$","?","?","$","E","M","E","T","$","M","E","M","M","R","B",null,"M","?","?","M","?","E","R","E","T","R","M","R","M","M","R","B"],"character_chosen":"DEFECT","items_purchased":["DataDisk","Orrery","Self Repair","DistilledChaos"],"campfire_rested":2,"item_purchase_floors":[2,2,5,10],"current_hp_per_floor":[63,63,68,68,68,43,43,18,18,18,20,25,31,32,32,38,61,68,68,68,61,61,26,47,41,41,41,28,49,51,56,56,0,0],"gold":180,"neow_bonus":"TWO_FIFTY_GOLD","is_daily":false,"chose_seed":false,"campfire_upgraded":3,"win_rate":0.0,"timestamp":1611781291,"path_taken":["M","$","?","?","$","E","M","E","T","?","?","E","M","M","R","BOSS","M","?","?","M","?","E","R","E","T","R","M","R","M","M","R","BOSS"],"items_purchased_type":["Relic","Relic","Card","Potion"],"build_version":"2020-12-22","purchased_purges":1,"victory":false,"max_hp_per_floor":[64,64,69,69,69,69,69,69,69,69,69,69,69,69,69,69,69,69,69,69,69,69,71,71,73,73,73,73,73,75,75,75,75,75],"relic_stats":{"Singing Bowl":6,"counters":[17,94],"Ornamental Fan":[36],"Dead Branch":[35],"obtain_stats":[{"Potion Belt":25,"DataDisk":2,"Singing Bowl":19,"Ornamental Fan":6,"Dead Branch":23,"Orrery":2,"Philosopher\u0027s Stone":17,"Cracked Core":0,"Unceasing Top":8,"Mercury Hourglass":9},{"Potion Belt":13,"DataDisk":1,"Singing Bowl":10,"Ornamental Fan":2,"Dead Branch":12,"Orrery":1,"Philosopher\u0027s Stone":9,"Cracked Core":0,"Unceasing Top":4,"Mercury Hourglass":4},{"Potion Belt":65,"DataDisk":2,"Singing Bowl":45,"Ornamental Fan":6,"Dead Branch":57,"Orrery":2,"Philosopher\u0027s Stone":42,"Cracked Core":0,"Unceasing Top":14,"Mercury Hourglass":14}],"Unceasing Top":[0],"Mercury Hourglass":[292]},"card_choices":[{"not_picked":["Conserve Battery","Chaos"],"picked":"Streamline","floor":1.0},{"not_picked":["Leap","Darkness"],"picked":"Fission","floor":2.0},{"not_picked":["Go for the Eyes","Recycle"],"picked":"Cold Snap","floor":2.0},{"not_picked":["Sunder","Reprogram"],"picked":"Turbo","floor":2.0},{"not_picked":["Turbo","Barrage"],"picked":"Streamline","floor":2.0},{"not_picked":["Stack","Steam Power"],"picked":"Compile Driver","floor":2.0},{"not_picked":["Coolheaded","Redo"],"picked":"Genetic Algorithm","floor":6.0},{"not_picked":["Lockon","Genetic Algorithm"],"picked":"Auto Shields","floor":7.0},{"not_picked":["Storm","Fusion"],"picked":"Coolheaded","floor":8.0},{"not_picked":["Go for the Eyes","Beam Cell"],"picked":"Reinforced Body","floor":11.0},{"not_picked":["Recycle","Chaos"],"picked":"Hologram","floor":12.0},{"not_picked":["Tempest","Barrage"],"picked":"Coolheaded","floor":13.0},{"not_picked":["Sweeping Beam","Auto Shields"],"picked":"Conserve Battery","floor":14.0},{"not_picked":["Thunder Strike","Fission"],"picked":"Meteor Strike","floor":16.0},{"not_picked":["Recycle","Sweeping Beam"],"picked":"Defragment","floor":18.0},{"not_picked":["Go for the Eyes","Stack"],"picked":"Coolheaded+1","floor":21.0},{"not_picked":["Steam","Steam Power","Static Discharge"],"picked":"Singing Bowl","floor":23.0},{"not_picked":["Coolheaded","Steam Power","Cold Snap"],"picked":"Singing Bowl","floor":25.0},{"not_picked":["Conserve Battery","Go for the Eyes"],"picked":"Capacitor","floor":28},{"not_picked":["Cold Snap","FTL","Rebound"],"picked":"Singing Bowl","floor":30},{"not_picked":["Consume","Auto Shields"],"picked":"Rainbow","floor":31}],"player_experience":1188263,"relics_obtained":[{"floor":6.0,"key":"Ornamental Fan"},{"floor":8.0,"key":"Unceasing Top"},{"floor":9.0,"key":"Mercury Hourglass"},{"floor":23.0,"key":"Dead Branch"},{"floor":25.0,"key":"Potion Belt"}],"event_choices":[{"damage_healed":0.0,"max_hp_gain":5.0,"max_hp_loss":0.0,"gold_gain":0.0,"event_name":"Big Fish","player_choice":"Donut","floor":3.0,"gold_loss":0.0,"damage_taken":0.0},{"damage_healed":0.0,"max_hp_gain":0.0,"max_hp_loss":0.0,"gold_gain":150.0,"event_name":"Liars Game","player_choice":"AGREE","floor":4.0,"gold_loss":0.0,"damage_taken":0.0,"cards_obtained":["Doubt"]},{"damage_healed":0.0,"max_hp_gain":0.0,"max_hp_loss":0.0,"gold_gain":0.0,"event_name":"Addict","player_choice":"Obtained Relic","floor":19.0,"gold_loss":85.0,"damage_taken":0.0,"relics_obtained":["Singing Bowl"]},{"damage_healed":0.0,"max_hp_gain":0.0,"max_hp_loss":0.0,"gold_gain":0.0,"cards_transformed":["Strike_B","Strike_B"],"event_name":"Drug Dealer","player_choice":"Became Test Subject","floor":20.0,"gold_loss":0.0,"damage_taken":0.0,"cards_obtained":["Genetic Algorithm","Undo"]},{"cards_removed":["Strike_B"],"damage_healed":0.0,"max_hp_gain":0.0,"max_hp_loss":0.0,"gold_gain":0.0,"event_name":"Beggar","player_choice":"Gave Gold","floor":22.0,"gold_loss":75.0,"damage_taken":0.0}],"is_beta":false,"boss_relics":[{"not_picked":["Ectoplasm","Empty Cage"],"picked":"Philosopher\u0027s Stone"}],"items_purged_floors":[5],"is_endless":false,"potions_floor_spawned":[11,12,13,25,28,31],"killed_by":"Collector","ascension_level":20}}