{"host":"o53tqjtgf9f1tbo6","time":1611767923,"event":{"mods":["BaseMod","Bestiary","Downfall","Marisa????????","Minty Spire (QoL Compilation)","StSLib","The Cursed"],"gold_per_floor":[99,109,124,144,158,158,158,68,79,79,79,79,79,108,126,225,225,225,244,255,163,163,163,163,163],"floor_reached":23,"language":"ENG","playtime":1982,"items_purged":["Slimebound:Defend_Slimebound"],"score":191,"play_id":"44d0f07f-d119-4cdd-8a83-b9f232b194b4","local_time":"20210127191843","is_ascension_mode":false,"campfire_choices":[{"floor":1.0,"key":"RECALL"},{"data":"Slimebound:DisruptingSlam","floor":6,"key":"SMITH"},{"data":"Slimebound:LevelUp","floor":11,"key":"SMITH"},{"floor":13,"key":"REST"},{"data":"Slimebound:MassRepurpose","floor":18,"key":"SMITH"}],"circlet_count":0,"master_deck":["Slimebound:Strike_Slimebound","Slimebound:Strike_Slimebound","Slimebound:Strike_Slimebound","Slimebound:Tackle","Slimebound:Defend_Slimebound","Slimebound:Defend_Slimebound","Slimebound:Defend_Slimebound","Slimebound:Split","Slimebound:CorrosiveSpit","Slimebound:SplitAcid","Slimebound:SplitMire","Slimebound:DisruptingSlam+1","Slimebound:FinishingTackle","Slimebound:LevelUp+1","Slimebound:GoopSpray","Slimebound:PressTheAttack","Slimebound:MassRepurpose+1","Slimebound:SplitBruiser","Slimebound:RollThrough","Slimebound:PrepareCrush","Slimebound:LeadByExample"],"relics":["Slimebound:AbsorbEndCombat","downfall:BrokenWingStatue","Pantograph","Darkstone Periapt","Black Star"],"acts_visited":["Exordium","TheCity"],"potions_floor_usage":[21,21,23],"damage_taken":[{"damage":1.0,"enemies":"Cultist","floor":2.0,"turns":3.0},{"damage":5.0,"enemies":"2 Louse","floor":3.0,"turns":3.0},{"damage":7.0,"enemies":"Small Slimes","floor":4.0,"turns":3.0},{"damage":16,"enemies":"2 Fungi Beasts","floor":5,"turns":3},{"damage":11,"enemies":"downfall:FleeingMerchant","floor":8,"turns":4},{"damage":9,"enemies":"3 Louse","floor":9,"turns":2},{"damage":19,"enemies":"3 Sentries","floor":14,"turns":4},{"damage":7,"enemies":"2 Fungi Beasts","floor":15,"turns":3},{"damage":63,"enemies":"DF_ARCHETYPE_STREAMLINE","floor":16,"turns":9},{"damage":7,"enemies":"Shell Parasite","floor":19,"turns":4},{"damage":28,"enemies":"3 Byrds","floor":20,"turns":5},{"damage":15,"enemies":"downfall:FleeingMerchant","floor":21,"turns":4},{"damage":42,"enemies":"Book of Stabbing","floor":23,"turns":4}],"seed_played":"-2286359524968352163","potions_obtained":[{"floor":2.0,"key":"Slimebound:SlimedPotion"},{"floor":4,"key":"SteroidPotion"},{"floor":14,"key":"Swift Potion"}],"is_trial":false,"path_per_floor":["R","M","M","M","M","R","T","$","M","?","R","?","R","E","M","B",null,"R","M","M","$","?","E"],"character_chosen":"SLIMEBOUND","items_purchased":["Slimebound:LeadByExample"],"campfire_rested":1,"item_purchase_floors":[21],"current_hp_per_floor":[71,70,65,62,50,50,50,45,36,36,36,29,50,35,32,2,71,71,66,42,33,33,0,0,0],"gold":163,"neow_bonus":"TEN_PERCENT_HP_BONUS","is_daily":false,"chose_seed":false,"campfire_upgraded":3,"win_rate":0.0,"timestamp":1611767923,"path_taken":["R","M","M","M","?","R","T","$","M","?","R","?","R","E","M","BOSS","R","M","M","$","?","E"],"items_purchased_type":["Card"],"build_version":"2020-12-22","purchased_purges":1,"victory":false,"max_hp_per_floor":[71,71,71,71,71,71,71,71,71,71,71,71,71,71,71,71,71,71,71,71,71,71,71,71,71],"card_choices":[{"not_picked":["Slimebound:SlimeTap","Slimebound:SamplingLick"],"picked":"Slimebound:SplitAcid","floor":2.0},{"not_picked":["Slimebound:Grow","Slimebound:Gluttony"],"picked":"Slimebound:SplitMire","floor":3.0},{"not_picked":["Slimebound:Schlurp","Slimebound:SamplingLick"],"picked":"Slimebound:DisruptingSlam","floor":4},{"not_picked":["Slimebound:SplitAcid","Slimebound:RollThrough"],"picked":"Slimebound:FinishingTackle","floor":5},{"not_picked":["Slimebound:SlimeSpikes","Slimebound:Prepare"],"picked":"Slimebound:LevelUp","floor":8},{"not_picked":["Slimebound:DisruptingSlam","Slimebound:LeechingTouch"],"picked":"Slimebound:GoopSpray","floor":9},{"not_picked":["Slimebound:FormOfPuddle","Slimebound:LeechingTouch","Slimebound:RollThrough"],"picked":"SKIP","floor":14},{"not_picked":["Slimebound:SamplingLick","Slimebound:LeechingTouch"],"picked":"Slimebound:PressTheAttack","floor":15},{"not_picked":["Slimebound:MinionMaster","Slimebound:SelfFormingGoo"],"picked":"Slimebound:MassRepurpose","floor":16},{"not_picked":["Slimebound:MegaLick","Slimebound:GoopTackle"],"picked":"Slimebound:SplitBruiser","floor":19},{"not_picked":["Slimebound:SplitLeeching","Slimebound:SplitMire"],"picked":"Slimebound:RollThrough","floor":20},{"not_picked":["Slimebound:SplitAcid","Slimebound:Teamwork"],"picked":"Slimebound:PrepareCrush","floor":21}],"player_experience":87055,"relics_obtained":[{"floor":14,"key":"Darkstone Periapt"}],"event_choices":[{"damage_healed":0,"gold_gain":0,"player_choice":"Success","damage_taken":7,"relics_obtained":["Pantograph"],"max_hp_gain":0,"max_hp_loss":0,"event_name":"Scrap Ooze","floor":12,"gold_loss":0}],"is_beta":false,"boss_relics":[{"not_picked":["Sozu","Busted Crown"],"picked":"Black Star"}],"items_purged_floors":[8],"is_endless":false,"potions_floor_spawned":[2,4,14,19],"killed_by":"Book of Stabbing","ascension_level":0}}