{"host":"6xsbn6ynqlzwllfm","time":1611772914,"event":{"mods":["2.2 Compatiblity","BaseMod","Bestiary","Colored Map","Colored Powertips","Curses Come First","Highlight Path","Keyboard Shortcuts","Minty Spire (QoL Compilation)","Relic Stats","Slay the Relics Exporter","StSLib","SuperFastMode"],"gold_per_floor":[111,128,53,128,138,167,167,167,167,167,167,64,144,182,182,273,273,294,62,62,62,75,75,110,110,110,71,92,0,0,0,0,0,0],"floor_reached":33,"language":"ENG","playtime":1441,"items_purged":["Strike_R","Strike_R"],"score":534,"play_id":"5306661d-1937-4c91-b57c-c177ed6b95f1","local_time":"20210127134154","is_ascension_mode":true,"campfire_choices":[{"data":"Double Tap","floor":8,"key":"SMITH"},{"floor":15,"key":"DIG"},{"floor":23,"key":"DIG"},{"floor":25,"key":"DIG"},{"floor":30,"key":"REST"},{"floor":32,"key":"DIG"}],"circlet_count":0,"master_deck":["AscendersBane","Strike_R","Strike_R","Defend_R","Defend_R","Defend_R","Defend_R","Bash","CurseOfTheBell","Feel No Pain","Double Tap+1","Inflame","Cleave","Shrug It Off","Reaper","Feed","Headbutt","Metallicize","Ghostly","Ghostly","Ghostly","Battle Trance","Flame Barrier+1","Dropkick","Burning Pact"],"relics":["Calling Bell","Mummified Hand","Potion Belt","FossilizedHelix","Sundial","Golden Idol","Pear","Paper Frog","Shovel","Centennial Puzzle","Fusion Hammer","Shuriken","Frozen Egg 2","Charon\u0027s Ashes","Dream Catcher","Blood Vial"],"acts_visited":["Exordium","TheCity"],"potions_floor_usage":[16,22,24,28,28,33],"damage_taken":[{"damage":0,"enemies":"Cultist","floor":1,"turns":4},{"damage":0,"enemies":"Jaw Worm","floor":2,"turns":2},{"damage":9,"enemies":"Small Slimes","floor":5,"turns":6},{"damage":25,"enemies":"Lagavulin","floor":6,"turns":7},{"damage":9,"enemies":"3 Sentries","floor":14,"turns":12},{"damage":47,"enemies":"The Guardian","floor":16,"turns":12},{"damage":19,"enemies":"2 Thieves","floor":18,"turns":4},{"damage":7,"enemies":"Chosen","floor":22,"turns":6},{"damage":34,"enemies":"Book of Stabbing","floor":24,"turns":6},{"damage":8,"enemies":"Snake Plant","floor":28,"turns":5},{"damage":47,"enemies":"Automaton","floor":33,"turns":10}],"seed_played":"5003067600557391193","potions_obtained":[{"floor":1,"key":"FearPotion"},{"floor":14,"key":"BlessingOfTheForge"},{"floor":21,"key":"SpeedPotion"},{"floor":21,"key":"GamblersBrew"},{"floor":22,"key":"Swift Potion"},{"floor":28,"key":"HeartOfIron"}],"is_trial":false,"path_per_floor":["M","M","?","?","M","E","?","R","T","?","$","$","T","E","R","B",null,"M","$","?","?","M","R","E","R","T","$","M","?","R","?","R","B"],"character_chosen":"IRONCLAD","items_purchased":["Shrug It Off","Metallicize","Strength Potion","Dropkick"],"campfire_rested":1,"item_purchase_floors":[12,19,19,27],"current_hp_per_floor":[68,68,68,57,48,23,23,23,33,38,38,38,38,29,29,6,64,64,64,43,43,36,36,11,11,11,11,3,3,16,16,16,0,0],"gold":0,"neow_bonus":"BOSS_RELIC","is_daily":false,"chose_seed":false,"campfire_upgraded":1,"win_rate":0.0,"timestamp":1611772914,"path_taken":["M","?","?","?","M","E","?","R","T","?","?","$","?","E","R","BOSS","M","$","?","?","M","R","E","R","T","$","?","?","R","?","R","BOSS"],"items_purchased_type":["Card","Card","Potion","Card"],"build_version":"2020-12-22","purchased_purges":2,"victory":false,"max_hp_per_floor":[75,75,75,75,75,75,68,68,78,83,83,83,83,83,83,83,83,86,86,43,43,43,43,46,46,46,46,46,46,46,46,46,46,46],"relic_stats":{"Blood Vial":2,"Centennial Puzzle":[18],"Dream Catcher":1,"Shovel":4,"counters":[11,74],"Mummified Hand":[23],"Sundial":[10],"Golden Idol":44,"Shuriken":[4],"Charon\u0027s Ashes":[57],"obtain_stats":[{"Potion Belt":0,"Pear":9,"Golden Idol":7,"Charon\u0027s Ashes":25,"Frozen Egg 2":24,"Burning Blood":0,"Calling Bell":0,"Blood Vial":32,"Centennial Puzzle":15,"Dream Catcher":26,"Shovel":14,"Mummified Hand":0,"Sundial":6,"Shuriken":23,"Fusion Hammer":17,"FossilizedHelix":0,"Paper Frog":13},{"Potion Belt":0,"Pear":4,"Golden Idol":4,"Charon\u0027s Ashes":9,"Frozen Egg 2":9,"Burning Blood":0,"Calling Bell":0,"Blood Vial":10,"Centennial Puzzle":5,"Dream Catcher":9,"Shovel":5,"Mummified Hand":0,"Sundial":4,"Shuriken":8,"Fusion Hammer":6,"FossilizedHelix":0,"Paper Frog":4},{"Potion Belt":0,"Pear":19,"Golden Idol":19,"Charon\u0027s Ashes":59,"Frozen Egg 2":59,"Burning Blood":0,"Calling Bell":0,"Blood Vial":64,"Centennial Puzzle":31,"Dream Catcher":59,"Shovel":31,"Mummified Hand":0,"Sundial":19,"Shuriken":53,"Fusion Hammer":43,"FossilizedHelix":0,"Paper Frog":19}]},"card_choices":[{"not_picked":["Shrug It Off","Dropkick"],"picked":"Feel No Pain","floor":1},{"not_picked":["Wild Strike","Sword Boomerang"],"picked":"Double Tap","floor":2},{"not_picked":["Carnage","Perfected Strike"],"picked":"Inflame","floor":5},{"not_picked":["Clash","Havoc"],"picked":"Cleave","floor":6},{"not_picked":["Wild Strike","Dropkick"],"picked":"Reaper","floor":14},{"not_picked":["Exhume","Barricade"],"picked":"Feed","floor":16},{"not_picked":["Carnage","Perfected Strike"],"picked":"Headbutt","floor":18},{"not_picked":["Headbutt","Warcry+1"],"picked":"Battle Trance","floor":22},{"not_picked":["Iron Wave+1","Havoc"],"picked":"Flame Barrier+1","floor":24},{"not_picked":["Rage","Body Slam"],"picked":"Burning Pact","floor":28}],"player_experience":1166655,"relics_obtained":[{"floor":0,"key":"Mummified Hand"},{"floor":0,"key":"Potion Belt"},{"floor":0,"key":"FossilizedHelix"},{"floor":6,"key":"Sundial"},{"floor":9,"key":"Pear"},{"floor":13,"key":"Paper Frog"},{"floor":14,"key":"Shovel"},{"floor":15,"key":"Centennial Puzzle"},{"floor":23,"key":"Shuriken"},{"floor":24,"key":"Frozen Egg 2"},{"floor":25,"key":"Charon\u0027s Ashes"},{"floor":26,"key":"Dream Catcher"},{"floor":32,"key":"Blood Vial"}],"event_choices":[{"cards_removed":["Strike_R"],"damage_healed":0,"gold_gain":0,"player_choice":"Card Removal","damage_taken":0,"max_hp_gain":0,"max_hp_loss":0,"event_name":"The Cleric","floor":3,"gold_loss":75},{"damage_healed":0,"gold_gain":75,"player_choice":"Gather Gold","damage_taken":11,"max_hp_gain":0,"max_hp_loss":0,"event_name":"World of Goop","floor":4,"gold_loss":0},{"damage_healed":0,"gold_gain":0,"player_choice":"Lose Max HP","damage_taken":0,"relics_obtained":["Golden Idol"],"max_hp_gain":0,"max_hp_loss":7,"event_name":"Golden Idol","floor":7,"gold_loss":0},{"damage_healed":0,"gold_gain":0,"player_choice":"Donut","damage_taken":0,"max_hp_gain":5,"max_hp_loss":0,"event_name":"Big Fish","floor":10,"gold_loss":0},{"damage_healed":0,"gold_gain":0,"player_choice":"Became a Ghost","damage_taken":0,"max_hp_gain":0,"max_hp_loss":43,"event_name":"Ghosts","floor":20,"gold_loss":0,"cards_obtained":["Ghostly","Ghostly","Ghostly"]},{"damage_healed":0,"gold_gain":0,"player_choice":"Got Potions","damage_taken":0,"max_hp_gain":0,"max_hp_loss":0,"event_name":"Lab","floor":21,"gold_loss":0},{"damage_healed":0,"gold_gain":0,"player_choice":"Paid Fearfully","damage_taken":0,"max_hp_gain":0,"max_hp_loss":0,"event_name":"Masked Bandits","floor":29,"gold_loss":92},{"damage_healed":0,"gold_gain":0,"player_choice":"Ignored","damage_taken":0,"max_hp_gain":0,"max_hp_loss":0,"event_name":"The Mausoleum","floor":31,"gold_loss":0}],"is_beta":false,"boss_relics":[{"not_picked":["Mark of Pain","Runic Pyramid"],"picked":"Fusion Hammer"}],"items_purged_floors":[12,19],"is_endless":false,"potions_floor_spawned":[1,14,22,28],"killed_by":"Automaton","ascension_level":20}}