{"host":"sian7qp8a9pc9xwd","time":1611761372,"event":{"mods":["BaseMod","Minty Spire (QoL Compilation)","StSLib","SuperFastMode"],"gold_per_floor":[117,67,142,142,159,159,176,176,176,204,219,252,252,269,269,345,345,356,356,85,85,105,139,139,174,250,250,285,303,316,25,25,98,98,112,125,125,125],"floor_reached":37,"language":"ENG","playtime":2793,"items_purged":["Strike_B"],"score":762,"play_id":"abad81a5-a2f7-43b6-9ab6-a1d316c49400","local_time":"20210127102932","is_ascension_mode":true,"campfire_choices":[{"data":"Zap","floor":6.0,"key":"SMITH"},{"data":"Dualcast","floor":8.0,"key":"SMITH"},{"data":"Ball Lightning","floor":15.0,"key":"SMITH"},{"floor":24.0,"key":"REST"},{"data":"Streamline","floor":27.0,"key":"SMITH"},{"data":"White Noise","floor":32.0,"key":"SMITH"}],"circlet_count":0,"master_deck":["AscendersBane","Strike_B","Defend_B","Defend_B","Zap+1","Dualcast+1","Rebound","Cold Snap","Ball Lightning+1","Cold Snap","Conserve Battery","Seek+1","Beam Cell","Core Surge","White Noise+1","Necronomicurse","Streamline+1","Rebound+1","Reboot","Go for the Eyes+1"],"relics":["Cracked Core","Bag of Preparation","Letter Opener","PreservedInsect","Centennial Puzzle","Empty Cage","Necronomicon","Ancient Tea Set","Gambling Chip","Shuriken","HornCleat","Ice Cream","Inserter"],"acts_visited":["Exordium","TheCity","TheBeyond"],"potions_floor_usage":[33],"damage_taken":[{"damage":2.0,"enemies":"2 Louse","floor":1.0,"turns":4.0},{"damage":0.0,"enemies":"Small Slimes","floor":5.0,"turns":2.0},{"damage":7.0,"enemies":"Jaw Worm","floor":7.0,"turns":2.0},{"damage":9.0,"enemies":"Gremlin Nob","floor":10.0,"turns":3.0},{"damage":0.0,"enemies":"2 Fungi Beasts","floor":11.0,"turns":2.0},{"damage":1.0,"enemies":"Lagavulin","floor":12.0,"turns":5.0},{"damage":0.0,"enemies":"Exordium Thugs","floor":14.0,"turns":3.0},{"damage":16.0,"enemies":"Hexaghost","floor":16.0,"turns":9.0},{"damage":4.0,"enemies":"3 Byrds","floor":18.0,"turns":3.0},{"damage":0.0,"enemies":"Chosen","floor":22.0,"turns":3.0},{"damage":27.0,"enemies":"Slavers","floor":23.0,"turns":3.0},{"damage":0.0,"enemies":"Gremlin Leader","floor":25.0,"turns":2.0},{"damage":7.0,"enemies":"Book of Stabbing","floor":28.0,"turns":2.0},{"damage":0.0,"enemies":"Sentry and Sphere","floor":29.0,"turns":3.0},{"damage":0.0,"enemies":"3 Cultists","floor":30.0,"turns":3.0},{"damage":36,"enemies":"Champ","floor":33,"turns":6},{"damage":9,"enemies":"3 Shapes","floor":35,"turns":3},{"damage":11,"enemies":"3 Darklings","floor":36,"turns":3},{"damage":42,"enemies":"Writhing Mass","floor":37,"turns":4}],"seed_played":"-2802808349539481279","potions_obtained":[{"floor":1.0,"key":"SmokeBomb"},{"floor":10.0,"key":"Fire Potion"},{"floor":23.0,"key":"ColorlessPotion"},{"floor":28.0,"key":"Energy Potion"},{"floor":29.0,"key":"SteroidPotion"}],"is_trial":false,"path_per_floor":["M","?","?","?","M","R","M","R","T","E","M","E","?","M","R","B",null,"M","?","$","?","M","E","R","E","T","R","E","M","M","$","R","B",null,"M","M","M"],"character_chosen":"DEFECT","items_purchased":["Core Surge","White Noise","Ice Cream"],"campfire_rested":1,"item_purchase_floors":[20,20,31],"current_hp_per_floor":[66,66,55,60,60,60,53,53,53,44,44,43,43,43,43,27,67,63,63,63,47,47,20,44,44,44,44,37,37,37,37,37,1,60,51,40,0,0],"gold":125,"neow_bonus":"RANDOM_COMMON_RELIC","is_daily":false,"chose_seed":false,"campfire_upgraded":5,"win_rate":0.0,"timestamp":1611761372,"path_taken":["M","?","?","?","?","R","M","R","T","E","M","E","?","M","R","BOSS","M","?","?","?","?","E","R","E","T","R","E","M","M","$","R","BOSS","M","M","M"],"items_purchased_type":["Card","Card","Relic"],"build_version":"2020-12-22","purchased_purges":1,"victory":false,"max_hp_per_floor":[75,75,75,80,80,80,80,80,80,80,80,80,80,80,80,80,80,80,80,80,80,80,80,80,80,80,80,80,80,80,80,80,80,80,80,80,80,80],"card_choices":[{"not_picked":["Lockon","Undo"],"picked":"Rebound","floor":1.0},{"not_picked":["Conserve Battery","Redo"],"picked":"Cold Snap","floor":5.0},{"not_picked":["Go for the Eyes","Leap"],"picked":"Ball Lightning","floor":7.0},{"not_picked":["Leap","Streamline"],"picked":"Cold Snap","floor":10.0},{"not_picked":["Steam","Sweeping Beam"],"picked":"Conserve Battery","floor":11.0},{"not_picked":["Multi-Cast","Doom and Gloom","Sunder"],"picked":"SKIP","floor":12.0},{"not_picked":["Static Discharge","Darkness","Redo"],"picked":"SKIP","floor":14.0},{"not_picked":["Multi-Cast","Echo Form"],"picked":"Seek","floor":16.0},{"not_picked":["Storm","Compile Driver"],"picked":"Beam Cell","floor":18.0},{"not_picked":["Beam Cell","Undo","Ball Lightning"],"picked":"SKIP","floor":22.0},{"not_picked":["Rainbow","Darkness"],"picked":"Streamline","floor":23.0},{"not_picked":["Redo","Go for the Eyes","Stack"],"picked":"SKIP","floor":25.0},{"not_picked":["Rebound","Darkness","Self Repair"],"picked":"SKIP","floor":28.0},{"not_picked":["Storm","Fusion"],"picked":"Rebound+1","floor":29.0},{"not_picked":["Redo","Reinforced Body","Beam Cell"],"picked":"SKIP","floor":30.0},{"not_picked":["Core Surge","Rainbow"],"picked":"Reboot","floor":33},{"not_picked":["Compile Driver","Redo"],"picked":"Go for the Eyes+1","floor":35},{"not_picked":["Lockon","Fusion","Beam Cell"],"picked":"SKIP","floor":36}],"player_experience":800955,"relics_obtained":[{"floor":9.0,"key":"Letter Opener"},{"floor":10.0,"key":"PreservedInsect"},{"floor":12.0,"key":"Centennial Puzzle"},{"floor":21.0,"key":"Necronomicon"},{"floor":23.0,"key":"Ancient Tea Set"},{"floor":25.0,"key":"Gambling Chip"},{"floor":26.0,"key":"Shuriken"},{"floor":28.0,"key":"HornCleat"}],"event_choices":[{"cards_removed":["Strike_B"],"damage_healed":0.0,"max_hp_gain":0.0,"max_hp_loss":0.0,"gold_gain":0.0,"event_name":"The Cleric","player_choice":"Card Removal","floor":2.0,"gold_loss":50.0,"damage_taken":0.0},{"damage_healed":0.0,"max_hp_gain":0.0,"max_hp_loss":0.0,"gold_gain":75.0,"event_name":"World of Goop","player_choice":"Gather Gold","floor":3.0,"gold_loss":0.0,"damage_taken":11.0},{"damage_healed":0.0,"max_hp_gain":5.0,"max_hp_loss":0.0,"gold_gain":0.0,"event_name":"Big Fish","player_choice":"Donut","floor":4.0,"gold_loss":0.0,"damage_taken":0.0},{"cards_removed":["Defend_B"],"damage_healed":0.0,"max_hp_gain":0.0,"max_hp_loss":0.0,"gold_gain":0.0,"event_name":"Purifier","player_choice":"Purged","floor":13.0,"gold_loss":0.0,"damage_taken":0.0},{"damage_healed":0.0,"max_hp_gain":0.0,"max_hp_loss":0.0,"gold_gain":0.0,"event_name":"Accursed Blacksmith","player_choice":"Forge","floor":19.0,"gold_loss":0.0,"damage_taken":0.0,"cards_upgraded":["Seek"]},{"damage_healed":0.0,"max_hp_gain":0.0,"max_hp_loss":0.0,"gold_gain":0.0,"event_name":"Cursed Tome","player_choice":"Obtained Book","floor":21.0,"gold_loss":0.0,"damage_taken":16.0}],"is_beta":false,"boss_relics":[{"not_picked":["FrozenCore","Astrolabe"],"picked":"Empty Cage"},{"not_picked":["Pandora\u0027s Box","Tiny House"],"picked":"Inserter"}],"items_purged_floors":[20],"is_endless":false,"potions_floor_spawned":[1,10,12,16,18,23,28,29,30],"killed_by":"Writhing Mass","ascension_level":13}}