{"host":"r53pw7z744tg3fxg","time":1611778726,"event":{"mods":["AchievementEnabler","BaseMod","Colored Map","Colored Powertips","Highlight Path","Minty Spire (QoL Compilation)","Quick Restart","Transform Curses"],"gold_per_floor":[119,132,132,145,170,214,214,254,254,254,254],"floor_reached":10,"language":"ENG","playtime":318,"items_purged":[],"score":144,"play_id":"d55cd82f-4063-4c5d-85a5-1b5b209b92de","local_time":"20210127131846","is_ascension_mode":true,"campfire_choices":[{"floor":7,"key":"REST"}],"circlet_count":0,"master_deck":["AscendersBane","Strike_P","Strike_P","Strike_P","Strike_P","Defend_P","Defend_P","Defend_P","Defend_P","Eruption+1","Vigilance","FearNoEvil","BowlingBash","Injury","Consecrate","Protect","Establishment"],"relics":["PureWater","Golden Idol","PreservedInsect","Shuriken","Girya"],"acts_visited":["Exordium"],"potions_floor_usage":[8],"damage_taken":[{"damage":3,"enemies":"2 Louse","floor":1,"turns":3},{"damage":4,"enemies":"Jaw Worm","floor":2,"turns":3},{"damage":5,"enemies":"Small Slimes","floor":4,"turns":3},{"damage":1,"enemies":"3 Louse","floor":5,"turns":2},{"damage":27,"enemies":"3 Sentries","floor":6,"turns":7},{"damage":28,"enemies":"Lagavulin","floor":8,"turns":3},{"damage":27,"enemies":"Gremlin Nob","floor":10,"turns":2}],"seed_played":"7843649254300438126","potions_obtained":[{"floor":1,"key":"LiquidBronze"},{"floor":4,"key":"FearPotion"}],"is_trial":false,"path_per_floor":["M","M","?","M","M","E","R","E","T","E"],"character_chosen":"WATCHER","items_purchased":[],"campfire_rested":1,"item_purchase_floors":[],"current_hp_per_floor":[58,54,54,49,48,21,41,13,13,0,0],"gold":254,"neow_bonus":"UPGRADE_CARD","is_daily":false,"chose_seed":false,"campfire_upgraded":0,"win_rate":0.0,"timestamp":1611778726,"path_taken":["M","M","?","M","M","E","R","E","T","E"],"items_purchased_type":[],"build_version":"2020-12-22","purchased_purges":0,"victory":false,"max_hp_per_floor":[68,68,68,68,68,68,68,68,68,68,68],"card_choices":[{"not_picked":["JustLucky","EmptyFist"],"picked":"FearNoEvil","floor":1},{"not_picked":["Crescendo","Collect"],"picked":"BowlingBash","floor":2},{"not_picked":["ClearTheMind","MentalFortress","Meditate"],"picked":"SKIP","floor":4},{"not_picked":["FlyingSleeves","ThirdEye"],"picked":"Consecrate","floor":5},{"not_picked":["Fasting2","Adaptation"],"picked":"Protect","floor":6},{"not_picked":["Protect","CutThroughFate"],"picked":"Establishment","floor":8}],"player_experience":1369505,"relics_obtained":[{"floor":6,"key":"PreservedInsect"},{"floor":8,"key":"Shuriken"},{"floor":9,"key":"Girya"}],"event_choices":[{"damage_healed":0,"gold_gain":0,"player_choice":"Take Wound","damage_taken":0,"relics_obtained":["Golden Idol"],"max_hp_gain":0,"max_hp_loss":0,"event_name":"Golden Idol","floor":3,"gold_loss":0,"cards_obtained":["Injury"]}],"is_beta":false,"boss_relics":[],"items_purged_floors":[],"is_endless":false,"potions_floor_spawned":[1,4],"killed_by":"Gremlin Nob","ascension_level":17}}