{"host":"52m1o8iwwagurbjs","time":1611787367,"event":{"mods":["AchievementEnabler","BaseMod","Bestiary","Colored Powertips","GifTheSpireLib","Minty Spire (QoL Compilation)","Quick Restart","RNG Fix","Relic Stats","StSLib"],"gold_per_floor":[113,113,125,75,86,86,10,35,35,64,64,64,78,88,88,185,185,196,212,231,243,243,278,377,377,377,408,333,353,370,19,19,116,116,135,135,135,135,181,181,181,211,235,235,245,265,293,308,308,308,308,308,57,85,85],"floor_reached":56,"language":"ENG","playtime":3855,"items_purged":["Strike_R+1","Clumsy"],"score":1460,"play_id":"54bf23ad-5a9e-4924-a162-38644b80c85b","local_time":"20210127174247","is_ascension_mode":true,"campfire_choices":[{"data":"Spot Weakness","floor":6.0,"key":"SMITH"},{"floor":12.0,"key":"DIG"},{"floor":15.0,"key":"DIG"},{"floor":25.0,"key":"DIG"},{"floor":32.0,"key":"DIG"},{"floor":40.0,"key":"RECALL"},{"floor":44.0,"key":"DIG"},{"floor":49.0,"key":"DIG"},{"floor":52.0,"key":"DIG"}],"circlet_count":0,"master_deck":["Strike_R+1","Defend_R+1","Defend_R+1","Defend_R+1","Defend_R+1","Bash","Hemokinesis","Dark Shackles","Metallicize","Reaper","Rupture","Spot Weakness+1","Burning Pact+1","Disarm","Immolate","Bloodletting+1","Dropkick","Rage","Dark Embrace","Corruption","Disarm+1","Disarm","Pain"],"relics":["Burning Blood","Torii","Shovel","Mummified Hand","Champion Belt","HornCleat","Potion Belt","Cursed Key","Vajra","Lantern","Pocketwatch","Orrery","Centennial Puzzle","Dead Branch","Busted Crown","WarpedTongs","Bird Faced Urn","Juzu Bracelet","Calipers","War Paint","Mercury Hourglass","Ornamental Fan","Shuriken","Frozen Eye","Blue Candle"],"acts_visited":["Exordium","TheCity","TheBeyond","TheEnding"],"potions_floor_usage":[55],"damage_taken":[{"damage":6.0,"enemies":"Cultist","floor":1.0,"turns":3.0},{"damage":0.0,"enemies":"Small Slimes","floor":3.0,"turns":4.0},{"damage":4.0,"enemies":"2 Louse","floor":5.0,"turns":3.0},{"damage":16.0,"enemies":"Lagavulin","floor":8.0,"turns":9.0},{"damage":23.0,"enemies":"Gremlin Nob","floor":10.0,"turns":4.0},{"damage":19.0,"enemies":"Exordium Wildlife","floor":13.0,"turns":8.0},{"damage":24.0,"enemies":"Gremlin Gang","floor":14.0,"turns":5.0},{"damage":14.0,"enemies":"Hexaghost","floor":16.0,"turns":11.0},{"damage":21.0,"enemies":"2 Thieves","floor":18.0,"turns":4.0},{"damage":28.0,"enemies":"Spheric Guardian","floor":19.0,"turns":6.0},{"damage":39.0,"enemies":"Cultist and Chosen","floor":20.0,"turns":6.0},{"damage":39.0,"enemies":"Sentry and Sphere","floor":21.0,"turns":6.0},{"damage":12.0,"enemies":"Book of Stabbing","floor":23.0,"turns":7.0},{"damage":17.0,"enemies":"Slavers","floor":27.0,"turns":4.0},{"damage":15.0,"enemies":"Centurion and Healer","floor":29.0,"turns":8.0},{"damage":13.0,"enemies":"Snecko","floor":30.0,"turns":4.0},{"damage":13.0,"enemies":"Collector","floor":33.0,"turns":4.0},{"damage":6.0,"enemies":"3 Shapes","floor":35.0,"turns":3.0},{"damage":14.0,"enemies":"2 Orb Walkers","floor":39.0,"turns":2.0},{"damage":15.0,"enemies":"Reptomancer","floor":42.0,"turns":4.0},{"damage":2.0,"enemies":"3 Darklings","floor":45.0,"turns":3.0},{"damage":14.0,"enemies":"4 Shapes","floor":46.0,"turns":4.0},{"damage":29.0,"enemies":"Nemesis","floor":47.0,"turns":7.0},{"damage":19.0,"enemies":"Transient","floor":48.0,"turns":4.0},{"damage":36.0,"enemies":"Donu and Deca","floor":50.0,"turns":4.0},{"damage":15.0,"enemies":"Shield and Spear","floor":54.0,"turns":2.0},{"damage":67,"enemies":"The Heart","floor":55,"turns":7}],"seed_played":"5941883890559903573","potions_obtained":[{"floor":1.0,"key":"Ancient Potion"},{"floor":5.0,"key":"Dexterity Potion"},{"floor":10.0,"key":"Dexterity Potion"},{"floor":16.0,"key":"PowerPotion"},{"floor":19.0,"key":"SpeedPotion"},{"floor":20.0,"key":"SteroidPotion"},{"floor":21.0,"key":"BloodPotion"},{"floor":35.0,"key":"SpeedPotion"},{"floor":46.0,"key":"PowerPotion"},{"floor":47.0,"key":"SteroidPotion"},{"floor":54.0,"key":"DuplicationPotion"}],"is_trial":false,"path_per_floor":["M","?","M","?","M","R","$","E","T","E","?","R","M","M","R","B",null,"M","M","M","M","?","E","?","R","T","E","$","M","M","$","R","B",null,"M","?","?","?","?","R","?","E","T","R","M","M","E","M","R","B",null,"R","$","E","B",null],"character_chosen":"IRONCLAD","items_purchased":["Burning Pact","Orrery","Centennial Puzzle","BloodPotion","Frozen Eye"],"campfire_rested":0,"item_purchase_floors":[7,31,31,31,53],"current_hp_per_floor":[56,56,66,66,73,73,73,76,76,59,59,59,59,58,58,66,80,65,54,37,33,33,27,27,27,27,34,34,52,50,50,50,71,80,80,80,80,80,72,72,72,77,77,77,80,80,70,80,80,80,80,80,80,80,23],"gold":85,"neow_bonus":"ONE_RARE_RELIC","is_daily":false,"chose_seed":false,"campfire_upgraded":1,"win_rate":0.0,"timestamp":1611787367,"path_taken":["M","?","?","?","M","R","$","E","T","E","?","R","M","M","R","BOSS","M","?","M","M","?","E","?","R","T","E","$","M","M","?","R","BOSS","M","?","?","?","?","R","?","E","T","R","M","M","E","M","R","BOSS","R","$","E","BOSS"],"items_purchased_type":["Card","Relic","Relic","Potion","Relic"],"build_version":"2020-12-22","purchased_purges":2,"victory":true,"max_hp_per_floor":[80,80,80,80,80,80,80,80,80,80,80,80,80,80,80,80,80,80,80,80,80,80,80,80,80,80,80,80,80,80,80,80,80,80,80,80,80,80,80,80,80,80,80,80,80,80,80,80,80,80,80,80,80,80,80],"relic_stats":{"Torii":77,"counters":[27,136],"Dead Branch":[270],"Blue Candle":[1],"Juzu Bracelet":0,"War Paint":["Disarm","Burning Pact"],"Cursed Key":1,"Burning Blood":132,"WarpedTongs":[37],"Mercury Hourglass":[57],"Centennial Puzzle":[29],"Shovel":7,"Busted Crown":18,"Mummified Hand":[108],"Ornamental Fan":[32],"Shuriken":[5],"Bird Faced Urn":[72],"Champion Belt":[22],"obtain_stats":[{"Lantern":25,"Calipers":42,"Torii":0,"Vajra":23,"Juzu Bracelet":41,"Cursed Key":17,"Burning Blood":0,"Frozen Eye":53,"Centennial Puzzle":31,"Shovel":8,"HornCleat":12,"Mummified Hand":9,"Potion Belt":15,"Dead Branch":32,"Blue Candle":54,"War Paint":44,"WarpedTongs":37,"Mercury Hourglass":47,"Busted Crown":34,"Ornamental Fan":49,"Shuriken":52,"Bird Faced Urn":39,"Orrery":31,"Champion Belt":10,"Pocketwatch":27},{"Lantern":13,"Calipers":20,"Torii":0,"Vajra":13,"Juzu Bracelet":19,"Cursed Key":8,"Burning Blood":0,"Frozen Eye":25,"Centennial Puzzle":16,"Shovel":4,"HornCleat":5,"Mummified Hand":4,"Potion Belt":7,"Dead Branch":16,"Blue Candle":26,"War Paint":20,"WarpedTongs":18,"Mercury Hourglass":23,"Busted Crown":17,"Ornamental Fan":24,"Shuriken":25,"Bird Faced Urn":19,"Orrery":16,"Champion Belt":5,"Pocketwatch":14},{"Lantern":76,"Calipers":105,"Torii":0,"Vajra":76,"Juzu Bracelet":101,"Cursed Key":47,"Burning Blood":0,"Frozen Eye":127,"Centennial Puzzle":92,"Shovel":19,"HornCleat":23,"Mummified Hand":19,"Potion Belt":36,"Dead Branch":92,"Blue Candle":129,"War Paint":105,"WarpedTongs":99,"Mercury Hourglass":119,"Busted Crown":96,"Ornamental Fan":123,"Shuriken":127,"Bird Faced Urn":101,"Orrery":92,"Champion Belt":23,"Pocketwatch":80}],"Pocketwatch":[27]},"card_choices":[{"not_picked":["Cleave","Uppercut"],"picked":"Hemokinesis","floor":1.0},{"not_picked":["Anger","Wild Strike"],"picked":"Rupture","floor":3.0},{"not_picked":["Perfected Strike","Sentinel"],"picked":"Spot Weakness","floor":5.0},{"not_picked":["Wild Strike","Anger","Pummel"],"picked":"SKIP","floor":8.0},{"not_picked":["Armaments","Heavy Blade","Spot Weakness"],"picked":"SKIP","floor":10.0},{"not_picked":["Sever Soul","Armaments"],"picked":"Disarm","floor":13.0},{"not_picked":["Flex","Fire Breathing","Heavy Blade"],"picked":"SKIP","floor":14.0},{"not_picked":["Bludgeon","Feed"],"picked":"Immolate","floor":16.0},{"not_picked":["Body Slam","Pommel Strike","Rampage+1"],"picked":"SKIP","floor":18.0},{"not_picked":["Shrug It Off","Uppercut"],"picked":"Bloodletting+1","floor":19.0},{"not_picked":["Spot Weakness","Warcry","Reckless Charge+1"],"picked":"SKIP","floor":20.0},{"not_picked":["Second Wind","Sword Boomerang+1"],"picked":"Dropkick","floor":21.0},{"not_picked":["Flex","Juggernaut","Pommel Strike"],"picked":"SKIP","floor":23.0},{"not_picked":["Flex","Juggernaut","Pommel Strike"],"picked":"SKIP","floor":23.0},{"not_picked":["Body Slam","Fire Breathing","Seeing Red"],"picked":"SKIP","floor":27.0},{"not_picked":["Sever Soul","Wild Strike"],"picked":"Rage","floor":29.0},{"not_picked":["Whirlwind","Warcry"],"picked":"Dark Embrace","floor":30.0},{"not_picked":["Headbutt","Twin Strike+1"],"picked":"Corruption","floor":31.0},{"not_picked":["Perfected Strike","Infernal Blade"],"picked":"Combust","floor":31.0},{"not_picked":["Seeing Red","Havoc+1"],"picked":"Disarm","floor":31.0},{"not_picked":["Warcry+1","Second Wind"],"picked":"Disarm","floor":31.0},{"not_picked":["Evolve"],"picked":"SKIP","floor":35.0},{"not_picked":["Heavy Blade"],"picked":"SKIP","floor":42.0},{"not_picked":["Armaments"],"picked":"SKIP","floor":45.0},{"not_picked":["Spot Weakness+1"],"picked":"SKIP","floor":46.0},{"not_picked":["Shockwave+1"],"picked":"SKIP","floor":47.0},{"not_picked":["Warcry+1"],"picked":"SKIP","floor":48.0},{"not_picked":["Dropkick+1"],"picked":"SKIP","floor":54.0}],"player_experience":1224383,"relics_obtained":[{"floor":8.0,"key":"Shovel"},{"floor":9.0,"key":"Mummified Hand"},{"floor":10.0,"key":"Champion Belt"},{"floor":12.0,"key":"HornCleat"},{"floor":15.0,"key":"Potion Belt"},{"floor":23.0,"key":"Vajra"},{"floor":25.0,"key":"Lantern"},{"floor":27.0,"key":"Pocketwatch"},{"floor":32.0,"key":"Dead Branch"},{"floor":39.0,"key":"Bird Faced Urn"},{"floor":42.0,"key":"Calipers"},{"floor":44.0,"key":"War Paint"},{"floor":47.0,"key":"Mercury Hourglass"},{"floor":49.0,"key":"Ornamental Fan"},{"floor":52.0,"key":"Shuriken"},{"floor":54.0,"key":"Blue Candle"}],"event_choices":[{"damage_healed":0.0,"max_hp_gain":0.0,"max_hp_loss":0.0,"gold_gain":0.0,"event_name":"Match and Keep!","player_choice":"3 cards matched","floor":2.0,"gold_loss":0.0,"damage_taken":0.0,"cards_obtained":["Dark Shackles","Metallicize","Reaper"]},{"cards_removed":["Strike_R"],"damage_healed":0.0,"max_hp_gain":0.0,"max_hp_loss":0.0,"gold_gain":0.0,"event_name":"The Cleric","player_choice":"Card Removal","floor":4.0,"gold_loss":50.0,"damage_taken":0.0},{"cards_removed":["Strike_R"],"damage_healed":0.0,"max_hp_gain":0.0,"max_hp_loss":0.0,"gold_gain":0.0,"event_name":"Purifier","player_choice":"Purged","floor":11.0,"gold_loss":0.0,"damage_taken":0.0},{"damage_healed":0.0,"max_hp_gain":0.0,"max_hp_loss":0.0,"gold_gain":0.0,"event_name":"Back to Basics","player_choice":"Simplicity","floor":22.0,"gold_loss":0.0,"damage_taken":0.0,"cards_upgraded":["Strike_R","Strike_R","Strike_R","Defend_R","Defend_R","Defend_R","Defend_R"]},{"damage_healed":0.0,"max_hp_gain":0.0,"max_hp_loss":0.0,"gold_gain":99.0,"event_name":"Nest","player_choice":"Stole From Cult","floor":24.0,"gold_loss":0.0,"damage_taken":0.0},{"damage_healed":0.0,"max_hp_gain":0.0,"max_hp_loss":0.0,"gold_gain":0.0,"event_name":"SensoryStone","player_choice":"Memory 1","floor":36.0,"gold_loss":0.0,"damage_taken":0.0},{"damage_healed":0.0,"max_hp_gain":0.0,"max_hp_loss":0.0,"gold_gain":0.0,"event_name":"Accursed Blacksmith","player_choice":"Rummage","floor":37.0,"gold_loss":0.0,"damage_taken":0.0,"relics_obtained":["WarpedTongs"],"cards_obtained":["Pain"]},{"cards_removed":["Strike_R"],"damage_healed":0.0,"max_hp_gain":0.0,"max_hp_loss":0.0,"gold_gain":0.0,"event_name":"Falling","player_choice":"Removed Attack","floor":38.0,"gold_loss":0.0,"damage_taken":0.0},{"damage_healed":0.0,"max_hp_gain":0.0,"max_hp_loss":0.0,"gold_gain":0.0,"event_name":"Mysterious Sphere","player_choice":"Fight","floor":39.0,"gold_loss":0.0,"damage_taken":0.0},{"cards_removed":["Combust"],"damage_healed":0.0,"max_hp_gain":0.0,"max_hp_loss":0.0,"gold_gain":0.0,"event_name":"WeMeetAgain","player_choice":"Gave Card","floor":41.0,"gold_loss":0.0,"damage_taken":0.0,"relics_obtained":["Juzu Bracelet"]}],"is_beta":false,"boss_relics":[{"not_picked":["Runic Dome","Tiny House"],"picked":"Cursed Key"},{"not_picked":["Velvet Choker","Philosopher\u0027s Stone"],"picked":"Busted Crown"}],"items_purged_floors":[28,53],"is_endless":false,"potions_floor_spawned":[1,5,10,16,19,20,21,35,46,47,54],"ascension_level":1}}