{"host":"a49aoqbkajnlmy9c","time":1611728126,"event":{"mods":["100% Spire Juice","2.2 Compatiblity","AchievementEnabler","Act Like it!","AlwaysNeverKeys","Arknights The Spire","BaseMod","Better Match","BetterRewards","Block Reminder","Colored Map","Colored Powertips","Downfall","Emptier Cage","Friendly Minions","Gensokyo","GifTheSpireLib","Gremlin Skip","Halation","HololiveMod","Hubris","Hyrulean Relics","Infinite Spire","Ironclad Rager","Marisa????????","Minty Spire (QoL Compilation)","Prisma Mod","Quarter Circle Forward PUNCH!","Quick Restart","Random Character Button","Reimu??????","Relic Filter","Reorder Act Four","StSLib","The Alterego","The Animator","Transform Curses","Treasure Hunter","Unceasing Turn Reminder","Useless Jewels Mod","Virulent Crown","Waifu the Spire","WarShipGirlsR/????R mod","Yakumo Yukari mod","Yuyuko"],"gold_per_floor":[158,50,62,97,115,115,134,134,134,95,105,121,121,139,19,123,3,19,19,19,19,30,30,61,79,79,4,14,14,25,25,25,25,25],"floor_reached":33,"language":"ENG","playtime":1578,"items_purged":["Regret"],"score":311,"play_id":"71975740-44c6-4e5f-8a3e-7a8386c6d011","local_time":"20210127011526","is_ascension_mode":false,"campfire_choices":[{"data":"Moonworks:MetallicMonocoque","floor":6,"key":"SMITH"},{"data":"Moonworks:CloudOfSeagulls","floor":8,"key":"SMITH"},{"floor":13,"key":"REST"},{"data":"Moonworks:JonathanRush","floor":15,"key":"SMITH"},{"floor":23,"key":"REST"},{"floor":29,"key":"REST"},{"data":"TH:TreasureMap","floor":32,"key":"SMITH"}],"circlet_count":0,"master_deck":["Moonworks:Strike","Moonworks:Strike","Moonworks:Strike","Moonworks:Strike","Moonworks:Defend","Moonworks:Defend","Moonworks:Defend","Moonworks:Defend","Moonworks:Ambush","Moonworks:LongDistanceShot","Moonworks:BigMagnum","Moonworks:JonathanRush+1","Moonworks:JonathanRush","Moonworks:MetallicMonocoque+1","Moonworks:CloudOfSeagulls+1","TH:TreasureMap+1","Moonworks:RagingMadness","Moonworks:FullSpeedAlicianrone","Moonworks:IndiscriminateFireSupport","Moonworks:NicePresent","TH:EnergyPotion","Moonworks:CrystalBarrier","Moonworks:EvilSpyWorkPreparation+1","infinitespire:Gouge","Moonworks:Dash","TH:EnergyPotion","Moonworks:TacticalRetreat+1","Moonworks:EvilSpyWorkPreparation+1","TH:DeckOfManyThings","Moonworks:IndiscriminateFireSupport","Moonworks:IndiscriminateFireSupport"],"relics":["Moonworks:BrokenBomb","Moonworks:Homemark","CaptainsWheel","hubris:Backtick","Torii","Pear","Gambling Chip","hubris:Icosahedron"],"acts_visited":["Exordium","TheCity"],"potions_floor_usage":[16,24,24,28,33],"damage_taken":[{"damage":3,"enemies":"Jaw Worm","floor":1,"turns":4},{"damage":10,"enemies":"Cultist","floor":2,"turns":4},{"damage":2,"enemies":"Small Slimes","floor":3,"turns":3},{"damage":5,"enemies":"Exordium Wildlife","floor":5,"turns":2},{"damage":6,"enemies":"Blue Slaver","floor":7,"turns":4},{"damage":30,"enemies":"Lots of Slimes","floor":11,"turns":3},{"damage":3,"enemies":"Exordium Wildlife","floor":12,"turns":5},{"damage":0,"enemies":"Large Slime","floor":14,"turns":4},{"damage":29,"enemies":"Hexaghost","floor":16,"turns":8},{"damage":20,"enemies":"2 Thieves","floor":18,"turns":3},{"damage":6,"enemies":"Spheric Guardian","floor":22,"turns":5},{"damage":9,"enemies":"Nightmare","floor":24,"turns":7},{"damage":23,"enemies":"Centurion and Healer","floor":25,"turns":6},{"damage":5,"enemies":"Snake Plant","floor":28,"turns":5},{"damage":3,"enemies":"Cultist and Chosen","floor":30,"turns":6},{"damage":36,"enemies":"Collector","floor":33,"turns":6}],"seed_played":"-6726482768559340310","potions_obtained":[{"floor":1,"key":"GrandPatriotsElixir:ReiMu"},{"floor":2,"key":"LiquidBronze"},{"floor":5,"key":"Regen Potion"},{"floor":11,"key":"BlessingOfTheForge"},{"floor":18,"key":"Block Potion"},{"floor":24,"key":"GamblersBrew"},{"floor":25,"key":"Energy Potion"}],"is_trial":false,"path_per_floor":["M","M","M","?","M","R","M","R","T","$","M","M","R","M","R","B",null,"M","?","?","$","M","R","NM","M","T","$","M","R","M","?","R","B"],"character_chosen":"THE_STARBREAKER","items_purchased":["Moonworks:RagingMadness"],"campfire_rested":3,"item_purchase_floors":[10],"current_hp_per_floor":[63,53,51,51,46,46,40,40,40,40,10,7,26,26,26,9,66,46,46,30,30,24,43,44,21,21,21,16,38,35,35,35,0,0],"gold":25,"neow_bonus":"TEN_PERCENT_HP_BONUS","is_daily":false,"chose_seed":false,"campfire_upgraded":4,"win_rate":0.0,"timestamp":1611728126,"path_taken":["M","M","M","?","M","R","M","R","T","?","M","M","R","?","R","BOSS","M","?","?","?","M","R","NM","M","T","$","?","R","M","?","R","BOSS"],"items_purchased_type":["Card"],"build_version":"2020-12-22","purchased_purges":1,"victory":false,"max_hp_per_floor":[66,66,66,66,66,66,66,66,66,66,66,66,66,66,66,66,66,66,66,66,66,66,66,76,76,76,76,76,76,76,76,76,76,76],"card_choices":[{"not_picked":["Moonworks:ImmovableObject","Moonworks:DeployBits"],"picked":"Moonworks:BigMagnum","floor":1},{"not_picked":["Moonworks:MiracleRedBeanIceCream","Moonworks:DevilHand"],"picked":"Moonworks:JonathanRush","floor":2},{"not_picked":["Moonworks:IntelligenceOfficer","Moonworks:LulusLuckyEgg"],"picked":"Moonworks:JonathanRush","floor":3},{"not_picked":["Moonworks:LuckyCharm","Moonworks:EvilSpyWorkPreparation"],"picked":"Moonworks:MetallicMonocoque","floor":5},{"not_picked":["Moonworks:EvilSpyWorkPreparation","Moonworks:ImOnFire"],"picked":"Moonworks:CloudOfSeagulls","floor":7},{"not_picked":["TH:ElvenBoots"],"picked":"TH:TreasureMap","floor":9},{"not_picked":["Moonworks:FinalSurgery","Moonworks:Assault"],"picked":"Moonworks:FullSpeedAlicianrone","floor":11},{"not_picked":["Moonworks:ImOnFire","Moonworks:Assault"],"picked":"Moonworks:IndiscriminateFireSupport","floor":12},{"not_picked":["Moonworks:LeapThroughSpace","Moonworks:SelfDestruct"],"picked":"Moonworks:NicePresent","floor":14},{"not_picked":["TH:BikiniMail"],"picked":"TH:EnergyPotion","floor":16},{"not_picked":["Moonworks:LeapThroughSpace","Moonworks:Encore"],"picked":"Moonworks:CrystalBarrier","floor":16},{"not_picked":["Moonworks:MiracleWalker","Moonworks:Dinner"],"picked":"Moonworks:EvilSpyWorkPreparation+1","floor":18},{"not_picked":["hubris:Fate","infinitespire:FinalStrike"],"picked":"infinitespire:Gouge","floor":20},{"not_picked":["Moonworks:BigMagnum","Moonworks:ImOnFire"],"picked":"Moonworks:Dash","floor":22},{"not_picked":["TH:ElvenBoots"],"picked":"TH:EnergyPotion","floor":24},{"not_picked":["Moonworks:PlushieMaster","Moonworks:FinalBattle"],"picked":"Moonworks:TacticalRetreat+1","floor":24},{"not_picked":["Moonworks:AwakeningOfTalent","Moonworks:AngelHand+1"],"picked":"Moonworks:EvilSpyWorkPreparation+1","floor":25},{"not_picked":["TH:ElvenBoots"],"picked":"TH:DeckOfManyThings","floor":26},{"not_picked":["Moonworks:CompletionReward","Moonworks:Poppoformation"],"picked":"Moonworks:IndiscriminateFireSupport","floor":28},{"not_picked":["Moonworks:CastOff+1","Moonworks:ImOnFire"],"picked":"Moonworks:IndiscriminateFireSupport","floor":30}],"player_experience":601838,"relics_obtained":[{"floor":9,"key":"CaptainsWheel"},{"floor":24,"key":"Pear"},{"floor":26,"key":"Gambling Chip"}],"event_choices":[{"damage_healed":0,"gold_gain":275,"player_choice":"Desecrate","damage_taken":0,"max_hp_gain":0,"max_hp_loss":0,"event_name":"Golden Shrine","floor":4,"gold_loss":0,"cards_obtained":["Regret"]}],"is_beta":false,"boss_relics":[{"not_picked":["SacredBark","Calling Bell"],"picked":"hubris:Backtick"}],"items_purged_floors":[27],"is_endless":true,"potions_floor_spawned":[1,2,5,11,12,18,24,25],"killed_by":"Collector","ascension_level":0}}