{"host":"b4vwm7jq6jdk6nca","time":1611745541,"event":{"mods":["Act Like it!","Ascension Reborn","BaseMod","Downfall","Minty Spire (QoL Compilation)","Pale of the Ancients","Quick Restart","Relic Filter Mod","Spicy Shops","StSLib","TestMod","Wide Potions","[IsaacMod]以撒尖塔"],"gold_per_floor":[335,333,356,379,397,427,427,427,427,427,450,482,482,658,684,809,809,828,828,1031,723,815,1446,1446,1472,1472,1472,586,648,716,768,891,1015,1015,1039,2238,2320,1359,1359,1574,1758,1047,1078,1353,1353,1382,1668,1120,1492,1492,1689,1994,1994,1250,1250,2596,2596,3150,3150,3158],"floor_reached":61,"language":"ZHS","playtime":1899,"items_purged":["Defend_G+1","Strike_G+1","Defend_G+1","Strike_G+1","All Out Attack+1","Pain","Riddle With Holes+1","Night Terror","Writhe","Normality"],"score":495,"play_id":"c55d3218-f846-44bd-ae10-d6e473abf36a","local_time":"20210127190541","is_ascension_mode":true,"campfire_choices":[{"data":"1","floor":8.0,"key":"LIFT"},{"data":"2","floor":13.0,"key":"LIFT"},{"data":"Cloak And Dagger","floor":15.0,"key":"SMITH"},{"data":"3","floor":24,"key":"LIFT"},{"floor":27,"key":"RECALL"},{"data":"Blade Dance","floor":32,"key":"SMITH"},{"data":"After Image","floor":49,"key":"SMITH"},{"data":"testmod-AutoReboundSystem","floor":55,"key":"SMITH"},{"floor":57,"key":"REST"}],"circlet_count":0,"master_deck":["Survivor+1","Neutralize+1","Phantasmal Killer+1","Dash+1","Backstab+1","Venomology+1","Acrobatics+1","Finisher+1","Quick Slash+1","Blade Dance+1","Cloak And Dagger+1","Glass Knife+1","Blade Dance+1","Cloak And Dagger+1","Die Die Die+1","Terror+1","After Image+1","Predator+1","Escape Plan+1","Finisher+1","Footwork+1","Master of Strategy+1","Accuracy+1","testmod-AutoReboundSystem+1","Flex+1","Backflip"],"relics":["Ring of the Snake","testmod-TestBox","HushsDoor","testmod-SaigiyounoYou","NeowsBlessing","BloodDonationBag","Shuriken","Centennial Puzzle","Girya","Blood Vial","PreservedInsect","Molten Egg 2","Pear","testmod-BloodSacrificeSpiritualization","GuppysHairball","GuppysPaw","DeathBook","SalivaCoin","Red Mask","Lee\u0027s Waffle","Vajra","CaptainsWheel","Lantern","Bottled Lightning","Mummified Hand","Habit","sneckomod:BlankCard","testmod-AssaultLearning","Paper Crane","Blue Candle","Slimebound:StickyStick","BelialBook","hexamod:CandleOfCauterizing","Tough Bandages","SatanicBible","Anchor","hexamod:BolsterEngine","PrismaticShard","Singing Bowl","TheBean","ClockworkSouvenir","Whetstone","Matryoshka","Bag of Preparation","Membership Card","MealTicket","Art of War","Mercury Hourglass","UnicornStump","Strange Spoon","testmod-BouquetWithThorns","InkBottle","Happy Flower","AnarchistCookbook","Gambling Chip","Chaos","War Paint","PillsDrop","DoctorsRemote","Toolbox","paleoftheancients:Timepiece","paleoftheancients:KeyRelic","Letter Opener","CultistMask","paleoftheancients:SoulOfTheWatcher","Thread and Needle","Nuclear Battery","BFFS","Red Skull","Strawberry","GuppysTail","TheBattery","MoneyPower","HandDrill"],"acts_visited":["Exordium","TheCity","TheBeyond","TheBeyond"],"potions_floor_usage":[22,22,23,25,25,25,29,29,33,37,44,44,44,44,44,47,47,50,52,52,56,56,60,60],"damage_taken":[{"damage":0.0,"enemies":"2 Louse","floor":1.0,"turns":1.0},{"damage":0.0,"enemies":"Jaw Worm","floor":3.0,"turns":1.0},{"damage":0.0,"enemies":"Small Slimes","floor":4.0,"turns":1.0},{"damage":0.0,"enemies":"2 Fungi Beasts","floor":5.0,"turns":2.0},{"damage":2.0,"enemies":"Lagavulin","floor":6.0,"turns":3.0},{"damage":0.0,"enemies":"Lots of Slimes","floor":11.0,"turns":2.0},{"damage":0.0,"enemies":"3 Sentries","floor":12.0,"turns":2.0},{"damage":0.0,"enemies":"Large Slime","floor":14.0,"turns":1.0},{"damage":0.0,"enemies":"The Guardian","floor":16.0,"turns":4.0},{"damage":5.0,"enemies":"Shell Parasite","floor":18.0,"turns":1.0},{"damage":5.0,"enemies":"Masked Bandits","floor":20.0,"turns":1.0},{"damage":6,"enemies":"3 Byrds","floor":22,"turns":2},{"damage":6,"enemies":"Gremlin Leader","floor":23,"turns":1},{"damage":6,"enemies":"Snake Plant","floor":25,"turns":1},{"damage":6,"enemies":"Book of Stabbing","floor":29,"turns":1},{"damage":0,"enemies":"Hiden Room Battle","floor":30,"turns":1},{"damage":0,"enemies":"3 Cultists","floor":31,"turns":1},{"damage":0,"enemies":"Champ","floor":33,"turns":1},{"damage":5,"enemies":"Orb Walker","floor":35,"turns":1},{"damage":0,"enemies":"3 Darklings","floor":37,"turns":1},{"damage":0,"enemies":"Reptomancer","floor":40,"turns":1},{"damage":0,"enemies":"Sphere and 2 Shapes","floor":41,"turns":1},{"damage":0,"enemies":"Giant Head","floor":44,"turns":1},{"damage":0,"enemies":"Maw","floor":46,"turns":1},{"damage":0,"enemies":"Mind Bloom Boss Battle","floor":47,"turns":1},{"damage":0,"enemies":"Time Eater","floor":50,"turns":2},{"damage":0,"enemies":"Time Eater","floor":51,"turns":1},{"damage":0,"enemies":"Time Eater","floor":52,"turns":1},{"damage":0,"enemies":"Time Eater","floor":56,"turns":2},{"damage":0,"enemies":"paleoftheancients:N","floor":60,"turns":2}],"seed_played":"-4976843450077514327","potions_obtained":[{"floor":1.0,"key":"EssenceOfSteel"},{"floor":5.0,"key":"GhostInAJar"},{"floor":20.0,"key":"testmod-TimePotion"},{"floor":22,"key":"Energy Potion"},{"floor":23,"key":"Energy Potion"},{"floor":25,"key":"DuplicationPotion"},{"floor":29,"key":"Dexterity Potion"},{"floor":37,"key":"EntropicBrew"},{"floor":44,"key":"Weak Potion"},{"floor":46,"key":"champ:CounterPotion"},{"floor":47,"key":"Poison Potion"},{"floor":51,"key":"Regen Potion"},{"floor":52,"key":"Fire Potion"},{"floor":56,"key":"PowerPotion"}],"is_trial":false,"path_per_floor":["M","$","M","M","M","E","?","R","T","?","M","E","R","M","R","B",null,"M","?","?","$","M","E","R","M","T","R","$","E","?","M","R","B",null,"M","?","M","$","?","E","M","$","T","E","?","M","?","$","R","B","M","M","?","$","R","M","R","$","?","B",null],"character_chosen":"THE_SILENT","items_purchased":["GuppysHairball","GuppysPaw","DeathBook","Lee\u0027s Waffle","Vajra","CaptainsWheel","Habit","sneckomod:BlankCard","testmod-AssaultLearning","Paper Crane","Blue Candle","Terror","SatanicBible","PrismaticShard","Singing Bowl","TheBean","ClockworkSouvenir","Whetstone","Matryoshka","Footwork","Bomb","Membership Card","MealTicket","Art of War","Mercury Hourglass","UnicornStump","Strange Spoon","Accuracy","Chaos","War Paint","PillsDrop","DoctorsRemote","Toolbox","Thread and Needle","Nuclear Battery","BFFS","Red Skull","Strawberry","testmod-AutoReboundSystem","GuppysTail","TheBattery","MoneyPower","HandDrill","Backflip"],"campfire_rested":1,"item_purchase_floors":[17,17,17,21,21,21,28,28,28,28,28,28,34,38,38,38,38,38,38,38,38,42,42,42,42,42,42,42,48,48,48,48,48,54,54,54,54,54,54,58,58,58,58,58],"current_hp_per_floor":[32,20,21,23,28,33,33,33,33,18,27,52,52,20,10,35,58,58,43,28,65,65,20,20,27,27,27,27,26,24,27,15,43,54,51,51,51,51,51,44,42,42,42,36,57,62,56,64,35,68,70,69,69,79,79,64,82,10,10,52],"gold":3158,"neow_bonus":"THREE_ENEMY_KILL","is_daily":false,"chose_seed":false,"campfire_upgraded":4,"win_rate":0.0,"timestamp":1611745541,"path_taken":["M","$","M","M","M","E","?","R","T","?","M","E","R","?","R","BOSS","M","?","?","$","M","E","R","M","T","R","$","E","?","?","R","BOSS","M","?","M","$","?","E","M","$","T","E","?","M","?","$","R","BOSS","M","M","?","$","R","M","R","$","?","BOSS"],"items_purchased_type":["Relic","Relic","Relic","Relic","Relic","Relic","Relic","Relic","Relic","Relic","Relic","Card","Relic","Relic","Relic","Relic","Relic","Relic","Relic","Card","Card","Relic","Relic","Relic","Relic","Relic","Relic","Card","Card","Relic","Relic","Relic","Relic","Relic","Relic","Relic","Relic","Relic","Card","Relic","Relic","Relic","Relic","Card"],"build_version":"2020-12-22","purchased_purges":10,"victory":true,"max_hp_per_floor":[74,74,74,74,74,74,74,74,74,74,74,84,84,84,84,88,58,58,58,58,65,65,65,65,65,65,65,65,65,65,65,65,69,54,54,54,54,54,54,56,58,58,58,60,60,62,64,64,64,68,70,72,72,79,79,82,82,82,82,59],"card_choices":[{"not_picked":["Deflect","Poisoned Stab"],"picked":"Phantasmal Killer","floor":1.0},{"not_picked":["Catalyst","Deadly Poison"],"picked":"Dash","floor":3.0},{"not_picked":["Reflex","Underhanded Strike","PiercingWail"],"picked":"SKIP","floor":4.0},{"not_picked":["Well Laid Plans+1","Underhanded Strike"],"picked":"Backstab","floor":5.0},{"not_picked":["Quick Slash","Night Terror"],"picked":"Venomology","floor":6.0},{"not_picked":["Poisoned Stab","Calculated Gamble+1"],"picked":"Acrobatics","floor":6.0},{"not_picked":["Tactician","Reflex"],"picked":"Quick Slash+1","floor":11.0},{"not_picked":["Well Laid Plans","Choke+1"],"picked":"Riddle With Holes+1","floor":12.0},{"not_picked":["PiercingWail","Phantasmal Killer"],"picked":"Blade Dance","floor":12.0},{"not_picked":["Outmaneuver","Backflip"],"picked":"Cloak And Dagger","floor":14.0},{"not_picked":["Storm of Steel","Bullet Time"],"picked":"Glass Knife+1","floor":16.0},{"not_picked":["Quick Slash+1","Deflect"],"picked":"Blade Dance+1","floor":18.0},{"not_picked":["Quick Slash+1","Masterful Stab+1"],"picked":"Cloak And Dagger+1","floor":20.0},{"not_picked":["Prepared","Dagger Spray+1","Dodge and Roll+1"],"picked":"SKIP","floor":22},{"not_picked":["Outmaneuver","Deadly Poison"],"picked":"Die Die Die+1","floor":23},{"not_picked":["Finisher+1","Bane+1","Acrobatics+1"],"picked":"SKIP","floor":25},{"not_picked":["Deadly Poison+1","PiercingWail","Tools of the Trade"],"picked":"SKIP","floor":29},{"not_picked":["Blade Dance+1","Dagger Throw+1","Terror"],"picked":"SKIP","floor":31},{"not_picked":["Bullet Time","Envenom"],"picked":"After Image","floor":33},{"not_picked":["Cloak And Dagger+1","Backflip+1","Blade Dance+1"],"picked":"SKIP","floor":35},{"not_picked":["Bane+1","Masterful Stab+1","Concentrate+1"],"picked":"SKIP","floor":37},{"not_picked":["testmod-PulseDistributor","testmod-ConditionedReflex"],"picked":"Master of Strategy","floor":39},{"not_picked":["hexamod:ThermalTransfer+1","bronze:Constructor+1","bronze:Overheat+1"],"picked":"Singing Bowl","floor":40},{"not_picked":["hexamod:FastForward+1","Blur+1","hexamod:Rewind+1"],"picked":"Singing Bowl","floor":41},{"not_picked":["hexamod:Again+1","champ:BerserkersShout+1","Outmaneuver+1"],"picked":"Singing Bowl","floor":44},{"not_picked":["bronze:Frontload+1","hexamod:Rewind+1","Thunder Strike+1"],"picked":"Singing Bowl","floor":46},{"not_picked":["Conserve Battery+1","Steam+1","Protect"],"picked":"Singing Bowl","floor":47},{"not_picked":["bronze:GetLatest+1","EmptyBody","Slimebound:PressTheAttack+1"],"picked":"Singing Bowl","floor":51},{"not_picked":["testmod-TemporaryDeletion+1","Bane+1","sneckomod:SoulCleanse"],"picked":"Singing Bowl","floor":52},{"not_picked":["sneckomod:PureSnecko","Guardian:CrystalBeam+1"],"picked":"Flex+1","floor":56}],"player_experience":319522,"relics_obtained":[{"floor":3.0,"key":"Shuriken"},{"floor":4.0,"key":"Centennial Puzzle"},{"floor":5.0,"key":"Girya"},{"floor":6.0,"key":"Blood Vial"},{"floor":9.0,"key":"PreservedInsect"},{"floor":9.0,"key":"Molten Egg 2"},{"floor":12.0,"key":"Pear"},{"floor":20.0,"key":"Red Mask"},{"floor":22,"key":"Lantern"},{"floor":23,"key":"Bottled Lightning"},{"floor":26,"key":"Mummified Hand"},{"floor":29,"key":"Slimebound:StickyStick"},{"floor":30,"key":"BelialBook"},{"floor":30,"key":"hexamod:CandleOfCauterizing"},{"floor":33,"key":"Tough Bandages"},{"floor":35,"key":"Anchor"},{"floor":37,"key":"hexamod:BolsterEngine"},{"floor":40,"key":"Bag of Preparation"},{"floor":43,"key":"testmod-BouquetWithThorns"},{"floor":43,"key":"InkBottle"},{"floor":43,"key":"Happy Flower"},{"floor":44,"key":"AnarchistCookbook"},{"floor":47,"key":"Gambling Chip"},{"floor":51,"key":"paleoftheancients:SoulOfTheWatcher"}],"event_choices":[{"damage_healed":0.0,"max_hp_gain":0.0,"max_hp_loss":0.0,"gold_gain":0.0,"cards_transformed":["Strike_G"],"event_name":"Living Wall","player_choice":"Change","floor":7.0,"gold_loss":0.0,"damage_taken":0.0,"cards_obtained":["Finisher"]},{"damage_healed":0.0,"max_hp_gain":0.0,"max_hp_loss":0.0,"gold_gain":0.0,"event_name":"Shining Light","player_choice":"Entered Light","floor":10.0,"gold_loss":0.0,"damage_taken":15.0,"cards_upgraded":["Dash","Finisher"]},{"damage_healed":0.0,"max_hp_gain":0.0,"max_hp_loss":0.0,"gold_gain":0.0,"event_name":"Masked Bandits","player_choice":"Fought Bandits","floor":20.0,"gold_loss":0.0,"damage_taken":0.0},{"damage_healed":0,"gold_gain":0,"player_choice":"Fight","damage_taken":0,"max_hp_gain":0,"max_hp_loss":0,"event_name":"HidenRoomEvent","floor":30,"gold_loss":0},{"damage_healed":0,"gold_gain":999,"player_choice":"Sell","damage_taken":0,"max_hp_gain":0,"max_hp_loss":0,"event_name":"恩洛斯的盘子","floor":36,"relics_lost":["Pandora\u0027s Box"],"gold_loss":0},{"damage_healed":0,"gold_gain":0,"player_choice":"Memory 1","damage_taken":0,"max_hp_gain":0,"max_hp_loss":0,"event_name":"SensoryStone","floor":39,"gold_loss":0},{"damage_healed":15,"gold_gain":0,"player_choice":"Writhe","damage_taken":0,"max_hp_gain":0,"max_hp_loss":0,"event_name":"Winding Halls","floor":45,"gold_loss":0,"cards_obtained":["Writhe"]},{"damage_healed":0,"gold_gain":0,"player_choice":"Fight","damage_taken":0,"max_hp_gain":0,"max_hp_loss":0,"event_name":"MindBloom","floor":47,"gold_loss":0}],"is_beta":false,"boss_relics":[{"not_picked":["ChampionBelt","Tiny House"],"picked":"testmod-BloodSacrificeSpiritualization"},{"not_picked":[]},{"not_picked":["testmod-CardMagician","testmod-KeyOfTheVoid"],"picked":"Pandora\u0027s Box"},{"not_picked":[]}],"items_purged_floors":[2,21,21,28,34,38,42,42,48,54],"is_endless":false,"potions_floor_spawned":[1,3,5,16,18,23,25,30,40,46,52,56],"ascension_level":-20}}