{"host":"zaw2ll3ecp1xl5l4","time":1611782079,"event":{"mods":["BaseMod","Minty Spire (QoL Compilation)"],"gold_per_floor":[109,284,284,304,304,332,22,22,22,22,22,39,51,63,63,159,159,176,51,65,164,34,53,87,106,106,106,106,135,151,184,184,279,279,297,312,331,358,358,393,319,369,418,451,58,58,58,71,71,71],"floor_reached":51,"language":"POL","playtime":3210,"items_purged":["Strike_G","Strike_G"],"score":938,"play_id":"a8eb2ea3-6d8e-464f-b033-33559aa1141d","local_time":"20210127221439","is_ascension_mode":false,"campfire_choices":[{"data":"Survivor","floor":10.0,"key":"SMITH"},{"data":"Footwork","floor":15,"key":"SMITH"},{"data":"Neutralize","floor":27,"key":"SMITH"},{"floor":32,"key":"REST"},{"data":"Catalyst","floor":47,"key":"SMITH"},{"data":"Adrenaline","floor":49,"key":"SMITH"}],"circlet_count":0,"master_deck":["Defend_G","Defend_G","Defend_G","Defend_G","Defend_G","Survivor+1","Neutralize+1","Dagger Spray","Footwork+1","Crippling Poison","Dash","Deadly Poison","Bouncing Flask","Deflect","Outmaneuver","Adrenaline+1","Eviscerate+1","Doppelganger+1","Deadly Poison+1","Prepared+1","Deflect","Deadly Poison","Bane","Deflect+1","Outmaneuver","Well Laid Plans+1","Footwork+1","Footwork","Corpse Explosion","Catalyst+1","Dodge and Roll+1","Backstab+1","Flash of Steel+1","Flechettes+1","Backflip","Dodge and Roll+1","Outmaneuver","Tools of the Trade+1","Flash of Steel+1","Backflip+1"],"relics":["Ring of the Snake","NeowsBlessing","Mercury Hourglass","Omamori","Membership Card","Matryoshka","Strawberry","PreservedInsect","Astrolabe","Ancient Tea Set","TwistedFunnel","The Courier","Lantern","Molten Egg 2","The Specimen","SlaversCollar","Orichalcum","MealTicket","Medical Kit","Gambling Chip","Vajra","Question Card","Frozen Egg 2","InkBottle","Mango"],"acts_visited":["TheCity","TheBeyond"],"potions_floor_usage":[14,16,16,24,29,33,33,40,50,50,50],"damage_taken":[{"damage":0.0,"enemies":"2 Louse","floor":1.0,"turns":1.0},{"damage":0.0,"enemies":"Jaw Worm","floor":4.0,"turns":1.0},{"damage":0.0,"enemies":"Lagavulin","floor":6.0,"turns":1.0},{"damage":0.0,"enemies":"Cultist","floor":12.0,"turns":3.0},{"damage":0.0,"enemies":"Red Slaver","floor":13.0,"turns":3.0},{"damage":0,"enemies":"Large Slime","floor":14,"turns":6},{"damage":6,"enemies":"The Guardian","floor":16,"turns":9},{"damage":0,"enemies":"Chosen","floor":18,"turns":4},{"damage":5,"enemies":"3 Byrds","floor":20,"turns":4},{"damage":10,"enemies":"3 Cultists","floor":23,"turns":6},{"damage":12,"enemies":"Slavers","floor":24,"turns":5},{"damage":2,"enemies":"Chosen and Byrds","floor":25,"turns":4},{"damage":13,"enemies":"Book of Stabbing","floor":29,"turns":4},{"damage":0,"enemies":"Snecko","floor":30,"turns":5},{"damage":20,"enemies":"Slavers","floor":31,"turns":3},{"damage":9,"enemies":"Collector","floor":33,"turns":6},{"damage":0,"enemies":"3 Shapes","floor":35,"turns":3},{"damage":14,"enemies":"Orb Walker","floor":36,"turns":4},{"damage":0,"enemies":"Transient","floor":37,"turns":5},{"damage":17,"enemies":"Giant Head","floor":40,"turns":8},{"damage":0,"enemies":"Mind Bloom Boss Battle","floor":42,"turns":6},{"damage":0,"enemies":"Nemesis","floor":44,"turns":7},{"damage":0,"enemies":"3 Darklings","floor":48,"turns":3},{"damage":27,"enemies":"Donu and Deca","floor":50,"turns":7}],"seed_played":"3483944258215956712","potions_obtained":[{"floor":1.0,"key":"GhostInAJar"},{"floor":4.0,"key":"DuplicationPotion"},{"floor":13.0,"key":"Swift Potion"},{"floor":14,"key":"Block Potion"},{"floor":24,"key":"DistilledChaos"},{"floor":30,"key":"BlessingOfTheForge"},{"floor":31,"key":"Explosive Potion"},{"floor":35,"key":"FearPotion"},{"floor":37,"key":"Dexterity Potion"},{"floor":44,"key":"LiquidBronze"},{"floor":46,"key":"Block Potion"}],"is_trial":false,"path_per_floor":["M","?","?","M","T","E","$","?","T","R","$","M","M","M","R","B",null,"M","$","M","?","$","M","E","M","T","R","?","E","M","E","R","B",null,"M","M","M","T","?","E","$","?","T","E","$","?","R","M","R","B",null],"character_chosen":"THE_SILENT","items_purchased":["Dash","Deadly Poison","Membership Card","Ancient Tea Set","TwistedFunnel","Deadly Poison","Bane","Backflip","Medical Kit","Frozen Egg 2","InkBottle","Mango","Tools of the Trade+1","Flash of Steel+1"],"campfire_rested":1,"item_purchase_floors":[7,7,7,19,22,22,22,41,41,45,45,45,45,45],"current_hp_per_floor":[70,70,63,63,63,63,63,63,70,70,70,70,70,70,70,64,77,77,77,72,72,72,62,50,48,48,48,48,35,35,15,38,29,77,77,63,63,63,63,46,61,61,61,61,90,90,90,90,90,63],"gold":71,"neow_bonus":"THREE_ENEMY_KILL","is_daily":false,"chose_seed":false,"campfire_upgraded":5,"win_rate":0.0,"timestamp":1611782079,"path_taken":["M","?","?","M","?","E","$","?","T","R","?","M","M","M","R","BOSS","M","$","M","?","$","M","E","M","T","R","?","E","M","E","R","BOSS","M","M","?","?","?","E","$","?","T","E","$","?","R","?","R","BOSS"],"items_purchased_type":["Card","Card","Relic","Relic","Relic","Card","Card","Card","Relic","Relic","Relic","Relic","Card","Card"],"build_version":"2020-12-22","purchased_purges":2,"victory":true,"max_hp_per_floor":[70,70,70,70,70,70,70,70,77,77,77,77,77,77,77,77,77,77,77,77,77,77,77,77,77,77,77,77,77,77,77,77,77,77,77,77,77,77,77,77,77,77,77,77,91,91,91,91,91,91],"card_choices":[{"not_picked":["Eviscerate","Flying Knee"],"picked":"Dagger Spray","floor":1.0},{"not_picked":["Sucker Punch","Poisoned Stab"],"picked":"Footwork","floor":4.0},{"not_picked":["Setup","Flying Knee"],"picked":"Crippling Poison","floor":6.0},{"not_picked":["Dagger Throw","Dagger Spray"],"picked":"Bouncing Flask","floor":12.0},{"not_picked":["Slice","Cloak And Dagger"],"picked":"Deflect","floor":13.0},{"not_picked":["Unload","Underhanded Strike"],"picked":"Outmaneuver","floor":14},{"not_picked":["A Thousand Cuts","Grand Finale"],"picked":"Adrenaline","floor":16},{"not_picked":["All Out Attack","Predator"],"picked":"Prepared+1","floor":18},{"not_picked":["Dagger Throw","Blade Dance"],"picked":"Deflect","floor":20},{"not_picked":["Bouncing Flask","Dagger Spray"],"picked":"Deflect+1","floor":23},{"not_picked":["Crippling Poison","Venomology"],"picked":"Outmaneuver","floor":24},{"not_picked":["Distraction","Noxious Fumes+1"],"picked":"Well Laid Plans+1","floor":25},{"not_picked":["Poisoned Stab+1","Deflect"],"picked":"Footwork+1","floor":29},{"not_picked":["Sucker Punch+1","Quick Slash+1"],"picked":"Footwork","floor":30},{"not_picked":["Terror","Setup","Acrobatics"],"picked":"SKIP","floor":31},{"not_picked":["Night Terror","After Image"],"picked":"Corpse Explosion","floor":33},{"not_picked":["Cloak And Dagger+1","Prepared+1"],"picked":"Catalyst","floor":35},{"not_picked":["Outmaneuver","Slice+1"],"picked":"Dodge and Roll+1","floor":36},{"not_picked":["Blade Dance+1","Sucker Punch+1"],"picked":"Backstab+1","floor":37},{"not_picked":["Magnetism","Thinking Ahead"],"picked":"Flash of Steel+1","floor":39},{"not_picked":["Well Laid Plans+1","Leg Sweep"],"picked":"Flechettes+1","floor":40},{"not_picked":["Dagger Spray+1","Setup"],"picked":"Dodge and Roll+1","floor":42},{"not_picked":["Venomology","Backstab+1"],"picked":"Outmaneuver","floor":44},{"not_picked":["Sucker Punch+1","Deflect","Distraction"],"picked":"Backflip+1","floor":48}],"player_experience":190056,"relics_obtained":[{"floor":5.0,"key":"Mercury Hourglass"},{"floor":6.0,"key":"Omamori"},{"floor":9.0,"key":"Strawberry"},{"floor":9.0,"key":"PreservedInsect"},{"floor":24,"key":"The Courier"},{"floor":26,"key":"Lantern"},{"floor":29,"key":"Molten Egg 2"},{"floor":31,"key":"The Specimen"},{"floor":38,"key":"Orichalcum"},{"floor":40,"key":"MealTicket"},{"floor":42,"key":"Gambling Chip"},{"floor":43,"key":"Vajra"},{"floor":44,"key":"Question Card"}],"event_choices":[{"damage_healed":0.0,"max_hp_gain":0.0,"max_hp_loss":0.0,"gold_gain":175.0,"event_name":"Liars Game","player_choice":"AGREE","floor":2.0,"gold_loss":0.0,"damage_taken":0.0,"cards_obtained":["Doubt"]},{"cards_removed":["Doubt"],"damage_healed":0.0,"max_hp_gain":0.0,"max_hp_loss":0.0,"gold_gain":0.0,"event_name":"Golden Wing","player_choice":"Card Removal","floor":3.0,"gold_loss":0.0,"damage_taken":7.0},{"damage_healed":0.0,"max_hp_gain":0.0,"max_hp_loss":0.0,"gold_gain":0.0,"event_name":"Big Fish","player_choice":"Box","floor":8.0,"gold_loss":0.0,"damage_taken":0.0,"relics_obtained":["Matryoshka"],"cards_obtained":["Regret"]},{"damage_healed":0,"gold_gain":99,"player_choice":"Stole From Cult","damage_taken":0,"max_hp_gain":0,"max_hp_loss":0,"event_name":"Nest","floor":21,"gold_loss":0},{"damage_healed":0,"gold_gain":0,"player_choice":"Ignored","damage_taken":0,"max_hp_gain":0,"max_hp_loss":0,"event_name":"NoteForYourself","floor":28,"gold_loss":0},{"damage_healed":0,"gold_gain":0,"player_choice":"Memory 1","damage_taken":0,"max_hp_gain":0,"max_hp_loss":0,"event_name":"SensoryStone","floor":39,"gold_loss":0},{"damage_healed":0,"gold_gain":0,"player_choice":"Fight","damage_taken":0,"max_hp_gain":0,"max_hp_loss":0,"event_name":"MindBloom","floor":42,"gold_loss":0},{"damage_healed":0,"gold_gain":0,"player_choice":"Got Potions","damage_taken":0,"max_hp_gain":0,"max_hp_loss":0,"event_name":"Lab","floor":46,"gold_loss":0}],"is_beta":false,"boss_relics":[{"not_picked":["HoveringKite","WristBlade"],"picked":"Astrolabe"},{"not_picked":["Runic Dome","Cursed Key"],"picked":"SlaversCollar"}],"items_purged_floors":[7,19],"is_endless":false,"potions_floor_spawned":[1,4,13,14,24,30,31,35,37,44],"ascension_level":0}}