{"host":"qxeepl7ydvsgmfdb","time":1611722370,"event":{"mods":["AchievementEnabler","BaseMod","Colored Powertips","Minty Spire (QoL Compilation)","Quick Restart","slay the spire mod where everything is the same but ironclad has a cowboy hat"],"gold_per_floor":[113,113,113,62,12,41,41,51,51,51,80,94,94,94,94],"floor_reached":14,"language":"ENG","playtime":215,"items_purged":[],"score":188,"play_id":"f6839096-be65-4f23-9d1d-5d843b504882","local_time":"20210126233930","is_ascension_mode":true,"campfire_choices":[{"data":"Deadly Poison","floor":7,"key":"SMITH"},{"data":"Poisoned Stab","floor":10,"key":"SMITH"}],"circlet_count":0,"master_deck":["AscendersBane","Strike_G+1","Strike_G","Strike_G","Defend_G","Defend_G","Defend_G","Defend_G","Defend_G","Survivor","Neutralize","Poisoned Stab","Deadly Poison+1","Deflect+1","Poisoned Stab+1","Cloak And Dagger","Poisoned Stab"],"relics":["Ring of the Snake","NeowsBlessing","Prayer Wheel","Tingsha","Blood Vial"],"acts_visited":["Exordium"],"potions_floor_usage":[11],"damage_taken":[{"damage":0,"enemies":"Small Slimes","floor":1,"turns":1},{"damage":0,"enemies":"3 Sentries","floor":6,"turns":2},{"damage":0,"enemies":"Jaw Worm","floor":8,"turns":1},{"damage":24,"enemies":"Lagavulin","floor":11,"turns":5},{"damage":0,"enemies":"2 Louse","floor":12,"turns":2},{"damage":23,"enemies":"3 Sentries","floor":14,"turns":6}],"seed_played":"4711541507554858215","potions_obtained":[{"floor":1,"key":"LiquidMemories"}],"is_trial":false,"path_per_floor":["M","$","?","$","?","E","R","M","T","R","E","M","?","E"],"character_chosen":"THE_SILENT","items_purchased":["Poisoned Stab"],"campfire_rested":0,"item_purchase_floors":[4],"current_hp_per_floor":[63,63,56,56,56,56,56,56,56,56,32,34,20,0,0],"gold":94,"neow_bonus":"THREE_ENEMY_KILL","is_daily":false,"chose_seed":false,"campfire_upgraded":2,"win_rate":0.0,"timestamp":1611722370,"path_taken":["M","$","?","$","?","E","R","M","T","R","E","?","?","E"],"items_purchased_type":["Card"],"build_version":"2020-12-22","purchased_purges":0,"victory":false,"max_hp_per_floor":[70,70,70,70,70,70,70,70,70,70,70,70,70,70,70],"card_choices":[{"not_picked":["Well Laid Plans","Backflip","Quick Slash"],"picked":"SKIP","floor":1},{"not_picked":["Flying Knee","PiercingWail"],"picked":"Deadly Poison","floor":6},{"not_picked":["Endless Agony","Finisher"],"picked":"Deflect","floor":8},{"not_picked":["Prepared","Deadly Poison"],"picked":"Poisoned Stab","floor":8},{"not_picked":["Accuracy","Sucker Punch","Burst"],"picked":"SKIP","floor":11},{"not_picked":["Flechettes","Flying Knee"],"picked":"Cloak And Dagger","floor":12},{"not_picked":["Leg Sweep","Flying Knee"],"picked":"Poisoned Stab","floor":12}],"player_experience":227543,"relics_obtained":[{"floor":6,"key":"Prayer Wheel"},{"floor":9,"key":"Tingsha"},{"floor":11,"key":"Blood Vial"}],"event_choices":[{"cards_removed":["Strike_G"],"damage_healed":0,"gold_gain":0,"player_choice":"Card Removal","damage_taken":7,"max_hp_gain":0,"max_hp_loss":0,"event_name":"Golden Wing","floor":3,"gold_loss":0},{"cards_removed":["Strike_G"],"damage_healed":0,"gold_gain":0,"player_choice":"Card Removal","damage_taken":0,"max_hp_gain":0,"max_hp_loss":0,"event_name":"The Cleric","floor":5,"gold_loss":50},{"damage_healed":0,"gold_gain":0,"player_choice":"Entered Light","damage_taken":14,"max_hp_gain":0,"max_hp_loss":0,"event_name":"Shining Light","floor":13,"gold_loss":0,"cards_upgraded":["Strike_G","Deflect"]}],"is_beta":false,"boss_relics":[],"items_purged_floors":[],"is_endless":false,"potions_floor_spawned":[1],"killed_by":"3 Sentries","ascension_level":11}}