{"host":"9xv6exvwmlpefxuw","time":1611756155,"event":{"mods":["ATMod(阿瑾Mod)","AchievementEnabler","Act Like it!","Aspiration","BaseMod","Chen","Colored Powertips","Conspire","Downfall","Friendly Minions","Gensokyo","GifTheSpireLib","KinomotoSakuraMod(木之本樱)","Koishi","KomeijiMod","Lobotomy","LobotomyExtend","Marisa（F雨　魔理沙）","Minty Spire (QoL Compilation)","MostiFishMod","Pale of the Ancients","Rare Cards Sparkle","Reimu（博丽灵梦）","Remilia_Scarlet Moed（蕾米莉亚・斯卡雷特）3.3.5","Remilia（蕾米莉亚）","RumiaBox-露米娅的神秘盒子","StSLib","The Administrix","The Mystic","The Servant 0.9.4","WarShipGirlsR/战舰少女R mod","Yakumo Yukari mod","Youmu（魂魄妖梦）","Yuyuko","[IsaacMod]以撒尖塔","[功能]功能增强和修复MOD","【功能Mod】混沌之环修复补丁","【遗物卡牌】REMEMod"],"gold_per_floor":[111,286,81,81,181,208,97,122,145,176,30,46,76,103,103,202,202,216,228,113,127,127,157,157,189,189,219,91,108,135,135,135,238,238,250,262,362,374,374,406,406,434,507,532,532,557,0,0],"floor_reached":47,"language":"ZHS","playtime":10953,"items_purged":["Defend_B","Defend_B","Defend_B","Defend_B","Doubt","Redo","Strike_B","Strike_B"],"score":1196,"play_id":"bfd64fd7-f8a7-450c-8274-8e02bea56c8b","local_time":"20210127220235","is_ascension_mode":true,"campfire_choices":[{"floor":15,"key":"RECALL"},{"data":"Swift Strike","floor":24,"key":"SMITH"}],"circlet_count":0,"master_deck":["Strike_B","Strike_B","Zap","Dualcast","EpicFetus+1","sneckomod:Restock","Swift Strike+1","Defragment","REME_WheelOfFate+1","Beam Cell","Streamline","aspiration:Polymerization","Capacitor","Cold Snap+1","Fusion","MostiFishMod:StrandedSiren","downfall:Haunted","Parasite","Wraith","RemiliaMod:PLY","RemiliaMod:PLY"],"relics":["FrozenCore","AT_ATBox","HushsDoor","REME_ComplimentaryCards","DaveBox","PatriotShield","GuppysHead","SynthV:TestCard","Thread and Needle","AT_GoldPhoenixTree","TheBattery","DaCapo","Kunai","Mastiff:ReiMu","Technique","KyoryuNoHagoromo","Shuriken","aspiration:SeaSaltIceCream","DaveBox","AT_ForceNature","Dodecahedron","ChiXiaoBlade","Nunchaku","Lantern","AT_TrinityForce","AT_RedTearstoneRing","AT_Kusabimaru","HandDrill","Happy Flower","Pen Nib","Pantograph","Art of War","MoreBug","Anchor","Toolbox","AT_BellowingDragoncrestRing","GuppysTail","Darkstone Periapt","SentryEyes","conspire:InfiniteJournal","aspiration:FrozenJewel","CrazyTorch:ReiMu","Blue Candle","conspire:TopHat","aspiration:HiddenCompartment"],"acts_visited":["Exordium","TheCity","TheBeyond"],"potions_floor_usage":[],"damage_taken":[{"damage":0,"enemies":"2 Louse","floor":1,"turns":2},{"damage":3,"enemies":"Lagavulin","floor":6,"turns":5},{"damage":0,"enemies":"Gremlin Nob","floor":8,"turns":3},{"damage":0,"enemies":"Lagavulin","floor":10,"turns":3},{"damage":0,"enemies":"Jaw Worm","floor":12,"turns":1},{"damage":0,"enemies":"3 Sentries","floor":13,"turns":2},{"damage":0,"enemies":"conspire:MimicChest","floor":14,"turns":2},{"damage":0,"enemies":"Hexaghost","floor":16,"turns":3},{"damage":0,"enemies":"Spheric Guardian","floor":18,"turns":1},{"damage":0,"enemies":"Chosen","floor":19,"turns":1},{"damage":0,"enemies":"3 Cultists","floor":21,"turns":2},{"damage":0,"enemies":"Slavers","floor":23,"turns":1},{"damage":0,"enemies":"Gremlin Leader","floor":25,"turns":2},{"damage":0,"enemies":"Book of Stabbing","floor":27,"turns":1},{"damage":0,"enemies":"Snecko","floor":29,"turns":1},{"damage":0,"enemies":"Slavers","floor":30,"turns":2},{"damage":0,"enemies":"Champ","floor":33,"turns":3},{"damage":0,"enemies":"Orb Walker","floor":35,"turns":1},{"damage":0,"enemies":"3 Shapes","floor":36,"turns":2},{"damage":0,"enemies":"Jaw Worm Horde","floor":38,"turns":1},{"damage":0,"enemies":"Reptomancer","floor":40,"turns":2},{"damage":0,"enemies":"Giant Head","floor":42,"turns":1},{"damage":0,"enemies":"Reptomancer","floor":44,"turns":2},{"damage":0,"enemies":"Giant Head","floor":46,"turns":1},{"damage":2147475330,"enemies":"Remilia_Byz","floor":47,"turns":32}],"seed_played":"5510852252456227518","potions_obtained":[{"floor":8,"key":"Block Potion"},{"floor":8,"key":"DuplicationPotion"},{"floor":12,"key":"SneckoOil"}],"is_trial":false,"path_per_floor":["M","?","$","?","?","E","$","E","T","E","$","M","E","?","R","B",null,"M","M","$","M","?","E","R","E","T","E","$","M","E","?","R","B",null,"M","M","?","M","T","E","?","E","T","E","?","E","?"],"character_chosen":"DEFECT","items_purchased":["Thread and Needle","AT_GoldPhoenixTree","TheBattery","REME_WheelOfFate","Kunai","Mastiff:ReiMu","Technique","aspiration:SeaSaltIceCream","Redo","AT_ForceNature","Dodecahedron","AT_RedTearstoneRing","AT_Kusabimaru","HandDrill","MoreBug","Anchor","Toolbox","GuppysTail"],"campfire_rested":0,"item_purchase_floors":[3,3,3,3,7,7,7,11,11,11,11,20,20,20,28,28,28,34],"current_hp_per_floor":[75,75,75,75,75,72,72,72,72,72,72,72,72,72,72,72,75,75,75,75,75,75,75,75,75,75,75,75,75,75,75,75,75,65,65,65,83,83,83,83,83,83,83,83,89,89,0,0],"gold":0,"neow_bonus":"RANDOM_COLORLESS","is_daily":false,"chose_seed":false,"campfire_upgraded":1,"win_rate":0.0,"timestamp":1611756155,"path_taken":["M","?","$","?","?","E","$","E","T","E","$","M","E","?","R","BOSS","M","M","$","M","?","E","R","E","T","E","$","M","E","?","R","BOSS","M","M","?","?","?","E","?","E","T","E","?","E","?"],"items_purchased_type":["Relic","Relic","Relic","Card","Relic","Relic","Relic","Relic","Card","Relic","Relic","Relic","Relic","Relic","Relic","Relic","Relic","Relic"],"build_version":"2020-12-22","purchased_purges":8,"victory":false,"max_hp_per_floor":[75,75,75,75,75,75,75,75,75,75,75,75,75,75,75,75,75,75,75,75,75,75,75,75,75,75,75,75,75,75,75,75,75,65,65,65,83,83,83,83,83,83,83,83,89,89,89,89],"card_choices":[{"not_picked":[],"picked":"EpicFetus","floor":0},{"not_picked":["Purity","PreThought"],"picked":"Swift Strike","floor":0},{"not_picked":["Barrage","Go for the Eyes"],"picked":"Defragment","floor":1},{"not_picked":["AT_RobotInSpace","Barrage","Redo","Compile Driver"],"picked":"Beam Cell","floor":5},{"not_picked":["Leap","MostiFishMod:Prepare","AT_HeatAcrobatics","Rip and Tear"],"picked":"Streamline","floor":6},{"not_picked":["Lockon","Leap","Auto Shields","Conserve Battery"],"picked":"aspiration:Polymerization","floor":8},{"not_picked":["Ball Lightning","MostiFishMod:ReprogramOld","Lockon","Rip and Tear","Leap"],"picked":"SKIP","floor":10},{"not_picked":["Biased Cognition","Ball Lightning","Hologram","Streamline","Coolheaded"],"picked":"SKIP","floor":12},{"not_picked":["Self Repair","Chill","Loop","Go for the Eyes"],"picked":"Capacitor","floor":13},{"not_picked":["Beam Cell+1","conspire:SharedLibrary","Go for the Eyes","Gash+1","Rebound"],"picked":"SKIP","floor":18},{"not_picked":["Undo+1","Darkness","Steam","MostiFishMod:LinkProtocol"],"picked":"Cold Snap+1","floor":19},{"not_picked":["Chill","Genetic Algorithm","Distribution","Beam Cell","AT_RobotInSpace"],"picked":"SKIP","floor":21},{"not_picked":["Double Energy","MostiFishMod:Impulse+1","Compile Driver","Leap+1","Glacier"],"picked":"SKIP","floor":23},{"not_picked":["AT_EMC2","Static Discharge","Conserve Battery","Barrage","Cold Snap"],"picked":"SKIP","floor":25},{"not_picked":["MostiFishMod:TalkingToTheRain","Compile Driver+1","Static Discharge","MostiFishMod:PushDownKick+1","Sweeping Beam+1"],"picked":"SKIP","floor":27},{"not_picked":["Tempest","Steam Power","Pulse","Coolheaded"],"picked":"Fusion","floor":29},{"not_picked":["AT_EMC2","Barrage","Glacier","Leap","Auto Shields+1"],"picked":"SKIP","floor":30},{"not_picked":["MostiFishMod:Tomorrow","MostiFishMod:IceShield","MostiFishMod:Overload","MostiFishMod:TalkingToTheRain"],"picked":"MostiFishMod:StrandedSiren","floor":33},{"not_picked":["AT_HeatAcrobatics","Melter+1","MostiFishMod:GatherIntelligence+1","Streamline","Sweeping Beam+1"],"picked":"SKIP","floor":35},{"not_picked":["Cold Snap+1","Beam Cell+1","AT_EMC2+1","Streamline","AT_RobotInSpace+1"],"picked":"SKIP","floor":36},{"not_picked":["REME_Compress+1","Rebound+1","Redo+1","MostiFishMod:StrandedSiren","White Noise+1"],"picked":"SKIP","floor":38},{"not_picked":["Sunder","Compile Driver+1","Rebound","Glacier","Blizzard+1"],"picked":"SKIP","floor":40},{"not_picked":["Fusion","Leap+1","Capacitor+1","Reinforced Body","Streamline"],"picked":"SKIP","floor":42},{"not_picked":["Gash","Steam+1","Compile Driver+1","AT_HeatAcrobatics","Ball Lightning"],"picked":"SKIP","floor":44},{"not_picked":["Streamline+1","Sweeping Beam","MostiFishMod:Hijack","MostiFishMod:DeathFromBelow","Conserve Battery"],"picked":"SKIP","floor":46}],"player_experience":172595,"relics_obtained":[{"floor":1,"key":"SynthV:TestCard"},{"floor":6,"key":"DaCapo"},{"floor":8,"key":"KyoryuNoHagoromo"},{"floor":10,"key":"Shuriken"},{"floor":13,"key":"Nunchaku"},{"floor":14,"key":"Lantern"},{"floor":23,"key":"Happy Flower"},{"floor":25,"key":"Pen Nib"},{"floor":26,"key":"Pantograph"},{"floor":27,"key":"Art of War"},{"floor":30,"key":"AT_BellowingDragoncrestRing"},{"floor":39,"key":"SentryEyes"},{"floor":40,"key":"conspire:InfiniteJournal"},{"floor":42,"key":"aspiration:FrozenJewel"},{"floor":43,"key":"CrazyTorch:ReiMu"},{"floor":44,"key":"Blue Candle"},{"floor":46,"key":"conspire:TopHat"}],"event_choices":[{"damage_healed":0,"gold_gain":175,"player_choice":"AGREE","damage_taken":0,"max_hp_gain":0,"max_hp_loss":0,"event_name":"Liars Game","floor":2,"gold_loss":0,"cards_obtained":["Doubt"]},{"damage_healed":0,"gold_gain":0,"player_choice":"Ignored","damage_taken":0,"max_hp_gain":0,"max_hp_loss":0,"event_name":"Vampires","floor":22,"gold_loss":0},{"damage_healed":0,"gold_gain":0,"player_choice":"Ignored","damage_taken":0,"max_hp_gain":0,"max_hp_loss":0,"event_name":"OrinTheCat","floor":45,"gold_loss":0}],"is_beta":false,"boss_relics":[{"not_picked":["OneHitWonderSystem","MostiFishMod:Hod"],"picked":"AT_TrinityForce"},{"not_picked":[]},{"not_picked":["Runic Dome","conspire:SlowCooker"],"picked":"FrozenCore"},{"not_picked":[]}],"items_purged_floors":[3,3,3,3,11,11,28,28],"is_endless":false,"potions_floor_spawned":[6,8,8,10,12,13,16,18,18,19,25,27,29,29,33,35,40,40,42,46],"killed_by":"Remilia_Byz","ascension_level":1}}