{"host":"8u7tvcybuv0u72fd","time":1611727701,"event":{"mods":["BaseMod","BetterRewards","Colored Map","Colored Powertips","Minty Spire (QoL Compilation)","Quick Restart","Shop Mod"],"gold_per_floor":[115,129,143,143,155,186,186,201,201,201,234,86,86,99,99,199,199,214,214,225,242,256,256,256,256,256,275,275,293,323,41,41,144,144,161,175,175,195,245,276,276,293,318,318,336,336,388,388,388,388,388,388,8,39,39],"floor_reached":56,"language":"ENG","playtime":2824,"items_purged":["Strike_R","Strike_R"],"score":1459,"play_id":"0aad2748-4ab2-4fc3-a93f-6417887fe388","local_time":"20210127010821","is_ascension_mode":false,"campfire_choices":[{"data":"Body Slam","floor":7.0,"key":"SMITH"},{"data":"Bash","floor":13.0,"key":"SMITH"},{"data":"Rampage","floor":15.0,"key":"SMITH"},{"data":"Dramatic Entrance","floor":23.0,"key":"SMITH"},{"data":"Defend_R","floor":25.0,"key":"SMITH"},{"data":"Defend_R","floor":28.0,"key":"SMITH"},{"data":"Disarm","floor":32,"key":"SMITH"},{"floor":41,"key":"RECALL"},{"floor":49,"key":"REST"},{"floor":52,"key":"REST"}],"circlet_count":0,"master_deck":["Strike_R","Strike_R","Defend_R+1","Defend_R+1","Defend_R","Bash+1","Dramatic Entrance+1","Body Slam+1","Headbutt","Rampage+1","Battle Trance","Juggernaut+1","Pommel Strike+1","Iron Wave+1","Metallicize+1","Disarm+1","Offering","Shrug It Off+1","Swift Strike","Uppercut+1","Double Tap+1","Metallicize+1"],"relics":["Burning Blood","Pen Nib","Self Forming Clay","Frozen Egg 2","TheAbacus","Happy Flower","Eternal Feather","Calipers","MealTicket","SacredBark","Pantograph","Ornamental Fan","Tiny Chest","Kunai","Fusion Hammer","StoneCalendar","Toxic Egg 2","Molten Egg 2","Bird Faced Urn","Mercury Hourglass","Dead Branch"],"acts_visited":["TheCity","TheBeyond","TheEnding"],"potions_floor_usage":[55,55,55],"damage_taken":[{"damage":5.0,"enemies":"Small Slimes","floor":1.0,"turns":2.0},{"damage":0.0,"enemies":"Cultist","floor":2.0,"turns":2.0},{"damage":1.0,"enemies":"Jaw Worm","floor":3.0,"turns":3.0},{"damage":2.0,"enemies":"Exordium Thugs","floor":5.0,"turns":5.0},{"damage":3.0,"enemies":"Lagavulin","floor":6.0,"turns":5.0},{"damage":8.0,"enemies":"Red Slaver","floor":8.0,"turns":2.0},{"damage":0.0,"enemies":"Gremlin Nob","floor":11.0,"turns":2.0},{"damage":0.0,"enemies":"2 Fungi Beasts","floor":14.0,"turns":2.0},{"damage":34.0,"enemies":"Hexaghost","floor":16.0,"turns":6.0},{"damage":10.0,"enemies":"Chosen","floor":18.0,"turns":3.0},{"damage":5.0,"enemies":"Spheric Guardian","floor":20.0,"turns":3.0},{"damage":0.0,"enemies":"3 Cultists","floor":21.0,"turns":3.0},{"damage":16.0,"enemies":"Snake Plant","floor":22.0,"turns":2.0},{"damage":14.0,"enemies":"Centurion and Healer","floor":27.0,"turns":4.0},{"damage":7.0,"enemies":"Chosen and Byrds","floor":29.0,"turns":3.0},{"damage":14,"enemies":"Gremlin Leader","floor":30,"turns":5},{"damage":54,"enemies":"Collector","floor":33,"turns":8},{"damage":6,"enemies":"3 Shapes","floor":35,"turns":3},{"damage":3,"enemies":"Orb Walker","floor":36,"turns":3},{"damage":6,"enemies":"Jaw Worm Horde","floor":38,"turns":2},{"damage":6,"enemies":"Mind Bloom Boss Battle","floor":39,"turns":3},{"damage":6,"enemies":"Reptomancer","floor":40,"turns":5},{"damage":6,"enemies":"Spire Growth","floor":42,"turns":3},{"damage":6,"enemies":"Transient","floor":45,"turns":5},{"damage":26,"enemies":"2 Orb Walkers","floor":47,"turns":4},{"damage":17,"enemies":"Awakened One","floor":50,"turns":11},{"damage":25,"enemies":"Shield and Spear","floor":54,"turns":4},{"damage":24,"enemies":"The Heart","floor":55,"turns":8}],"seed_played":"-2707152445881616958","potions_obtained":[{"floor":5.0,"key":"LiquidMemories"},{"floor":8.0,"key":"SkillPotion"},{"floor":11.0,"key":"Dexterity Potion"},{"floor":14.0,"key":"BlessingOfTheForge"},{"floor":20.0,"key":"Energy Potion"},{"floor":21.0,"key":"AttackPotion"},{"floor":22.0,"key":"Weak Potion"},{"floor":30,"key":"DuplicationPotion"},{"floor":36,"key":"BloodPotion"}],"is_trial":false,"path_per_floor":["M","M","M","?","M","E","R","M","T","?","E","$","R","M","R","B",null,"M","?","M","M","M","R","?","R","T","M","R","M","E","$","R","B",null,"M","M","$","M","?","E","R","M","T","?","M","T","?","?","R","B",null,"R","$","E","B",null],"character_chosen":"IRONCLAD","items_purchased":["Pen Nib","Self Forming Clay","Frozen Egg 2","Dramatic Entrance","Body Slam","Explosive Potion","TheAbacus","Weak Potion","Weak Potion","MealTicket","Kunai","Disarm","Double Tap+1","Mercury Hourglass"],"campfire_rested":2,"item_purchase_floors":[0,0,0,0,0,0,0,0,0,12,31,31,53,53],"current_hp_per_floor":[33,39,44,44,48,51,51,49,49,49,55,55,61,67,73,45,80,76,76,77,80,70,76,76,80,80,72,78,77,69,80,80,32,80,80,80,80,80,80,80,80,80,80,80,80,80,60,60,80,73,80,80,80,65,80],"gold":39,"neow_bonus":"","is_daily":false,"chose_seed":false,"campfire_upgraded":7,"win_rate":0.0,"timestamp":1611727701,"path_taken":["M","M","M","?","M","E","R","?","T","?","E","$","R","M","R","BOSS","M","?","?","M","M","R","?","R","T","?","R","M","E","$","R","BOSS","M","M","$","M","?","E","R","M","T","?","?","?","?","?","R","BOSS","R","$","E","BOSS"],"items_purchased_type":["Relic","Relic","Relic","Card","Card","Potion","Relic","Potion","Potion","Relic","Relic","Card","Card","Relic"],"build_version":"2020-12-22","purchased_purges":2,"victory":true,"max_hp_per_floor":[80,80,80,80,80,80,80,80,80,80,80,80,80,80,80,80,80,80,80,80,80,80,80,80,80,80,80,80,80,80,80,80,80,80,80,80,80,80,80,80,80,80,80,80,80,80,80,80,80,80,80,80,80,80,80],"card_choices":[{"not_picked":["Sword Boomerang","Pommel Strike"],"picked":"Headbutt","floor":1.0},{"not_picked":["Thunderclap","Twin Strike"],"picked":"Rampage","floor":2.0},{"not_picked":["Intimidate","Headbutt","Body Slam"],"picked":"SKIP","floor":3.0},{"not_picked":["Dropkick","Cleave","Clash"],"picked":"SKIP","floor":5.0},{"not_picked":["Infernal Blade","Ghostly Armor","Corruption+1"],"picked":"SKIP","floor":6.0},{"not_picked":["Clash","Anger"],"picked":"Battle Trance","floor":8.0},{"not_picked":["Warcry","Pummel","True Grit"],"picked":"SKIP","floor":11.0},{"not_picked":["Warcry","Metallicize+1","Sword Boomerang"],"picked":"SKIP","floor":14.0},{"not_picked":["Exhume","Double Tap"],"picked":"Juggernaut+1","floor":16.0},{"not_picked":["Pommel Strike","Havoc","Flex"],"picked":"SKIP","floor":18.0},{"not_picked":["Havoc+1","True Grit+1"],"picked":"Pommel Strike+1","floor":20.0},{"not_picked":["Heavy Blade","True Grit","Fiend Fire"],"picked":"SKIP","floor":21.0},{"not_picked":["Twin Strike","Armaments","Second Wind+1"],"picked":"SKIP","floor":22.0},{"not_picked":["Second Wind","Headbutt+1","Thunderclap"],"picked":"SKIP","floor":27.0},{"not_picked":["Double Tap","Intimidate+1"],"picked":"Iron Wave+1","floor":29.0},{"not_picked":["Rampage","Searing Blow"],"picked":"Metallicize+1","floor":30},{"not_picked":["Limit Break","Immolate"],"picked":"Offering","floor":33},{"not_picked":["Flex","Inflame+1","Pommel Strike+1"],"picked":"SKIP","floor":35},{"not_picked":["Pommel Strike","True Grit+1","Clothesline+1"],"picked":"SKIP","floor":36},{"not_picked":["Twin Strike+1","Burning Pact","Clash"],"picked":"SKIP","floor":38},{"not_picked":["Disarm+1","Thunderclap","Dark Embrace+1"],"picked":"SKIP","floor":40},{"not_picked":["Rage+1","Wild Strike"],"picked":"Shrug It Off+1","floor":42},{"not_picked":["Master of Strategy+1","Mind Blast"],"picked":"Swift Strike","floor":44},{"not_picked":["Perfected Strike","Intimidate+1","Headbutt"],"picked":"SKIP","floor":45},{"not_picked":["Bloodletting+1","Reckless Charge+1"],"picked":"Uppercut+1","floor":47},{"not_picked":["Sword Boomerang+1","Pummel+1"],"picked":"Metallicize+1","floor":54}],"player_experience":1425865,"relics_obtained":[{"floor":6.0,"key":"Happy Flower"},{"floor":9.0,"key":"Eternal Feather"},{"floor":11.0,"key":"Calipers"},{"floor":26.0,"key":"Ornamental Fan"},{"floor":30,"key":"Tiny Chest"},{"floor":39,"key":"StoneCalendar"},{"floor":40,"key":"Toxic Egg 2"},{"floor":46,"key":"Molten Egg 2"},{"floor":47,"key":"Bird Faced Urn"},{"floor":54,"key":"Dead Branch"}],"event_choices":[{"damage_healed":0.0,"max_hp_gain":0.0,"max_hp_loss":0.0,"gold_gain":0.0,"event_name":"Transmorgrifier","player_choice":"Ignored","floor":4.0,"gold_loss":0.0,"damage_taken":0.0},{"cards_removed":["Strike_R"],"damage_healed":0.0,"max_hp_gain":0.0,"max_hp_loss":0.0,"gold_gain":0.0,"event_name":"Purifier","player_choice":"Purged","floor":10.0,"gold_loss":0.0,"damage_taken":0.0},{"damage_healed":0.0,"max_hp_gain":0.0,"max_hp_loss":0.0,"gold_gain":0.0,"event_name":"N\u0027loth","player_choice":"Ignored","floor":19.0,"gold_loss":0.0,"damage_taken":0.0},{"damage_healed":0.0,"max_hp_gain":0.0,"max_hp_loss":0.0,"gold_gain":0.0,"event_name":"WeMeetAgain","player_choice":"Gave Potion","floor":24.0,"gold_loss":0.0,"damage_taken":0.0,"relics_obtained":["Pantograph"]},{"damage_healed":0,"gold_gain":0,"player_choice":"Fight","damage_taken":0,"max_hp_gain":0,"max_hp_loss":0,"event_name":"MindBloom","floor":39,"gold_loss":0},{"damage_healed":0,"gold_gain":0,"player_choice":"Memory 1","damage_taken":0,"max_hp_gain":0,"max_hp_loss":0,"event_name":"SensoryStone","floor":44,"gold_loss":0},{"damage_healed":0,"gold_gain":0,"player_choice":"Fight","damage_taken":0,"max_hp_gain":0,"max_hp_loss":0,"event_name":"Mysterious Sphere","floor":47,"gold_loss":0},{"cards_removed":["Defend_R"],"damage_healed":0,"gold_gain":0,"player_choice":"Removed Skill","damage_taken":0,"max_hp_gain":0,"max_hp_loss":0,"event_name":"Falling","floor":48,"gold_loss":0}],"is_beta":false,"boss_relics":[{"not_picked":["Astrolabe","Runic Pyramid"],"picked":"SacredBark"},{"not_picked":["Black Star","Snecko Eye"],"picked":"Fusion Hammer"}],"items_purged_floors":[0,0],"is_endless":false,"potions_floor_spawned":[5,8,11,14,16,20,21,22,30,36,39,45],"ascension_level":0}}