{"host":"vx9g5eyuglzorf3u","time":1611721998,"event":{"mods":["2.2 Compatiblity","BaseMod","DeckTracker","Keyboard Shortcuts","Minty Spire (QoL Compilation)","Relic Stats","StSLib","SuperFastMode","everything is the same but u backflip on backflip"],"gold_per_floor":[15,15,38,52,75,75,113,113,139,155,155,155,188,61,61,151,151,169,119,119,69,85,85,121,146,173,235,268,280,315,327,339,440,452,480,270,288,238,258,258,297,318,318,341,341,149,164,164,164,164,164,164],"floor_reached":51,"language":"KOR","playtime":1811,"items_purged":["Strike_P","Strike_P","Defend_P","Defend_P","Strike_P","FollowUp"],"score":1614,"play_id":"6fb7d2b4-a31e-4019-bca2-e020664b3db5","local_time":"20210127133318","is_ascension_mode":true,"campfire_choices":[{"data":"Eruption","floor":6.0,"key":"SMITH"},{"data":"Adaptation","floor":15.0,"key":"SMITH"},{"data":"EmptyMind","floor":23.0,"key":"SMITH"},{"data":"Omniscience","floor":32.0,"key":"SMITH"},{"floor":40.0,"key":"RECALL"},{"data":"Scrawl","floor":49.0,"key":"SMITH"}],"circlet_count":0,"master_deck":["AscendersBane","Eruption+1","Vigilance","EmptyFist","Adaptation+1","InnerPeace","Omniscience+1","FearNoEvil","EmptyMind+1","Scrawl+1","Master of Strategy"],"relics":["PureWater","Golden Idol","Smiling Mask","Lantern","Gremlin Horn","PreservedInsect","Nunchaku","MawBank","Runic Pyramid","Membership Card","FossilizedHelix","Ornamental Fan"],"acts_visited":["Exordium","TheCity","TheBeyond"],"potions_floor_usage":[51],"damage_taken":[{"damage":0.0,"enemies":"2 Louse","floor":1.0,"turns":3.0},{"damage":2.0,"enemies":"Jaw Worm","floor":3.0,"turns":4.0},{"damage":0.0,"enemies":"Cultist","floor":4.0,"turns":3.0},{"damage":0.0,"enemies":"Exordium Thugs","floor":5.0,"turns":3.0},{"damage":5.0,"enemies":"3 Sentries","floor":7.0,"turns":5.0},{"damage":0.0,"enemies":"Blue Slaver","floor":10.0,"turns":2.0},{"damage":8.0,"enemies":"Gremlin Nob","floor":13.0,"turns":3.0},{"damage":38.0,"enemies":"Hexaghost","floor":16.0,"turns":9.0},{"damage":24.0,"enemies":"Shell Parasite","floor":18.0,"turns":4.0},{"damage":4.0,"enemies":"3 Byrds","floor":22.0,"turns":2.0},{"damage":13.0,"enemies":"Book of Stabbing","floor":24.0,"turns":3.0},{"damage":0.0,"enemies":"Snake Plant","floor":25.0,"turns":2.0},{"damage":0.0,"enemies":"Sentry and Sphere","floor":28.0,"turns":1.0},{"damage":0.0,"enemies":"Centurion and Healer","floor":30.0,"turns":1.0},{"damage":0.0,"enemies":"Champ","floor":33.0,"turns":2.0},{"damage":0.0,"enemies":"Orb Walker","floor":35.0,"turns":2.0},{"damage":0.0,"enemies":"3 Darklings","floor":37.0,"turns":1.0},{"damage":0.0,"enemies":"Spire Growth","floor":39.0,"turns":2.0},{"damage":0.0,"enemies":"Nemesis","floor":41.0,"turns":1.0},{"damage":0.0,"enemies":"Maw","floor":42.0,"turns":2.0},{"damage":0.0,"enemies":"3 Darklings","floor":44.0,"turns":1.0},{"damage":0.0,"enemies":"Spire Growth","floor":47.0,"turns":1.0},{"damage":0.0,"enemies":"Awakened One","floor":50.0,"turns":2.0},{"damage":89,"enemies":"Time Eater","floor":51,"turns":7}],"seed_played":"-8348870919286495588","potions_obtained":[{"floor":3.0,"key":"BottledMiracle"},{"floor":5.0,"key":"DistilledChaos"},{"floor":13.0,"key":"PowerPotion"},{"floor":16.0,"key":"FearPotion"},{"floor":18.0,"key":"SkillPotion"},{"floor":24.0,"key":"Dexterity Potion"},{"floor":31.0,"key":"Ambrosia"},{"floor":33.0,"key":"Ancient Potion"},{"floor":37.0,"key":"Swift Potion"},{"floor":44.0,"key":"GamblersBrew"}],"is_trial":false,"path_per_floor":["M","?","M","M","M","R","E","?","T","M","T","?","E","$","R","B",null,"M","$","?","$","M","R","E","M","T","?","M","?","M","?","R","B",null,"M","$","M","$","M","R","E","M","T","M","?","$","M","?","R","B","B"],"character_chosen":"WATCHER","items_purchased":["InnerPeace","Membership Card","Ornamental Fan"],"campfire_rested":0,"item_purchase_floors":[14,36,46],"current_hp_per_floor":[61,61,59,59,59,59,54,54,54,54,54,54,46,46,46,8,49,25,25,25,25,21,21,8,8,8,8,8,8,8,8,8,8,49,49,49,49,49,49,49,49,49,49,49,49,49,49,62,62,62,0,0],"gold":164,"neow_bonus":"REMOVE_TWO","is_daily":false,"chose_seed":false,"campfire_upgraded":5,"win_rate":0.0,"timestamp":1611721998,"path_taken":["M","?","M","M","M","R","E","?","T","?","?","?","E","$","R","BOSS","M","$","?","$","M","R","E","M","T","?","M","?","M","?","R","BOSS","M","?","M","$","M","R","E","M","T","M","?","$","M","?","R","BOSS","BOSS"],"items_purchased_type":["Card","Relic","Relic"],"build_version":"2020-12-22","purchased_purges":6,"victory":false,"max_hp_per_floor":[68,62,62,62,62,62,62,62,62,62,62,62,62,62,62,62,62,62,62,62,62,62,62,62,62,62,62,62,62,62,62,62,62,62,62,62,62,62,62,62,62,62,62,62,62,62,62,62,62,62,62,62],"relic_stats":{"Nunchaku":[32],"Gremlin Horn":[10,11],"counters":[24,66],"Golden Idol":144,"Ornamental Fan":[156],"PreservedInsect":106,"Smiling Mask":263,"MawBank":120,"obtain_stats":[{"Lantern":9,"Nunchaku":24,"Gremlin Horn":11,"Golden Idol":2,"Ornamental Fan":46,"PreservedInsect":13,"Membership Card":36,"PureWater":0,"Smiling Mask":7,"MawBank":26,"FossilizedHelix":41,"Runic Pyramid":34},{"Lantern":5,"Nunchaku":11,"Gremlin Horn":6,"Golden Idol":1,"Ornamental Fan":21,"PreservedInsect":7,"Membership Card":16,"PureWater":0,"Smiling Mask":5,"MawBank":12,"FossilizedHelix":19,"Runic Pyramid":15},{"Lantern":18,"Nunchaku":41,"Gremlin Horn":20,"Golden Idol":3,"Ornamental Fan":56,"PreservedInsect":23,"Membership Card":49,"PureWater":0,"Smiling Mask":18,"MawBank":43,"FossilizedHelix":53,"Runic Pyramid":47}]},"card_choices":[{"not_picked":["FollowUp","LikeWater"],"picked":"EmptyFist","floor":1.0},{"not_picked":["Perseverance","Vengeance"],"picked":"FollowUp","floor":3.0},{"not_picked":["Prostrate","FollowUp","PathToVictory"],"picked":"SKIP","floor":4.0},{"not_picked":["Consecrate","SashWhip","CarveReality"],"picked":"SKIP","floor":5.0},{"not_picked":["ClearTheMind","WindmillStrike","Wish"],"picked":"SKIP","floor":7.0},{"not_picked":["Consecrate","EmptyFist"],"picked":"Adaptation","floor":10.0},{"not_picked":["Consecrate","Wallop","BowlingBash"],"picked":"SKIP","floor":13.0},{"not_picked":["Devotion","Wish"],"picked":"Omniscience","floor":16.0},{"not_picked":["FlyingSleeves","CutThroughFate"],"picked":"FearNoEvil","floor":18.0},{"not_picked":["FlurryOfBlows","FlyingSleeves","ClearTheMind"],"picked":"SKIP","floor":22.0},{"not_picked":["FollowUp","BattleHymn"],"picked":"Scrawl","floor":24.0},{"not_picked":["FlyingSleeves","Fasting2","BattleHymn"],"picked":"SKIP","floor":25.0},{"not_picked":["Prostrate+1","EmptyFist","Consecrate+1"],"picked":"SKIP","floor":28.0},{"not_picked":["Conclude","Establishment","CrushJoints"],"picked":"SKIP","floor":30.0},{"not_picked":["Protect+1","Crescendo","WindmillStrike"],"picked":"SKIP","floor":35.0},{"not_picked":["PathToVictory","ClearTheMind","JustLucky+1"],"picked":"SKIP","floor":37.0},{"not_picked":["Prostrate+1","Evaluate","BowlingBash"],"picked":"SKIP","floor":39.0},{"not_picked":["Prostrate+1","Evaluate","BowlingBash"],"picked":"SKIP","floor":39.0},{"not_picked":["Vengeance","EmptyBody+1","LikeWater"],"picked":"SKIP","floor":41.0},{"not_picked":["Weave","ThirdEye+1","FlyingSleeves"],"picked":"SKIP","floor":42.0},{"not_picked":["Protect","SandsOfTime","PathToVictory"],"picked":"SKIP","floor":44.0},{"not_picked":["Blind","Finesse"],"picked":"Master of Strategy","floor":45.0},{"not_picked":["Protect","InnerPeace","WheelKick"],"picked":"SKIP","floor":47.0}],"player_experience":1484932,"relics_obtained":[{"floor":7.0,"key":"Smiling Mask"},{"floor":9.0,"key":"Lantern"},{"floor":11.0,"key":"Gremlin Horn"},{"floor":13.0,"key":"PreservedInsect"},{"floor":24.0,"key":"Nunchaku"},{"floor":26.0,"key":"MawBank"},{"floor":41.0,"key":"FossilizedHelix"}],"event_choices":[{"damage_healed":0.0,"max_hp_gain":0.0,"max_hp_loss":6.0,"gold_gain":0.0,"event_name":"Golden Idol","player_choice":"Lose Max HP","floor":2.0,"gold_loss":0.0,"damage_taken":0.0,"relics_obtained":["Golden Idol"]},{"cards_removed":["Defend_P"],"damage_healed":0.0,"max_hp_gain":0.0,"max_hp_loss":0.0,"gold_gain":0.0,"event_name":"Bonfire Elementals","player_choice":"Offered Basic","floor":8.0,"gold_loss":0.0,"damage_taken":0.0},{"damage_healed":0.0,"max_hp_gain":0.0,"max_hp_loss":0.0,"gold_gain":0.0,"event_name":"Liars Game","player_choice":"Ignored","floor":12.0,"gold_loss":0.0,"damage_taken":0.0},{"damage_healed":0.0,"max_hp_gain":0.0,"max_hp_loss":0.0,"gold_gain":0.0,"event_name":"The Library","player_choice":"Read","floor":20.0,"gold_loss":0.0,"damage_taken":0.0,"cards_obtained":["EmptyMind"]},{"damage_healed":0.0,"max_hp_gain":0.0,"max_hp_loss":0.0,"gold_gain":50.0,"event_name":"Nest","player_choice":"Stole From Cult","floor":27.0,"gold_loss":0.0,"damage_taken":0.0},{"damage_healed":0.0,"max_hp_gain":0.0,"max_hp_loss":0.0,"gold_gain":0.0,"event_name":"Ghosts","player_choice":"Ignored","floor":29.0,"gold_loss":0.0,"damage_taken":0.0},{"damage_healed":0.0,"max_hp_gain":0.0,"max_hp_loss":0.0,"gold_gain":0.0,"event_name":"Lab","player_choice":"Got Potions","floor":31.0,"gold_loss":0.0,"damage_taken":0.0},{"damage_healed":0.0,"max_hp_gain":0.0,"max_hp_loss":0.0,"gold_gain":0.0,"event_name":"SensoryStone","player_choice":"Memory 1","floor":45.0,"gold_loss":0.0,"damage_taken":0.0},{"damage_healed":13.0,"max_hp_gain":0.0,"max_hp_loss":0.0,"gold_gain":0.0,"event_name":"Wheel of Change","player_choice":"Full Heal","floor":48.0,"gold_loss":0.0,"damage_taken":0.0}],"is_beta":false,"boss_relics":[{"not_picked":["Snecko Eye","Ectoplasm","Runic Dome"]},{"not_picked":["VioletLotus","Cursed Key"],"picked":"Runic Pyramid"}],"items_purged_floors":[14,19,21,36,38,46],"is_endless":false,"potions_floor_spawned":[3,5,13,16,18,24,33,37,39,44],"killed_by":"Time Eater","ascension_level":20}}