{"host":"kdt6w7ix8lwe69i9","time":1611721783,"event":{"mods":["100% Spire Juice","BaseMod","ChefMod","Evolution","Minty Spire (QoL Compilation)","Reimu（博丽灵梦）","Robot Space Explorer","Shade Mod","StSLib","The Gatherer","TheSurvivalist"],"gold_per_floor":[116,116,116,43,43,43,43,43,43,43,43,61,84,84,84,84,84],"floor_reached":16,"language":"ENG","playtime":757,"items_purged":[],"score":86,"play_id":"fbc60a64-ad1c-423e-88d7-5590bb4476af","local_time":"20210126232943","is_ascension_mode":false,"campfire_choices":[{"data":"survmod:MarkedShot","floor":6,"key":"SMITH"},{"data":"survmod:VersatileOffense","floor":8,"key":"SMITH"},{"floor":15,"key":"DIG"}],"circlet_count":0,"master_deck":["survmod:Strike","survmod:Strike","survmod:Strike+1","survmod:Strike","survmod:Defend+1","survmod:Defend","survmod:Defend","survmod:Defend","survmod:VersatileOffense+1","survmod:Sprint","survmod:MarkedShot+1","survmod:PersonalMark","survmod:MarkTrap","survmod:FocusedFire"],"relics":["survmod:InnateMutation","EVO:Axolotl","NeowsBlessing","Golden Idol","survmod:RunningShoes","Blood Vial","Shovel","Bag of Preparation"],"acts_visited":["Exordium"],"potions_floor_usage":[16],"damage_taken":[{"damage":0,"enemies":"2 Louse","floor":1,"turns":1},{"damage":0,"enemies":"Small Slimes","floor":12,"turns":2},{"damage":0,"enemies":"Jaw Worm","floor":13,"turns":1},{"damage":35,"enemies":"Slime Boss","floor":16,"turns":11}],"seed_played":"6168954013676299110","potions_obtained":[{"floor":1,"key":"Block Potion"}],"is_trial":false,"path_per_floor":["M","?","?","$","T","R","?","R","T","?","$","M","M","?","R","B"],"character_chosen":"THE_SURVIVOR","items_purchased":["survmod:PersonalMark"],"campfire_rested":0,"item_purchase_floors":[4],"current_hp_per_floor":[50,50,50,50,50,50,38,38,38,38,38,40,42,32,32,0,0],"gold":84,"neow_bonus":"THREE_ENEMY_KILL","is_daily":false,"chose_seed":false,"campfire_upgraded":2,"win_rate":0.0,"timestamp":1611721783,"path_taken":["M","?","?","?","?","R","?","R","T","?","$","?","M","?","R","BOSS"],"items_purchased_type":["Card"],"build_version":"2020-12-22","purchased_purges":0,"victory":false,"max_hp_per_floor":[50,50,50,50,50,50,50,50,50,50,50,50,50,50,50,50,50],"card_choices":[{"not_picked":["survmod:HiddenTactic","survmod:TwinShot"],"picked":"survmod:MarkedShot","floor":1},{"not_picked":["survmod:PersonalMark","survmod:SwiftKick"],"picked":"survmod:MarkTrap","floor":12},{"not_picked":["survmod:BearTrap","survmod:SkillfulManeuver"],"picked":"survmod:FocusedFire","floor":13}],"player_experience":1050978,"relics_obtained":[{"floor":5,"key":"survmod:RunningShoes"},{"floor":9,"key":"Shovel"},{"floor":15,"key":"Bag of Preparation"}],"event_choices":[{"damage_healed":0,"gold_gain":0,"player_choice":"Ignored","damage_taken":0,"max_hp_gain":0,"max_hp_loss":0,"event_name":"Golden Wing","floor":2,"gold_loss":0},{"damage_healed":0,"gold_gain":0,"player_choice":"Take Wound","damage_taken":0,"relics_obtained":["Golden Idol"],"max_hp_gain":0,"max_hp_loss":0,"event_name":"Golden Idol","floor":3,"gold_loss":0,"cards_obtained":["Injury"]},{"damage_healed":0,"gold_gain":0,"player_choice":"Success","damage_taken":12,"relics_obtained":["Blood Vial"],"max_hp_gain":0,"max_hp_loss":0,"event_name":"Scrap Ooze","floor":7,"gold_loss":0},{"cards_removed":["Injury"],"damage_healed":0,"gold_gain":0,"player_choice":"Purged","damage_taken":0,"max_hp_gain":0,"max_hp_loss":0,"event_name":"Purifier","floor":10,"gold_loss":0},{"damage_healed":0,"gold_gain":0,"player_choice":"Entered Light","damage_taken":10,"max_hp_gain":0,"max_hp_loss":0,"event_name":"Shining Light","floor":14,"gold_loss":0,"cards_upgraded":["survmod:Defend","survmod:Strike"]}],"is_beta":false,"boss_relics":[],"items_purged_floors":[],"is_endless":false,"potions_floor_spawned":[1],"killed_by":"Slime Boss","ascension_level":0}}