{"host":"dyzdf8svqmiivg97","time":1611757829,"event":{"mods":["AchievementEnabler","BaseMod","Colored Map","DeckTracker","Minty Spire (QoL Compilation)","Permanent Neow","Quick Restart","Rare Cards Sparkle","SuperFastMode"],"gold_per_floor":[117,127,127,138,154,154,165,199,199,199,219,219,251,267,267,372,372,382,395,407,417,433,464,111,121,172,182,199,199,199,36,36,136,136,146,83,98,148,35,35,67,31,31,49,67,67,87,87,87,87],"floor_reached":51,"language":"KOR","playtime":1462,"items_purged":["Strike_P","Defend_P","Strike_P","Defend_P"],"score":951,"play_id":"3e5661ec-a7dc-40fa-a8d3-08a8e6b62804","local_time":"20210127233029","is_ascension_mode":true,"campfire_choices":[{"data":"Apotheosis","floor":6.0,"key":"SMITH"},{"data":"Eruption","floor":10.0,"key":"SMITH"},{"floor":12.0,"key":"REST"},{"data":"EmptyMind","floor":15.0,"key":"SMITH"},{"floor":30,"key":"REST"},{"floor":32,"key":"RECALL"},{"floor":40,"key":"REST"},{"floor":49,"key":"REST"}],"circlet_count":0,"master_deck":["Strike_P","Strike_P","Defend_P","Defend_P","Eruption+1","Vigilance","Apotheosis+1","CrushJoints","TalkToTheHand","Flash of Steel","EmptyFist","FlurryOfBlows","Vengeance+1","MentalFortress","Meditate","Ragnarok","ClearTheMind+1","Adaptation","Adaptation","InnerPeace"],"relics":["PureWater","Bag of Preparation","InkBottle","Singing Bowl","Fusion Hammer","Pantograph","Membership Card","TeardropLocket","Oddly Smooth Stone","Lee\u0027s Waffle","Philosopher\u0027s Stone","CaptainsWheel","Happy Flower","Eternal Feather"],"acts_visited":["Exordium","TheCity","TheBeyond"],"potions_floor_usage":[33,50],"damage_taken":[{"damage":7.0,"enemies":"Small Slimes","floor":1.0,"turns":4.0},{"damage":0.0,"enemies":"Cultist","floor":2.0,"turns":3.0},{"damage":0.0,"enemies":"2 Louse","floor":4.0,"turns":1.0},{"damage":18.0,"enemies":"Lots of Slimes","floor":5.0,"turns":5.0},{"damage":0.0,"enemies":"2 Fungi Beasts","floor":7.0,"turns":2.0},{"damage":10.0,"enemies":"Gremlin Nob","floor":8.0,"turns":3.0},{"damage":0.0,"enemies":"Looter","floor":11.0,"turns":2.0},{"damage":0.0,"enemies":"Lagavulin","floor":13.0,"turns":5.0},{"damage":8.0,"enemies":"Exordium Thugs","floor":14.0,"turns":4.0},{"damage":0.0,"enemies":"Slime Boss","floor":16.0,"turns":5.0},{"damage":3.0,"enemies":"2 Thieves","floor":18.0,"turns":3.0},{"damage":0.0,"enemies":"Spheric Guardian","floor":19.0,"turns":2.0},{"damage":2.0,"enemies":"Chosen and Byrds","floor":20.0,"turns":3.0},{"damage":0.0,"enemies":"Snecko","floor":21.0,"turns":4.0},{"damage":35.0,"enemies":"Snake Plant","floor":22.0,"turns":4.0},{"damage":30.0,"enemies":"Slavers","floor":23.0,"turns":5.0},{"damage":0.0,"enemies":"Shelled Parasite and Fungi","floor":25.0,"turns":3.0},{"damage":11,"enemies":"Centurion and Healer","floor":27,"turns":3},{"damage":0,"enemies":"3 Cultists","floor":28,"turns":3},{"damage":12,"enemies":"Collector","floor":33,"turns":7},{"damage":6,"enemies":"3 Shapes","floor":35,"turns":2},{"damage":0,"enemies":"3 Darklings","floor":37,"turns":2},{"damage":0,"enemies":"Mind Bloom Boss Battle","floor":38,"turns":4},{"damage":5,"enemies":"Giant Head","floor":41,"turns":5},{"damage":7,"enemies":"4 Shapes","floor":44,"turns":3},{"damage":0,"enemies":"Sphere and 2 Shapes","floor":45,"turns":2},{"damage":10,"enemies":"Spire Growth","floor":47,"turns":2},{"damage":31,"enemies":"Time Eater","floor":50,"turns":7}],"seed_played":"-7557430701800249640","potions_obtained":[{"floor":2.0,"key":"Explosive Potion"},{"floor":4.0,"key":"Weak Potion"},{"floor":7.0,"key":"DuplicationPotion"},{"floor":13.0,"key":"Dexterity Potion"},{"floor":14.0,"key":"GamblersBrew"},{"floor":19.0,"key":"Regen Potion"},{"floor":21.0,"key":"CultistPotion"},{"floor":23.0,"key":"SteroidPotion"},{"floor":28,"key":"Block Potion"},{"floor":35,"key":"SneckoOil"},{"floor":44,"key":"SkillPotion"}],"is_trial":false,"path_per_floor":["M","M","?","M","M","R","M","E","T","R","M","R","E","M","R","B",null,"M","M","M","M","M","E","$","M","T","M","M","?","R","$","R","B",null,"M","$","M","?","$","R","E","$","T","M","M","?","M","$","R","B",null],"character_chosen":"WATCHER","items_purchased":["Membership Card","TeardropLocket","MentalFortress","Lee\u0027s Waffle","Meditate","Adaptation","Adaptation"],"campfire_rested":4,"item_purchase_floors":[24,24,24,31,31,39,42],"current_hp_per_floor":[58,58,58,58,40,40,40,30,30,30,30,49,51,43,43,45,69,68,70,70,72,48,18,18,20,20,11,13,7,32,92,92,80,92,86,86,88,96,96,96,93,93,93,88,88,88,80,80,102,71],"gold":87,"neow_bonus":"RANDOM_COLORLESS_2","is_daily":false,"chose_seed":false,"campfire_upgraded":3,"win_rate":0.0,"timestamp":1611757829,"path_taken":["M","M","?","M","M","R","M","E","T","R","M","R","E","M","R","BOSS","M","M","?","M","M","E","$","M","T","M","M","?","R","$","R","BOSS","M","?","M","?","$","R","E","$","T","M","M","?","?","$","R","BOSS"],"items_purchased_type":["Relic","Relic","Card","Relic","Card","Card","Card"],"build_version":"2020-12-22","purchased_purges":4,"victory":true,"max_hp_per_floor":[65,65,65,65,65,65,65,65,65,65,65,65,67,67,67,69,69,71,73,75,77,79,79,79,81,81,83,85,85,85,92,92,92,92,92,92,94,96,96,96,98,98,98,100,100,100,102,102,102,102],"card_choices":[{"not_picked":["Mayhem","Magnetism"],"picked":"Apotheosis","floor":0.0},{"not_picked":["Protect","CutThroughFate"],"picked":"CrushJoints","floor":1.0},{"not_picked":["Crescendo","CutThroughFate"],"picked":"TalkToTheHand","floor":2.0},{"not_picked":["ClearTheMind","Evaluate","FollowUp"],"picked":"SKIP","floor":4.0},{"not_picked":["Weave","CrushJoints"],"picked":"EmptyFist","floor":5.0},{"not_picked":["SashWhip","SpiritShield"],"picked":"FlurryOfBlows","floor":7.0},{"not_picked":["WreathOfFlame","ThirdEye","Pray"],"picked":"SKIP","floor":8.0},{"not_picked":["Nirvana","ClearTheMind","Consecrate"],"picked":"SKIP","floor":11.0},{"not_picked":["ThirdEye","Nirvana","CrushJoints"],"picked":"Singing Bowl","floor":13.0},{"not_picked":["Consecrate","Prostrate"],"picked":"EmptyMind","floor":14.0},{"not_picked":["SpiritShield","ConjureBlade","Establishment"],"picked":"Singing Bowl","floor":16.0},{"not_picked":["Study","Prostrate","EmptyBody+1"],"picked":"Singing Bowl","floor":18.0},{"not_picked":["ThirdEye+1","EmptyBody","WaveOfTheHand"],"picked":"Singing Bowl","floor":19.0},{"not_picked":["ThirdEye","WaveOfTheHand","EmptyFist+1"],"picked":"Singing Bowl","floor":20.0},{"not_picked":["LikeWater","FollowUp","Consecrate"],"picked":"Singing Bowl","floor":21.0},{"not_picked":["TalkToTheHand","Halt","Consecrate"],"picked":"Singing Bowl","floor":22.0},{"not_picked":["Halt","FlurryOfBlows"],"picked":"Vengeance+1","floor":23.0},{"not_picked":["WreathOfFlame","EmptyBody+1","CutThroughFate"],"picked":"Singing Bowl","floor":25.0},{"not_picked":["EmptyBody","ThirdEye","Halt"],"picked":"Singing Bowl","floor":27},{"not_picked":["Consecrate+1","Prostrate","FlyingSleeves"],"picked":"Singing Bowl","floor":28},{"not_picked":["Devotion","Omniscience"],"picked":"Ragnarok","floor":33},{"not_picked":["JustLucky+1","Worship+1"],"picked":"ClearTheMind+1","floor":35},{"not_picked":["EmptyBody+1","Protect","SashWhip"],"picked":"Singing Bowl","floor":37},{"not_picked":["FollowUp","CrushJoints+1","Vengeance+1"],"picked":"Singing Bowl","floor":38},{"not_picked":["Halt","Protect","BowlingBash+1"],"picked":"Singing Bowl","floor":41},{"not_picked":["SashWhip","Collect","Crescendo"],"picked":"Singing Bowl","floor":44},{"not_picked":["ClearTheMind","Evaluate+1"],"picked":"InnerPeace","floor":45},{"not_picked":["Sanctity+1","FlurryOfBlows","Protect+1"],"picked":"Singing Bowl","floor":47}],"player_experience":556235,"relics_obtained":[{"floor":8.0,"key":"Bag of Preparation"},{"floor":9.0,"key":"InkBottle"},{"floor":13.0,"key":"Singing Bowl"},{"floor":23.0,"key":"Pantograph"},{"floor":26.0,"key":"Oddly Smooth Stone"},{"floor":38,"key":"CaptainsWheel"},{"floor":41,"key":"Happy Flower"},{"floor":43,"key":"Eternal Feather"}],"event_choices":[{"damage_healed":0.0,"max_hp_gain":0.0,"max_hp_loss":0.0,"gold_gain":0.0,"event_name":"Match and Keep!","player_choice":"1 cards matched","floor":3.0,"gold_loss":0.0,"damage_taken":0.0,"cards_obtained":["Flash of Steel"]},{"damage_healed":0,"gold_gain":0,"player_choice":"","damage_taken":6,"max_hp_gain":0,"max_hp_loss":0,"event_name":"Knowing Skull","floor":29,"potions_obtained":[],"gold_loss":0,"cards_obtained":[]},{"damage_healed":0,"gold_gain":0,"player_choice":"Fight","damage_taken":0,"max_hp_gain":0,"max_hp_loss":0,"event_name":"MindBloom","floor":38,"gold_loss":0},{"cards_removed":["EmptyMind"],"damage_healed":0,"gold_gain":0,"player_choice":"Removed Skill","damage_taken":0,"max_hp_gain":0,"max_hp_loss":0,"event_name":"Falling","floor":46,"gold_loss":0}],"is_beta":false,"boss_relics":[{"not_picked":["Sozu","SlaversCollar"],"picked":"Fusion Hammer"},{"not_picked":["Coffee Dripper","Pandora\u0027s Box"],"picked":"Philosopher\u0027s Stone"}],"items_purged_floors":[24,31,36,39],"is_endless":false,"potions_floor_spawned":[2,4,7,13,14,19,21,23,28,35,44,47],"ascension_level":3}}