{"host":"jo6humee03iui2vn","time":1611762141,"event":{"mods":["AchievementEnabler","Act Like it!","BaseMod","Colored Map","Downfall","Gensokyo","Gold Saver","Hermit","Minty Spire (QoL Compilation)","Replay The Spire","Shop Mod","StSLib","SuperFastMode"],"gold_per_floor":[182,194,214,214,214,214,214,237,267,296,308,338,350,347,377,389,389,389],"floor_reached":16,"language":"ZHS","playtime":1238,"items_purged":[],"score":94,"play_id":"ad0134fd-b4ef-418f-b044-9a58cf26dabe","local_time":"20210127234221","is_ascension_mode":false,"campfire_choices":[{"floor":1,"key":"RECALL"},{"data":"bronze:NullPointer","floor":6,"key":"SMITH"},{"data":"bronze:Assembly","floor":13,"key":"SMITH"}],"circlet_count":0,"master_deck":["bronze:Strike","bronze:Strike","bronze:Strike","bronze:Defend","bronze:Defend","bronze:Defend","bronze:Defend","bronze:Replicate","bronze:Goto","bronze:Repair","bronze:NullPointer+1","bronze:Backtrace","bronze:FineTuning","bronze:Assembly+1","bronze:Assembly","bronze:DelayedSlice","bronze:Safeguard","bronze:NullPointer"],"relics":["bronze:BronzeCore","MawBank"],"acts_visited":["Exordium"],"potions_floor_usage":[10,12],"damage_taken":[{"damage":1,"enemies":"Cultist","floor":2,"turns":3},{"damage":0,"enemies":"Small Slimes","floor":3,"turns":4},{"damage":6,"enemies":"Jaw Worm","floor":8,"turns":3},{"damage":4,"enemies":"Red Slaver","floor":9,"turns":3},{"damage":3,"enemies":"3 Louse","floor":10,"turns":4},{"damage":31,"enemies":"Gremlin Gang","floor":12,"turns":8},{"damage":6,"enemies":"downfall:FleeingMerchant","floor":14,"turns":4},{"damage":9,"enemies":"Blue Slaver","floor":15,"turns":4},{"damage":63,"enemies":"WA_ARCHETYPE_RETAIN","floor":16,"turns":12}],"seed_played":"-7818879424775293610","potions_obtained":[{"floor":8,"key":"champ:CounterPotion"},{"floor":9,"key":"Fire Potion"},{"floor":10,"key":"DuplicationPotion"},{"floor":15,"key":"bronze:FreeFunctionsPotion"}],"is_trial":false,"path_per_floor":["R","M","M","?","?","R","T","M","M","M","?","M","R","$","M","B"],"character_chosen":"THE_AUTOMATON","items_purchased":[],"campfire_rested":0,"item_purchase_floors":[],"current_hp_per_floor":[77,76,77,77,77,77,77,71,67,71,71,46,46,47,45,0,0,0],"gold":389,"neow_bonus":"TEN_PERCENT_HP_BONUS","is_daily":false,"chose_seed":false,"campfire_upgraded":2,"win_rate":0.0,"timestamp":1611762141,"path_taken":["R","M","?","?","?","R","T","M","M","?","?","?","R","$","M","BOSS"],"items_purchased_type":[],"build_version":"2020-12-22","purchased_purges":0,"victory":false,"max_hp_per_floor":[77,77,77,77,77,77,77,77,77,77,77,77,77,77,77,77,77,77],"card_choices":[{"not_picked":["bronze:WhirlingStrike","bronze:Iterate"],"picked":"bronze:Repair","floor":2},{"not_picked":["bronze:DarkDash","bronze:OilSpill"],"picked":"bronze:NullPointer","floor":3},{"not_picked":["bronze:Turbo","bronze:Overheat"],"picked":"bronze:Backtrace","floor":8},{"not_picked":["bronze:Frontload","bronze:BugBarrage"],"picked":"bronze:FineTuning","floor":9},{"not_picked":["bronze:GetLatest","bronze:BugBarrage"],"picked":"bronze:Assembly","floor":10},{"not_picked":["bronze:Frontload","bronze:DelayedGuard"],"picked":"bronze:DelayedSlice","floor":12},{"not_picked":["bronze:Turbo","bronze:BuggyMess"],"picked":"bronze:Safeguard","floor":14},{"not_picked":["bronze:FineTuning","bronze:CloningBeam"],"picked":"bronze:NullPointer","floor":15}],"player_experience":186862,"relics_obtained":[{"floor":7,"key":"MawBank"}],"event_choices":[],"is_beta":false,"boss_relics":[],"items_purged_floors":[],"is_endless":false,"potions_floor_spawned":[8,9,10,15],"killed_by":"WA_ARCHETYPE_RETAIN","ascension_level":0}}