{"host":"2n2g1vowfllvjtvi","time":1611764292,"event":{"mods":["AchievementEnabler","BaseMod","Custom Start","GifTheSpireLib","Keyboard Shortcuts","Minty Spire (QoL Compilation)","Quick Restart","Rare Cards Sparkle","StSLib","SuperFastMode"],"gold_per_floor":[111,111,111,126,40,40,74,74,74,91,117,117,4,14,14,117,117,135,135,149,163,163,163,218,218,218,234,333,360,377,132,132,132,132],"floor_reached":33,"language":"KOR","playtime":503,"items_purged":["Strike_R","Strike_R"],"score":470,"play_id":"d6916cfc-4447-4f00-b494-de069ae4d185","local_time":"20210128011812","is_ascension_mode":true,"campfire_choices":[{"data":"Rampage","floor":6.0,"key":"SMITH"},{"data":"Wild Strike","floor":8.0,"key":"SMITH"},{"data":"Perfected Strike","floor":12.0,"key":"SMITH"},{"data":"Evolve","floor":15.0,"key":"SMITH"},{"data":"Perfected Strike","floor":23.0,"key":"SMITH"},{"data":"Impervious","floor":25.0,"key":"SMITH"},{"data":"Perfected Strike","floor":32.0,"key":"SMITH"}],"circlet_count":0,"master_deck":["Strike_R","Strike_R","Defend_R","Defend_R","Defend_R","Defend_R+1","Bash+1","Perfected Strike+1","Wild Strike+1","Shrug It Off","Rampage+1","Perfected Strike+1","Evolve+1","Impervious+1","CurseOfTheBell","Perfected Strike+1","Perfected Strike+1","Pommel Strike+1"],"relics":["Burning Blood","NeowsBlessing","Lantern","Champion Belt","Du-Vu Doll","Calling Bell","Akabeko","Meat on the Bone","WingedGreaves","MutagenicStrength","Pantograph","Dead Branch","Lee\u0027s Waffle"],"acts_visited":["Exordium","TheCity"],"potions_floor_usage":[33,33],"damage_taken":[{"damage":0.0,"enemies":"Small Slimes","floor":1.0,"turns":1.0},{"damage":0.0,"enemies":"2 Louse","floor":4.0,"turns":1.0},{"damage":0.0,"enemies":"Lagavulin","floor":7.0,"turns":1.0},{"damage":0.0,"enemies":"Cultist","floor":10.0,"turns":2.0},{"damage":18.0,"enemies":"3 Sentries","floor":11.0,"turns":8.0},{"damage":6.0,"enemies":"2 Fungi Beasts","floor":14.0,"turns":2.0},{"damage":41.0,"enemies":"The Guardian","floor":16.0,"turns":10.0},{"damage":6.0,"enemies":"2 Thieves","floor":18.0,"turns":4.0},{"damage":0.0,"enemies":"Spheric Guardian","floor":20.0,"turns":1.0},{"damage":0.0,"enemies":"Snecko","floor":21.0,"turns":3.0},{"damage":37.0,"enemies":"Book of Stabbing","floor":24.0,"turns":4.0},{"damage":23.0,"enemies":"Cultist and Chosen","floor":27.0,"turns":5.0},{"damage":12.0,"enemies":"Slavers","floor":29.0,"turns":5.0},{"damage":0.0,"enemies":"Centurion and Healer","floor":30.0,"turns":5.0},{"damage":73,"enemies":"Champ","floor":33,"turns":12}],"seed_played":"7756524098822984617","potions_obtained":[{"floor":10.0,"key":"SkillPotion"},{"floor":11.0,"key":"SteroidPotion"},{"floor":14.0,"key":"Explosive Potion"},{"floor":16.0,"key":"AttackPotion"},{"floor":20.0,"key":"ColorlessPotion"},{"floor":24.0,"key":"Dexterity Potion"},{"floor":27.0,"key":"CultistPotion"},{"floor":30.0,"key":"PowerPotion"}],"is_trial":false,"path_per_floor":["M","?","?","M","$","R","E","R","T","M","E","R","$","M","R","B",null,"M","?","M","M","?","R","E","R","T","M","?","E","M","$","R","B"],"character_chosen":"IRONCLAD","items_purchased":["Shrug It Off","Rampage","Evolve","Lee\u0027s Waffle"],"campfire_rested":0,"item_purchase_floors":[5,5,13,31],"current_hp_per_floor":[78,62,62,68,68,68,74,74,74,80,68,68,68,68,68,33,68,68,68,74,80,80,80,49,49,49,44,44,50,56,87,87,14,14],"gold":132,"neow_bonus":"THREE_ENEMY_KILL","is_daily":false,"chose_seed":false,"campfire_upgraded":7,"win_rate":0.0,"timestamp":1611764292,"path_taken":["M","?","?","?","$","R","E","R","T","M","E","R","$","M","R","BOSS","M","?","M","?","?","R","E","R","T","M","?","E","M","?","R","BOSS"],"items_purchased_type":["Card","Card","Card","Relic"],"build_version":"2020-12-22","purchased_purges":2,"victory":false,"max_hp_per_floor":[80,80,80,80,80,80,80,80,80,80,80,80,80,80,80,80,80,80,80,80,80,80,80,80,80,80,80,80,80,80,87,87,87,87],"card_choices":[{"not_picked":["Infernal Blade","Headbutt"],"picked":"Perfected Strike","floor":1.0},{"not_picked":["Carnage","Clothesline"],"picked":"Wild Strike","floor":4.0},{"not_picked":["Demon Form","Shrug It Off","Entrench"],"picked":"SKIP","floor":7.0},{"not_picked":["Thunderclap","Body Slam","Havoc"],"picked":"SKIP","floor":10.0},{"not_picked":["Berserk","Havoc"],"picked":"Perfected Strike","floor":11.0},{"not_picked":["Headbutt","Dual Wield","True Grit"],"picked":"SKIP","floor":14.0},{"not_picked":["Barricade","Demon Form"],"picked":"Impervious","floor":16.0},{"not_picked":["Combust","Havoc","Dual Wield"],"picked":"SKIP","floor":18.0},{"not_picked":["Blood for Blood","Havoc","Thunderclap"],"picked":"SKIP","floor":20.0},{"not_picked":["Entrench","Warcry"],"picked":"Perfected Strike","floor":21.0},{"not_picked":["Exhume","Armaments","Shrug It Off"],"picked":"SKIP","floor":24.0},{"not_picked":["Sentinel","Clash","Flex+1"],"picked":"SKIP","floor":27.0},{"not_picked":["Shockwave","Shrug It Off"],"picked":"Perfected Strike","floor":29.0},{"not_picked":["Cleave+1","Pummel"],"picked":"Pommel Strike+1","floor":30.0}],"player_experience":212220,"relics_obtained":[{"floor":7.0,"key":"Lantern"},{"floor":9.0,"key":"Champion Belt"},{"floor":11.0,"key":"Du-Vu Doll"},{"floor":17.0,"key":"Akabeko"},{"floor":17.0,"key":"Meat on the Bone"},{"floor":17.0,"key":"WingedGreaves"},{"floor":24.0,"key":"Pantograph"},{"floor":29.0,"key":"Dead Branch"}],"event_choices":[{"damage_healed":0.0,"max_hp_gain":0.0,"max_hp_loss":0.0,"gold_gain":0.0,"event_name":"Shining Light","player_choice":"Entered Light","floor":2.0,"gold_loss":0.0,"damage_taken":16.0,"cards_upgraded":["Bash","Defend_R"]},{"damage_healed":0.0,"max_hp_gain":0.0,"max_hp_loss":0.0,"gold_gain":0.0,"event_name":"Upgrade Shrine","player_choice":"Upgraded","floor":3.0,"gold_loss":0.0,"damage_taken":0.0,"cards_upgraded":["Perfected Strike"]},{"cards_removed":["Strike_R"],"damage_healed":0.0,"max_hp_gain":0.0,"max_hp_loss":0.0,"gold_gain":0.0,"event_name":"Bonfire Elementals","player_choice":"Offered Basic","floor":19.0,"gold_loss":0.0,"damage_taken":0.0},{"damage_healed":0.0,"max_hp_gain":0.0,"max_hp_loss":0.0,"gold_gain":0.0,"event_name":"Drug Dealer","player_choice":"Inject Mutagens","floor":22.0,"gold_loss":0.0,"damage_taken":0.0,"relics_obtained":["MutagenicStrength"]},{"damage_healed":0.0,"max_hp_gain":0.0,"max_hp_loss":0.0,"gold_gain":99.0,"event_name":"Nest","player_choice":"Stole From Cult","floor":28.0,"gold_loss":0.0,"damage_taken":0.0}],"is_beta":false,"boss_relics":[{"not_picked":["Black Blood","Tiny House"],"picked":"Calling Bell"}],"items_purged_floors":[13,31],"is_endless":false,"potions_floor_spawned":[10,11,14,16,20,24,27,30],"killed_by":"Champ","ascension_level":8}}