{"host":"d744ndivyohnro60","time":1611715989,"event":{"mods":["BaseMod","Bestiary","Colored Powertips","Minty Spire (QoL Compilation)","Relic Stats"],"gold_per_floor":[113,128,128,128,128,161,171,204,204,223,223,223,257,275,275,275,275],"floor_reached":16,"language":"ENG","playtime":446,"items_purged":[],"score":160,"play_id":"a2a17ee6-74da-4cfb-83e0-0207128f3945","local_time":"20210126215309","is_ascension_mode":true,"campfire_choices":[{"data":"Compile Driver","floor":11,"key":"SMITH"},{"floor":15,"key":"REST"}],"circlet_count":0,"master_deck":["Strike_B","Strike_B","Strike_B","Strike_B","Defend_B","Defend_B","Defend_B","Defend_B","Zap+1","Dualcast","Static Discharge","Skim","Compile Driver+1","Static Discharge+1","Echo Form+1","Coolheaded","Ball Lightning"],"relics":["Cracked Core","NeowsBlessing","Shuriken","Frozen Egg 2","Cables","Kunai","Art of War"],"acts_visited":["Exordium"],"potions_floor_usage":[8,14,14],"damage_taken":[{"damage":0,"enemies":"Cultist","floor":1,"turns":1},{"damage":0,"enemies":"Jaw Worm","floor":2,"turns":1},{"damage":0,"enemies":"3 Sentries","floor":6,"turns":1},{"damage":0,"enemies":"Small Slimes","floor":7,"turns":2},{"damage":29,"enemies":"Lagavulin","floor":8,"turns":6},{"damage":9,"enemies":"3 Louse","floor":10,"turns":2},{"damage":21,"enemies":"Gremlin Nob","floor":13,"turns":3},{"damage":10,"enemies":"Exordium Thugs","floor":14,"turns":4},{"damage":31,"enemies":"Slime Boss","floor":16,"turns":6}],"seed_played":"2525409495183143131","potions_obtained":[{"floor":1,"key":"FocusPotion"},{"floor":7,"key":"Block Potion"},{"floor":13,"key":"LiquidMemories"}],"is_trial":false,"path_per_floor":["M","M","$","?","?","E","M","E","T","M","R","?","E","M","R","B"],"character_chosen":"DEFECT","items_purchased":[],"campfire_rested":1,"item_purchase_floors":[],"current_hp_per_floor":[75,75,75,80,73,73,73,44,44,35,35,35,14,4,28,0,0],"gold":275,"neow_bonus":"THREE_ENEMY_KILL","is_daily":false,"chose_seed":false,"campfire_upgraded":1,"win_rate":0.0,"timestamp":1611715989,"path_taken":["M","M","?","?","?","E","M","E","T","M","R","?","E","?","R","BOSS"],"items_purchased_type":[],"build_version":"2020-12-22","purchased_purges":0,"victory":false,"max_hp_per_floor":[75,75,75,80,80,80,80,80,80,80,80,80,80,80,80,80,80],"relic_stats":{"counters":[9,26],"Shuriken":[3],"Art of War":[3],"Kunai":[1],"obtain_stats":[{"NeowsBlessing":0,"Shuriken":5,"Art of War":13,"Kunai":9,"Frozen Egg 2":6,"Cracked Core":0,"Cables":8},{"NeowsBlessing":0,"Shuriken":2,"Art of War":7,"Kunai":5,"Frozen Egg 2":3,"Cracked Core":0,"Cables":5},{"NeowsBlessing":0,"Shuriken":2,"Art of War":16,"Kunai":11,"Frozen Egg 2":3,"Cracked Core":0,"Cables":11}],"Cables":[14,14,0,0,0]},"card_choices":[{"not_picked":["Lockon","Go for the Eyes"],"picked":"Static Discharge","floor":1},{"not_picked":["Reinforced Body","Blizzard"],"picked":"Skim","floor":2},{"not_picked":["Reprogram","Scrape"],"picked":"Compile Driver","floor":6},{"not_picked":["Rebound","Compile Driver","Streamline"],"picked":"SKIP","floor":7},{"not_picked":["Auto Shields","Steam"],"picked":"Static Discharge+1","floor":8},{"not_picked":["Streamline","Blizzard"],"picked":"Echo Form+1","floor":10},{"not_picked":["Sweeping Beam","Aggregate"],"picked":"Coolheaded","floor":13},{"not_picked":["Steam Power","Go for the Eyes"],"picked":"Ball Lightning","floor":14}],"player_experience":147107,"relics_obtained":[{"floor":6,"key":"Frozen Egg 2"},{"floor":8,"key":"Cables"},{"floor":9,"key":"Kunai"},{"floor":13,"key":"Art of War"}],"event_choices":[{"damage_healed":0,"gold_gain":0,"player_choice":"Donut","damage_taken":0,"max_hp_gain":5,"max_hp_loss":0,"event_name":"Big Fish","floor":4,"gold_loss":0},{"damage_healed":0,"gold_gain":0,"player_choice":"Success","damage_taken":7,"relics_obtained":["Shuriken"],"max_hp_gain":0,"max_hp_loss":0,"event_name":"Scrap Ooze","floor":5,"gold_loss":0},{"damage_healed":0,"gold_gain":0,"player_choice":"Upgraded","damage_taken":0,"max_hp_gain":0,"max_hp_loss":0,"event_name":"Upgrade Shrine","floor":12,"gold_loss":0,"cards_upgraded":["Zap"]}],"is_beta":false,"boss_relics":[],"items_purged_floors":[],"is_endless":false,"potions_floor_spawned":[1,7,13],"killed_by":"Slime Boss","ascension_level":2}}