{"host":"rpu0b34yn88n8zeb","time":1611791605,"event":{"mods":["Act Like it!","BaseMod","CapriCore","Colored Powertips","Defuse TimeMaze Blight","Gensokyo","Marisa£®ÏF”Í°°ƒß¿Ì…≥£©","Minty Spire (QoL Compilation)","Quick Restart","Reimu£®≤©¿ˆ¡È√Œ£©","Shop Mod","Spicy Shops","StSLib","The Immortal","The Servant 0.9.4","Yakumo Yukari mod","Youmu£®ªÍ∆«—˝√Œ£©"],"gold_per_floor":[131,131,131,148,148,148,148,188,188,118,156,156,198,225,225,338,338,363,386,457,474,354,398,398,433,457,466,480,506,506,127,127,231,231,259,28,28,28,37,37,61,89,124,149,188,200,221,267,279,291,303,315,77,121,121],"floor_reached":56,"language":"ZHS","playtime":2391,"items_purged":["Shame","Shame"],"score":1666,"play_id":"1b28a818-259e-4c9d-a553-e1f3140846dd","local_time":"20210127165325","is_ascension_mode":true,"campfire_choices":[{"data":"Observe_purple_2","floor":7,"key":"SMITH"},{"floor":12,"key":"REST"},{"data":"OmniscientAndOmnipotent_Monster_purple","floor":15,"key":"SMITH"},{"floor":24,"key":"REST"},{"data":"DimensionStaggered_purple","floor":30,"key":"SMITH"},{"data":"DimensionStaggered_purple","floor":32,"key":"SMITH"},{"data":"Mirror_FormAndEmptin_purple","floor":40,"key":"SMITH"},{"floor":46,"key":"RECALL"},{"data":"DimensionStaggered_purple","floor":49,"key":"SMITH"},{"data":"Swift Strike","floor":52,"key":"SMITH"}],"circlet_count":0,"master_deck":["AT_purpleEX+1","AT_purpleEX+1","AT_purpleEX","AT_purpleEX","Defend_purpleEX","Defend_purpleEX+1","Defend_purpleEX","Defend_purpleEX+1","Observe_purple_1","Observe_purple_2+1","Line_surface_state_purple+1","Charmbait_purple+1","DarkRealmRedLine_purple","OmniscientAndOmnipotent_Monster_purple+1","AdvanceAttack_purple+1","DimensionStaggered_purple+1","DimensionStaggered_purple+1","GluttonyofRealm_purpleEX","Mirror_FormAndEmptin_purple+1","AdvanceAttack_purple+1","StateDuplicate_purple+1","D_absorption_purple","WangLiang_OokamiKakushi_purple+1","Bait_HighSpeedFlying_purple+1","Swift Strike+1","RuptureOfTimeAndSpace_purple+1","MNeedle_purple","ExternalForce_HighSpeedFlying_purple","Parasite","DimensionStaggered_purple+1","WeekHit_purple+1"],"relics":["Boundary_crack","Memoryfragments_purpleEX","NeowsBlessing","Gensokyo:PortableGap","Gensokyo:CelestialsFlawlessClothing","CeramicFish","Matryoshka","War Paint","ThegodofHakurei_purpleEX","Philosopher\u0027s Stone","Pear","Mercury Hourglass","Gensokyo:LionMask","Art of War","Bottled Flame","Kunai","Oddly Smooth Stone","Nunchaku","Tiny Chest","Cursed Key","TheEssenceOfRealm","Mastiff:ReiMu","MealTicket","MawBank","Letter Opener","Molten Egg 2","Medical Kit","RuthlessExorcism:ReiMu"],"acts_visited":["Exordium","Gensokyo:Gensokyo","TheBeyond","TheEnding"],"potions_floor_usage":[13,19,23,55,55,55,55,55],"damage_taken":[{"damage":0,"enemies":"Gensokyo:3_Fairies","floor":1,"turns":1},{"damage":0,"enemies":"Gensokyo:Python","floor":4,"turns":1},{"damage":14,"enemies":"Gensokyo:Mamizou","floor":8,"turns":2},{"damage":18,"enemies":"Gensokyo:Aya","floor":11,"turns":4},{"damage":14,"enemies":"Gensokyo:Mamizou","floor":13,"turns":6},{"damage":0,"enemies":"Gensokyo:2_Kodama","floor":14,"turns":2},{"damage":6,"enemies":"Gensokyo:Yukari","floor":16,"turns":7},{"damage":5,"enemies":"Gensokyo:AngelMirror","floor":18,"turns":2},{"damage":12,"enemies":"Gensokyo:3_Dogs","floor":19,"turns":4},{"damage":8,"enemies":"Gensokyo:Wraith","floor":21,"turns":5},{"damage":51,"enemies":"Gensokyo:Reisen","floor":23,"turns":7},{"damage":2,"enemies":"Gensokyo:Koishi","floor":25,"turns":4},{"damage":7,"enemies":"Gensokyo:Monolith_and_Dog","floor":28,"turns":4},{"damage":0,"enemies":"Gensokyo:Eternal_Rivals","floor":33,"turns":8},{"damage":5,"enemies":"3 Shapes","floor":35,"turns":2},{"damage":0,"enemies":"3 Darklings","floor":41,"turns":3},{"damage":0,"enemies":"Giant Head","floor":42,"turns":4},{"damage":11,"enemies":"Jaw Worm Horde","floor":44,"turns":2},{"damage":0,"enemies":"Reptomancer","floor":45,"turns":3},{"damage":0,"enemies":"Giant Head","floor":48,"turns":4},{"damage":0,"enemies":"Donu and Deca","floor":50,"turns":6},{"damage":1,"enemies":"Shield and Spear","floor":54,"turns":4},{"damage":71,"enemies":"The Heart","floor":55,"turns":6}],"seed_played":"-4552493821412861772","potions_obtained":[{"floor":4,"key":"Block Potion"},{"floor":8,"key":"Energy Potion"},{"floor":16,"key":"BlessingOfTheForge"},{"floor":18,"key":"Swift Potion"},{"floor":21,"key":"ZuzhouPotion:ReiMu"},{"floor":23,"key":"SteroidPotion"},{"floor":35,"key":"RealmPotion"},{"floor":45,"key":"EntropicBrew"}],"is_trial":false,"path_per_floor":["M","?","?","M","?","?","R","E","T","?","E","R","E","M","R","B",null,"M","M","T","M","?","E","R","E","T","?","M","T","R","$","R","B",null,"M","$","?","$","?","R","M","E","T","M","E","R","T","E","R","B",null,"R","$","E","B",null],"character_chosen":"Youkari","items_purchased":["D_absorption_purple","Nunchaku","Tiny Chest","TheEssenceOfRealm","Medical Kit"],"campfire_rested":2,"item_purchase_floors":[31,31,31,36,53],"current_hp_per_floor":[70,70,63,63,48,48,48,36,36,36,20,38,31,32,32,36,63,62,62,72,75,75,28,51,58,58,58,65,65,65,65,65,75,79,78,78,78,78,78,78,82,85,85,87,88,88,88,88,88,91,91,91,91,94,29],"gold":121,"neow_bonus":"THREE_ENEMY_KILL","is_daily":false,"chose_seed":false,"campfire_upgraded":7,"win_rate":0.0,"timestamp":1611791605,"path_taken":["M","?","?","?","?","?","R","E","T","?","E","R","E","M","R","BOSS","M","?","?","M","?","E","R","E","T","?","?","?","R","?","R","BOSS","M","$","?","?","?","R","M","E","T","M","E","R","?","E","R","BOSS","R","$","E","BOSS"],"items_purchased_type":["Card","Relic","Relic","Relic","Relic"],"build_version":"2020-12-22","purchased_purges":2,"victory":true,"max_hp_per_floor":[70,70,63,63,63,63,63,63,63,63,63,63,63,63,63,63,63,66,69,79,82,82,79,79,79,79,79,82,79,79,79,79,79,79,82,82,82,82,82,82,82,85,85,88,88,88,88,88,88,91,91,91,91,94,94],"card_choices":[{"not_picked":["ButterflyHabitatTemple_purple","Umbrella_purple"],"picked":"Shallow_ocean_purpleEX","floor":1},{"not_picked":["RealityDreamConfluencek_purple","WatchEChange_purple"],"picked":"Line_surface_state_purple","floor":4},{"not_picked":["Anti_communist_purple","MetroBOOM_purple"],"picked":"Charmbait_purple","floor":6},{"not_picked":["PositiveMatter_Antimatter_Universe_purple","Boundary_DreamRealityDamnation_purple"],"picked":"DarkRealmRedLine_purple","floor":6},{"not_picked":["WasteWire_Metro_purple","PositiveMatter_Antimatter_Universe_purple"],"picked":"OmniscientAndOmnipotent_Monster_purple","floor":8},{"not_picked":["MeetDecomposer_purple","Boundary_DynamicStaticEquilibrium_purple"],"picked":"AdvanceAttack_purple","floor":11},{"not_picked":["ExistenceContinue_purple","Photoelasticity_Doppler_Effect_purple"],"picked":"DimensionStaggered_purple","floor":13},{"not_picked":["StateErode_purple","Mirror_FormAndEmptin_purple"],"picked":"DimensionStaggered_purple","floor":14},{"not_picked":["Know_ledgeAbilityRealm_purple","Fancifulhole_purple"],"picked":"GluttonyofRealm_purpleEX","floor":16},{"not_picked":["MNeedle_purple","ExistenceContinue_purple"],"picked":"Mirror_FormAndEmptin_purple","floor":18},{"not_picked":["SharpContractionReality_purple+1","Umbrella_purple"],"picked":"AdvanceAttack_purple+1","floor":19},{"not_picked":["Charmbait_purple","SharpContractionReality_purple","Erosivefilter_purple"],"picked":"SKIP","floor":21},{"not_picked":["Umbrella_purple+1","SharpContractionReality_purple"],"picked":"StateDuplicate_purple+1","floor":23},{"not_picked":["RuleDissolution_purple","Photoelasticity_Doppler_Effect_purple","Mirror_FormAndEmptin_purple"],"picked":"SKIP","floor":25},{"not_picked":["MetroBOOM_purple+1","Umbrella_purple","OmniscientAndOmnipotent_Monster_purple"],"picked":"SKIP","floor":28},{"not_picked":["Computing_the_future_purpleEX","BarrageBoundary_PipeDream_purple"],"picked":"WangLiang_OokamiKakushi_purple","floor":33},{"not_picked":["MonsterNeedle_purple","Boundary_DynamicStaticEquilibrium_purple+1"],"picked":"Bait_HighSpeedFlying_purple+1","floor":35},{"not_picked":["Purity","Bandage Up"],"picked":"Swift Strike","floor":39},{"not_picked":["Umbrella_purple","Boundary_LightAndDark_purple+1"],"picked":"RuptureOfTimeAndSpace_purple+1","floor":41},{"not_picked":["ExistenceContinue_purple","Mirror_Drifter_purple","Mirror_WaveAndshot_purple+1"],"picked":"SKIP","floor":42},{"not_picked":["Mirror_FormAndEmptin_purple+1","ExistenceContinue_purple"],"picked":"MNeedle_purple","floor":44},{"not_picked":["MeetDecomposer_purple+1","Shallow_ocean_purpleEX+1"],"picked":"ExternalForce_HighSpeedFlying_purple","floor":45},{"not_picked":["StretchesForeverDream_purple","Mirror_FormAndEmptin_purple+1"],"picked":"DimensionStaggered_purple","floor":48},{"not_picked":["SfantasyHide_purple+1","WingOfChimera_purple"],"picked":"WeekHit_purple+1","floor":54}],"player_experience":546071,"relics_obtained":[{"floor":8,"key":"CeramicFish"},{"floor":9,"key":"Matryoshka"},{"floor":11,"key":"War Paint"},{"floor":13,"key":"ThegodofHakurei_purpleEX"},{"floor":20,"key":"Pear"},{"floor":20,"key":"Mercury Hourglass"},{"floor":23,"key":"Art of War"},{"floor":25,"key":"Bottled Flame"},{"floor":26,"key":"Kunai"},{"floor":29,"key":"Oddly Smooth Stone"},{"floor":42,"key":"Mastiff:ReiMu"},{"floor":43,"key":"MealTicket"},{"floor":45,"key":"MawBank"},{"floor":47,"key":"Letter Opener"},{"floor":48,"key":"Molten Egg 2"},{"floor":54,"key":"RuthlessExorcism:ReiMu"}],"event_choices":[{"damage_healed":0,"gold_gain":0,"player_choice":"Upgraded","damage_taken":0,"max_hp_gain":0,"max_hp_loss":0,"event_name":"Upgrade Shrine","floor":37,"gold_loss":0,"cards_upgraded":["WangLiang_OokamiKakushi_purple"]},{"damage_healed":0,"gold_gain":0,"player_choice":"Memory 1","damage_taken":0,"max_hp_gain":0,"max_hp_loss":0,"event_name":"SensoryStone","floor":39,"gold_loss":0}],"is_beta":false,"boss_relics":[{"not_picked":["Velvet Choker","Seventeenyearold_girl_Forever"],"picked":"Philosopher\u0027s Stone"},{"not_picked":["Empty Cage","RedLine:ReiMu"],"picked":"Cursed Key"}],"items_purged_floors":[36,53],"is_endless":false,"potions_floor_spawned":[4,8,16,18,21,23,28,35,44,45],"ascension_level":1}}