{"host":"Mute","time":1611737989,"event":{"mods":["BaseMod","Colored Map","Downfall","Minty Spire (QoL Compilation)","StSLib"],"gold_per_floor":[99,118,128,128,139,169,169,197,197,214,224,224,224,224,244,244,244,244],"floor_reached":16,"language":"ENG","playtime":1069,"items_purged":[],"score":112,"play_id":"4d4b098c-3eb6-4ce3-a876-b6237850fef6","local_time":"20210127035949","is_ascension_mode":false,"campfire_choices":[{"data":"bronze:Replicate","floor":1,"key":"SMITH"},{"data":"bronze:FindAndReplace","floor":9,"key":"SMITH"},{"data":"bronze:Branch","floor":13,"key":"SMITH"}],"circlet_count":0,"master_deck":["bronze:Strike","bronze:Strike","bronze:Strike","bronze:Defend","bronze:Defend","bronze:Defend","bronze:Defend","bronze:Replicate+1","bronze:Goto","bronze:Assembly","bronze:Separator","bronze:Branch+1","bronze:FindAndReplace+1","bronze:Branch","bronze:Explode","bronze:Constructor"],"relics":["bronze:BronzeCore","Torii","Sundial","bronze:CableSpool","TungstenRod"],"acts_visited":["Exordium"],"potions_floor_usage":[16],"damage_taken":[{"damage":0,"enemies":"Cultist","floor":2,"turns":4},{"damage":1,"enemies":"2 Louse","floor":3,"turns":2},{"damage":0,"enemies":"Small Slimes","floor":5,"turns":3},{"damage":29,"enemies":"Gremlin Nob","floor":6,"turns":4},{"damage":2,"enemies":"3 Sentries","floor":8,"turns":8},{"damage":0,"enemies":"3 Louse","floor":10,"turns":3},{"damage":1,"enemies":"Exordium Thugs","floor":11,"turns":4},{"damage":0,"enemies":"Exordium Thugs","floor":14,"turns":1},{"damage":0,"enemies":"2 Fungi Beasts","floor":15,"turns":1},{"damage":41,"enemies":"SI_SHIV_ARCHETYPE","floor":16,"turns":13}],"seed_played":"-4320600755195770045","potions_obtained":[{"floor":8,"key":"LiquidBronze"},{"floor":10,"key":"BlessingOfTheForge"},{"floor":11,"key":"Dexterity Potion"}],"is_trial":false,"path_per_floor":["R","M","M","?","M","E","T","E","R","M","M","T","R","?","M","B"],"character_chosen":"THE_AUTOMATON","items_purchased":[],"campfire_rested":0,"item_purchase_floors":[],"current_hp_per_floor":[70,70,69,69,69,40,40,38,38,38,37,37,37,37,37,0,0,0],"gold":244,"neow_bonus":"ONE_RANDOM_RARE_CARD","is_daily":false,"chose_seed":false,"campfire_upgraded":3,"win_rate":0.0,"timestamp":1611737989,"path_taken":["R","M","M","?","M","E","T","E","R","?","M","?","R","?","M","BOSS"],"items_purchased_type":[],"build_version":"2020-12-18","purchased_purges":0,"victory":false,"max_hp_per_floor":[70,70,70,70,70,70,70,70,70,70,70,70,70,70,70,70,70,70],"card_choices":[{"not_picked":["bronze:BitShift","bronze:Return"],"picked":"bronze:Separator","floor":2},{"not_picked":["bronze:Turbo","bronze:BuggyMess"],"picked":"bronze:Branch","floor":3},{"not_picked":["bronze:CloningBeam","bronze:WildBeam"],"picked":"bronze:FindAndReplace","floor":5},{"not_picked":["bronze:BuggyMess","bronze:CutThrough"],"picked":"bronze:Branch","floor":6},{"not_picked":["bronze:BugBarrage","bronze:HyperBeam","bronze:Shield"],"picked":"SKIP","floor":8},{"not_picked":["bronze:BronzeArmor","bronze:BitShift","bronze:MaxOutput"],"picked":"SKIP","floor":10},{"not_picked":["bronze:BuggyMess","bronze:MaxOutput","bronze:BitShift"],"picked":"SKIP","floor":11},{"not_picked":[],"picked":"bronze:Explode","floor":14},{"not_picked":["bronze:Separator","bronze:DelayedGuard"],"picked":"bronze:Constructor","floor":15}],"player_experience":503703,"relics_obtained":[{"floor":6,"key":"Torii"},{"floor":7,"key":"Sundial"},{"floor":8,"key":"bronze:CableSpool"},{"floor":12,"key":"TungstenRod"}],"event_choices":[{"cards_removed":["bronze:Strike"],"damage_healed":0,"gold_gain":0,"player_choice":"Offered Basic","damage_taken":0,"max_hp_gain":0,"max_hp_loss":0,"event_name":"Bonfire Elementals","floor":4,"gold_loss":0}],"is_beta":true,"boss_relics":[],"items_purged_floors":[],"is_endless":false,"potions_floor_spawned":[8,10,11,14],"killed_by":"SI_SHIV_ARCHETYPE","ascension_level":0}}