{"host":"cgwysqtmt736mr58","time":1611714513,"event":{"mods":["2.2 Compatiblity","Aspiration","BaseMod","Beaked The Cultist","Colored Map","Colored Powertips","Downfall","Googly Eyes","Halation","Hermit","Hubris","Infinite Spire","Lobotomy","LobotomyExtend","Marisa????????","Minty Spire (QoL Compilation)","Relic Stats","Replay The Spire","Shade Mod","StSLib","The Bug Knight","The Construct","The Cursed","The Disciple","The Exalted","The Jungle","The Necromancer","The Runesmith","The Servant 0.9.4","The Wild Card","Waifu the Spire","Yuri Mod"],"gold_per_floor":[110,35,45,45,60,60,60,60,60,77,77,91,91,116,116,212,212,222,233,233,233,244,244,254,267,312,312,154,170,170,170,170,267,267,287,287,287,307,323,323,323,323,346,346,32,52,67,78,78,78,78],"floor_reached":52,"language":"ENG","playtime":8018,"items_purged":[],"score":604,"play_id":"ea4c9000-76c3-43d5-af88-561eb44b5ae3","local_time":"20210127132833","is_ascension_mode":false,"campfire_choices":[{"data":"construct:AttackMode","floor":6.0,"key":"SMITH"},{"floor":11.0,"key":"REST"},{"data":"construct:PowerUp","floor":13.0,"key":"SMITH"},{"data":"construct:LaserCore","floor":15.0,"key":"SMITH"},{"floor":23.0,"key":"REST"},{"data":"SoulSculpture","floor":30,"key":"SMITH"},{"floor":32,"key":"RECALL"},{"data":"BestPractice","floor":40,"key":"SMITH"},{"data":"construct:Bunker","floor":42,"key":"SMITH"},{"data":"construct:SiegeForm","floor":49,"key":"SMITH"}],"circlet_count":0,"master_deck":["construct:Strike_Gold","construct:Strike_Gold","construct:Strike_Gold","construct:Strike_Gold","construct:Defend_Gold","construct:Defend_Gold","construct:Defend_Gold","construct:AttackMode+1","construct:DefenseMode","construct:SweepLaser","construct:ReactiveShield+1","construct:ClusterMines","construct:ShiftStrike","construct:Boost","construct:PowerUp+1","construct:LaserCore+1","construct:SiegeForm+1","construct:SuppressiveFire","Underhanded Strike","Outmaneuver","ReplayTheSpireMod:The Works","construct:Boost+1","construct:ReactiveShield+1","SoulSculpture+1","construct:Electrocute","construct:Bunker+1","construct:OneWayMirror+1","BestPractice+1","construct:SaveState","construct:Forcefield+1","construct:Boost","construct:GuardCore+1"],"relics":["construct:Cogwheel","aspiration:DSix","LetterFromLob","Eternal Feather","bronze:MakeshiftBattery","aspiration:ServantSkillbook","halation:OrihimeAndHikoboshiSamaAndTears","Bromod:ArcaneTempo","hubris:Towel","infinitespire:Cupcake","Bromod:ArcaneEnergize","Frozen Eye","infinitespire:EmpoweringShard","Runesmith:Nanobots"],"acts_visited":["Exordium","TheCity","TheBeyond"],"potions_floor_usage":[24,29,33,33,48,48,50,50],"damage_taken":[{"damage":6.0,"enemies":"2 Louse","floor":1.0,"turns":4.0},{"damage":4.0,"enemies":"Jaw Worm","floor":3.0,"turns":3.0},{"damage":2.0,"enemies":"Cultist","floor":5.0,"turns":4.0},{"damage":11.0,"enemies":"Large Slime","floor":10.0,"turns":3.0},{"damage":9.0,"enemies":"Red Slaver","floor":12.0,"turns":3.0},{"damage":16.0,"enemies":"Gremlin Nob","floor":14.0,"turns":4.0},{"damage":51.0,"enemies":"The Guardian","floor":16.0,"turns":9.0},{"damage":11.0,"enemies":"3 Byrds","floor":18.0,"turns":3.0},{"damage":10.0,"enemies":"Spheric Guardian","floor":19.0,"turns":3.0},{"damage":32.0,"enemies":"Snake Plant","floor":22.0,"turns":4.0},{"damage":8,"enemies":"Centurion and Healer","floor":24,"turns":5},{"damage":0,"enemies":"3 Cultists","floor":25,"turns":4},{"damage":13,"enemies":"Snake Plant","floor":29,"turns":4},{"damage":10,"enemies":"hubris:MusketHawk","floor":33,"turns":6},{"damage":24,"enemies":"3 Shapes","floor":35,"turns":3},{"damage":2,"enemies":"3 Darklings","floor":38,"turns":4},{"damage":9,"enemies":"Sphere and 2 Shapes","floor":39,"turns":3},{"damage":0,"enemies":"Jaw Worm Horde","floor":46,"turns":1},{"damage":30,"enemies":"HollowMod:SlobberingHusk","floor":47,"turns":6},{"damage":0,"enemies":"Transient","floor":48,"turns":5},{"damage":42,"enemies":"Awakened One","floor":50,"turns":6}],"seed_played":"7224443007226915121","potions_obtained":[{"floor":10.0,"key":"Block Potion"},{"floor":12.0,"key":"Adrenaline Potion"},{"floor":16.0,"key":"Ancient Potion"},{"floor":19.0,"key":"Weak Potion"},{"floor":25,"key":"SkillPotion"},{"floor":33,"key":"Regen Potion"},{"floor":35,"key":"LifebloodPotion"},{"floor":38,"key":"champ:CounterPotion"},{"floor":48,"key":"sneckomod:MuddlingPotion"}],"is_trial":false,"path_per_floor":["M","$","M","?","M","R","$","?","T","M","R","M","R","E","R","B",null,"M","M","?","AVR","M","R","M","M","T","?","$","M","R","?","R_BF","B",null,"M","?","AVR","M","M","R","T","R","T","HB","$","M","M","M","R","B",null,null],"character_chosen":"THE_CONSTRUCT_MOD","items_purchased":["construct:ReactiveShield","SoulSculpture","Runesmith:Nanobots","construct:SaveState"],"campfire_rested":2,"item_purchase_floors":[2,28,45,45],"current_hp_per_floor":[79,79,75,75,73,73,73,73,73,62,85,76,76,60,69,18,85,74,64,64,64,32,69,61,61,61,70,70,57,72,72,85,75,85,61,61,61,59,50,65,65,80,80,43,43,43,13,28,43,1,1],"gold":78,"neow_bonus":"DSIX","is_daily":false,"chose_seed":false,"campfire_upgraded":7,"win_rate":0.0,"timestamp":1611714513,"path_taken":["M","$","M","?","M","R","$","?","T","M","R","?","R","E","R","BOSS","M","M","?","AVR","M","R","M","?","T","?","?","M","R","?","R_BF","BOSS","M","?","AVR","M","?","R","?","R","T","HB","?","M","M","M","R","BOSS"],"items_purchased_type":["Card","Card","Relic","Card"],"build_version":"2020-12-22","purchased_purges":0,"victory":true,"max_hp_per_floor":[85,85,85,85,85,85,85,85,85,85,85,85,85,85,85,85,85,85,85,85,85,85,85,85,85,85,85,85,85,85,85,85,85,85,85,85,85,85,85,85,85,85,85,43,43,43,43,43,43,43,43],"relic_stats":{"counters":[21,87],"Eternal Feather":94,"obtain_stats":[{"halation:OrihimeAndHikoboshiSamaAndTears":21,"Runesmith:Nanobots":45,"Eternal Feather":14,"hubris:Towel":31,"Frozen Eye":37,"construct:Cogwheel":0,"aspiration:ServantSkillbook":21,"Bromod:ArcaneTempo":26,"Bromod:ArcaneEnergize":37,"LetterFromLob":1,"infinitespire:EmpoweringShard":41,"aspiration:DSix":0,"bronze:MakeshiftBattery":17,"infinitespire:Cupcake":34},{"halation:OrihimeAndHikoboshiSamaAndTears":9,"Runesmith:Nanobots":17,"Eternal Feather":6,"hubris:Towel":13,"Frozen Eye":15,"construct:Cogwheel":0,"aspiration:ServantSkillbook":9,"Bromod:ArcaneTempo":12,"Bromod:ArcaneEnergize":15,"LetterFromLob":1,"infinitespire:EmpoweringShard":17,"aspiration:DSix":0,"bronze:MakeshiftBattery":7,"infinitespire:Cupcake":14},{"halation:OrihimeAndHikoboshiSamaAndTears":36,"Runesmith:Nanobots":69,"Eternal Feather":21,"hubris:Towel":53,"Frozen Eye":62,"construct:Cogwheel":0,"aspiration:ServantSkillbook":36,"Bromod:ArcaneTempo":49,"Bromod:ArcaneEnergize":62,"LetterFromLob":4,"infinitespire:EmpoweringShard":69,"aspiration:DSix":0,"bronze:MakeshiftBattery":30,"infinitespire:Cupcake":59}]},"card_choices":[{"not_picked":["construct:Boost","construct:Analyze"],"picked":"construct:SweepLaser","floor":1.0},{"not_picked":["construct:Autoturret","construct:Tumble"],"picked":"construct:ClusterMines","floor":3.0},{"not_picked":["construct:Boost","construct:Chainstrike"],"picked":"construct:ShiftStrike","floor":5.0},{"not_picked":["construct:ModeShift","construct:Autoturret"],"picked":"construct:Boost","floor":10.0},{"not_picked":["construct:ModeShift","construct:Boost"],"picked":"construct:PowerUp","floor":12.0},{"not_picked":["construct:VentSteam","construct:UnbalancingBlast"],"picked":"construct:LaserCore","floor":14.0},{"not_picked":["construct:Reserves","construct:BatteryCore"],"picked":"construct:SiegeForm","floor":16.0},{"not_picked":["construct:ModeShift","construct:Dampening","construct:FierceBash"],"picked":"SKIP","floor":18.0},{"not_picked":["construct:ClusterMines","construct:FocusedBeam"],"picked":"construct:SuppressiveFire","floor":19.0},{"not_picked":["construct:VentSteam","Replace+1","InstantArmor"],"picked":"construct:Boost+1","floor":22.0},{"not_picked":["construct:SaveState","Ricochet","construct:VentSteam"],"picked":"construct:ReactiveShield+1","floor":24},{"not_picked":["construct:Analyze","construct:ScrapCannon","DoubleEdge","Starlight"],"picked":"SKIP","floor":25},{"not_picked":["Starlight+1","Contraction","DancingSilver"],"picked":"construct:Electrocute","floor":29},{"not_picked":["Sunlight","ForgedInTime","construct:GatlingGun"],"picked":"construct:Bunker","floor":33},{"not_picked":["construct:Versatility+1","ShiftingGears+1","Ricochet"],"picked":"construct:OneWayMirror+1","floor":35},{"not_picked":["Rearm+1","construct:VentSteam","construct:FocusedBeam","construct:ClusterMines"],"picked":"SKIP","floor":38},{"not_picked":["construct:PowerUp+1","construct:Disrupt+1","construct:SuppressiveFire+1"],"picked":"BestPractice","floor":39},{"not_picked":["construct:ScopeCore+1","construct:GatlingGun","construct:SuppressiveFire"],"picked":"construct:Forcefield+1","floor":46},{"not_picked":["construct:Backup+1","Defy","construct:HeavyBolt+1"],"picked":"construct:Boost","floor":47},{"not_picked":["Potential+1","ShatteredReality","construct:Zapper+1"],"picked":"construct:GuardCore+1","floor":48}],"player_experience":1052503,"relics_obtained":[{"floor":1.0,"key":"LetterFromLob"},{"floor":14.0,"key":"Eternal Feather"},{"floor":26,"key":"Bromod:ArcaneTempo"},{"floor":41,"key":"infinitespire:EmpoweringShard"}],"event_choices":[{"damage_healed":0.0,"max_hp_gain":0.0,"max_hp_loss":0.0,"gold_gain":0.0,"event_name":"Living Wall","player_choice":"Grow","floor":4.0,"gold_loss":0.0,"damage_taken":0.0,"cards_upgraded":["construct:ReactiveShield"]},{"damage_healed":0.0,"max_hp_gain":0.0,"max_hp_loss":0.0,"gold_gain":0.0,"event_name":"Purifier","player_choice":"Ignored","floor":8.0,"gold_loss":0.0,"damage_taken":0.0},{"damage_healed":0,"gold_gain":0,"player_choice":"Ignored","damage_taken":0,"max_hp_gain":0,"max_hp_loss":0,"event_name":"SecretPortal","floor":36,"gold_loss":0}],"is_beta":false,"boss_relics":[{"not_picked":["Philosopher\u0027s Stone","Pandora\u0027s Box"],"picked":"bronze:MakeshiftBattery"},{"not_picked":["Painkiller Herb","halation:ForbiddenBikini"],"picked":"infinitespire:Cupcake"}],"items_purged_floors":[],"is_endless":false,"potions_floor_spawned":[10,12,16,19,25,33,35,38,48],"ascension_level":0}}