{"host":"5wf60zc4jjt9ov65","time":1611714704,"event":{"mods":["AchievementEnabler","BaseMod","Beaked The Cultist","Bestiary","Better Altar","Better Match","Better Note","Better Sensory Stone","Better Skull","Better Third Choice","BetterRewards","Colored Map","Colored Powertips","Downfall","Googly Eyes","Halation","Highlight Path","Hubris","Infinite Spire","Minty Spire (QoL Compilation)","Permanent Neow","Quick Restart","Relic Sorter","Replay The Spire","StSLib","SuperFastMode","The Bug Knight","The Construct"],"gold_per_floor":[113,125,175,190,115,152,152,175,175,191,204,240,364,112,112,234,234,258,258,258,133,149,149,285,285,285,310,260,263,263],"floor_reached":29,"language":"ENG","playtime":1748,"items_purged":["Strike_G","Defend_G","Regret"],"score":355,"play_id":"0690c895-7249-4361-939c-67dc534352c3","local_time":"20210126213144","is_ascension_mode":false,"campfire_choices":[{"data":"ReplayTheSpireMod:Necrosis","floor":7.0,"key":"SMITH"},{"data":"Footwork","floor":15.0,"key":"SMITH"},{"data":"Draining Mist","floor":23,"key":"SMITH"},{"data":"Bouncing Flask","floor":25,"key":"SMITH"}],"circlet_count":0,"master_deck":["Strike_G","Strike_G","Strike_G","Defend_G","Defend_G","Defend_G","Defend_G","Survivor","Neutralize","hubris:Insight","Dagger Spray","Noxious Fumes","Voices","Blur","ReplayTheSpireMod:Necrosis+1","PiercingWail","Deadly Poison","Overencumbered","Poisoned Stab","Noxious Fumes","Bouncing Flask+1","Footwork+1","ReplayTheSpireMod:Faulty Equipment","Corpse Explosion","Overencumbered","Looming Evil","Draining Mist+1","Acrobatics+1","hubris:Greed","Catalyst"],"relics":["Ring of the Snake","halation:Pancakes","hubris:TerracottaHorce","ReplayTheSpireMod:Ring of Exchange","Ring of Greed","halation:IllGainedPizza","hubris:MobiusCoin","hubris:TinFlute","Oddly Smooth Stone","Replay:Rubber Ducky","Question Card"],"acts_visited":["Exordium","TheCity"],"potions_floor_usage":[22,22,24,24,27],"damage_taken":[{"damage":4.0,"enemies":"Jaw Worm","floor":1.0,"turns":5.0},{"damage":0.0,"enemies":"Small Slimes","floor":2.0,"turns":3.0},{"damage":1.0,"enemies":"2 Louse","floor":4.0,"turns":3.0},{"damage":29.0,"enemies":"Lagavulin","floor":6.0,"turns":8.0},{"damage":16.0,"enemies":"Large Slime","floor":8.0,"turns":8.0},{"damage":0.0,"enemies":"Exordium Wildlife","floor":10.0,"turns":4.0},{"damage":1.0,"enemies":"Looter","floor":11.0,"turns":5.0},{"damage":4.0,"enemies":"Replay:BlueRogue","floor":12.0,"turns":6.0},{"damage":7.0,"enemies":"Gremlin Gang","floor":13.0,"turns":4.0},{"damage":19.0,"enemies":"Hexaghost","floor":16.0,"turns":10.0},{"damage":6,"enemies":"3 Byrds","floor":18,"turns":3},{"damage":16,"enemies":"2 Thieves","floor":22,"turns":4},{"damage":4,"enemies":"Slavers","floor":24,"turns":3},{"damage":22,"enemies":"Cultist and Chosen","floor":27,"turns":6},{"damage":15,"enemies":"Replay:Snechameleon","floor":29,"turns":2}],"seed_played":"3362715866473896965","potions_obtained":[{"floor":1.0,"key":"Elixir"},{"floor":6.0,"key":"FearPotion"},{"floor":8.0,"key":"BlessingOfTheForge"},{"floor":13.0,"key":"GamblersBrew"},{"floor":19,"key":"GhostInAJar"},{"floor":19,"key":"Weak Potion"},{"floor":19,"key":"Swift Potion"},{"floor":22,"key":"Ancient Potion"},{"floor":24,"key":"Block Potion"}],"is_trial":false,"path_per_floor":["M","M","?","M","$","E","R","M","T","M","M","E","M","$","R","B",null,"M","?","?","$","M","R","E","R","T","M","?","E"],"character_chosen":"THE_SILENT","items_purchased":["Bouncing Flask","Footwork"],"campfire_rested":0,"item_purchase_floors":[14,14],"current_hp_per_floor":[66,66,66,65,65,36,36,20,20,20,19,56,49,49,49,30,60,54,54,54,54,38,38,34,34,34,12,12,0,0],"gold":263,"neow_bonus":"RANDOM_COLORLESS","is_daily":false,"chose_seed":false,"campfire_upgraded":4,"win_rate":0.0,"timestamp":1611714704,"path_taken":["M","M","?","M","$","E","R","M","T","M","M","E","M","$","R","BOSS","M","?","?","?","M","R","E","R","T","?","?","E"],"items_purchased_type":["Card","Card"],"build_version":"2020-12-22","purchased_purges":3,"victory":false,"max_hp_per_floor":[70,70,70,70,70,70,70,70,70,70,70,70,70,70,70,70,70,70,70,70,70,70,70,70,70,70,70,70,70,70],"card_choices":[{"not_picked":["Swift Strike","ReplayTheSpireMod:Trickstab"],"picked":"hubris:Insight","floor":0.0},{"not_picked":["Hidden Blade","hubris:SlightOfHand"],"picked":"Dagger Spray","floor":1.0},{"not_picked":["Toxin Wave","Backstab"],"picked":"Noxious Fumes","floor":2.0},{"not_picked":["Riddle With Holes","Dash"],"picked":"Blur","floor":4.0},{"not_picked":["Cloak And Dagger","Deflect"],"picked":"ReplayTheSpireMod:Necrosis","floor":6.0},{"not_picked":["Prepared","Slice"],"picked":"PiercingWail","floor":8.0},{"not_picked":["hubris:TrickCloak","Outmaneuver"],"picked":"Deadly Poison","floor":10.0},{"not_picked":["Dagger Spray","hubris:SlightOfHand"],"picked":"Poisoned Stab","floor":11.0},{"not_picked":["Bane","Sucker Punch"],"picked":"Noxious Fumes","floor":12.0},{"not_picked":["Quick Slash","ReplayTheSpireMod:Shiv Toss","hubris:SlightOfHand"],"picked":"SKIP","floor":13.0},{"not_picked":["Quick Slash","ReplayTheSpireMod:Shiv Toss","hubris:SlightOfHand"],"picked":"SKIP","floor":13.0},{"not_picked":["Wraith Form v2","Die Die Die"],"picked":"Corpse Explosion","floor":16.0},{"not_picked":["ReplayTheSpireMod:Shiv Toss","Hidden Blade","Poisoned Stab+1"],"picked":"SKIP","floor":18},{"not_picked":["Quick Slash","Prepared"],"picked":"Draining Mist","floor":22},{"not_picked":["Doppelganger","hubris:Counter"],"picked":"Acrobatics+1","floor":24},{"not_picked":["Deflect+1","Dodge and Roll","Backstab"],"picked":"Catalyst","floor":27}],"player_experience":133231,"relics_obtained":[{"floor":3.0,"key":"ReplayTheSpireMod:Ring of Exchange"},{"floor":3.0,"key":"Ring of Greed"},{"floor":3.0,"key":"halation:IllGainedPizza"},{"floor":3.0,"key":"hubris:MobiusCoin"},{"floor":6.0,"key":"hubris:TinFlute"},{"floor":9.0,"key":"Oddly Smooth Stone"},{"floor":12.0,"key":"halation:Pancakes"},{"floor":24,"key":"Replay:Rubber Ducky"},{"floor":26,"key":"Question Card"}],"event_choices":[{"damage_healed":0,"gold_gain":0,"player_choice":"Got Potions","damage_taken":0,"max_hp_gain":0,"max_hp_loss":0,"event_name":"Lab","floor":19,"gold_loss":0},{"cards_removed":["Strike_G"],"damage_healed":0,"gold_gain":0,"player_choice":"Purged","damage_taken":0,"max_hp_gain":0,"max_hp_loss":0,"event_name":"Purifier","floor":20,"gold_loss":0},{"damage_healed":0,"gold_gain":0,"player_choice":"Bet on Murderer","damage_taken":0,"max_hp_gain":0,"max_hp_loss":0,"event_name":"The Joust","floor":28,"gold_loss":50}],"is_beta":false,"boss_relics":[{"not_picked":["PrismaticShard","Snecko Scales"],"picked":"hubris:TerracottaHorce"}],"items_purged_floors":[5,14,21],"is_endless":false,"potions_floor_spawned":[1,6,8,13,16,22,24],"killed_by":"Replay:Snechameleon","ascension_level":0}}