{"host":"u7lm8z2rvb4dg2oo","time":1611723350,"event":{"mods":["AchievementEnabler","BaseMod","Bestiary","Block Reminder","Colored Map","Colored Powertips","Curses Come First","DeckTracker","Googly Eyes","Highlight Path","Minty Spire (QoL Compilation)","Quick Restart","StSLib"],"gold_per_floor":[113,113,131,143,143,171,171,171,171],"floor_reached":8,"language":"ENG","playtime":444,"items_purged":[],"score":84,"play_id":"f1430f28-be3b-4bb1-965a-7010c1f95145","local_time":"20210126235550","is_ascension_mode":true,"campfire_choices":[{"data":"Caltrops","floor":7,"key":"SMITH"}],"circlet_count":0,"master_deck":["AscendersBane","Strike_G","Strike_G","Strike_G+1","Strike_G","Defend_G","Defend_G","Defend_G","Defend_G","Defend_G","Survivor","Neutralize","Caltrops+1","Bane+1","PiercingWail","Backstab"],"relics":["Ring of the Snake","Whetstone"],"acts_visited":["Exordium"],"potions_floor_usage":[6,6,6],"damage_taken":[{"damage":0.0,"enemies":"Cultist","floor":1.0,"turns":4.0},{"damage":2.0,"enemies":"Jaw Worm","floor":3.0,"turns":6.0},{"damage":4.0,"enemies":"2 Louse","floor":4.0,"turns":3.0},{"damage":28,"enemies":"3 Sentries","floor":6,"turns":14},{"damage":35,"enemies":"Gremlin Nob","floor":8,"turns":4}],"seed_played":"-5953063585840010816","potions_obtained":[{"floor":0.0,"key":"LiquidMemories"},{"floor":0.0,"key":"Regen Potion"},{"floor":0.0,"key":"DuplicationPotion"},{"floor":1.0,"key":"DistilledChaos"}],"is_trial":false,"path_per_floor":["M","?","M","M","?","E","R","E"],"character_chosen":"THE_SILENT","items_purchased":[],"campfire_rested":0,"item_purchase_floors":[],"current_hp_per_floor":[63,56,54,50,55,27,27,0,0],"gold":171,"neow_bonus":"THREE_SMALL_POTIONS","is_daily":false,"chose_seed":false,"campfire_upgraded":1,"win_rate":0.0,"timestamp":1611723350,"path_taken":["M","?","M","M","?","E","R","E"],"items_purchased_type":[],"build_version":"2020-12-22","purchased_purges":0,"victory":false,"max_hp_per_floor":[70,70,70,70,75,75,75,75,75],"card_choices":[{"not_picked":["Distraction","Blade Dance"],"picked":"Caltrops","floor":1.0},{"not_picked":["Dagger Throw","Prepared"],"picked":"Bane","floor":3.0},{"not_picked":["Flying Knee","Setup"],"picked":"PiercingWail","floor":4.0},{"not_picked":["Backflip","Sucker Punch"],"picked":"Backstab","floor":6}],"player_experience":1036310,"relics_obtained":[{"floor":6,"key":"Whetstone"}],"event_choices":[{"cards_removed":["Strike_G"],"damage_healed":0.0,"max_hp_gain":0.0,"max_hp_loss":0.0,"gold_gain":0.0,"event_name":"Golden Wing","player_choice":"Card Removal","floor":2.0,"gold_loss":0.0,"damage_taken":7.0},{"damage_healed":0.0,"max_hp_gain":5.0,"max_hp_loss":0.0,"gold_gain":0.0,"event_name":"Big Fish","player_choice":"Donut","floor":5.0,"gold_loss":0.0,"damage_taken":0.0}],"is_beta":false,"boss_relics":[],"items_purged_floors":[],"is_endless":false,"potions_floor_spawned":[1,4],"killed_by":"Gremlin Nob","ascension_level":10}}