{"host":"hfcva6mq15ctj0gu","time":1611782256,"event":{"mods":["Abigail Mod","AchievementEnabler","Act Like it!","Alarm Clock","BaseMod","Better Altar","Better Match","Better Skull","Better Third Choice","BetterRewards","Booster Modes","CapriCore","Card Forge","Colored Map","Curses Come First","Disable Question Mark Monsters","Displayed Cursed Tome","Emptier Cage","FoggyMod","Friendly Minions","Gold Saver","Good Game Mod","Grow up Mod","Highlight Path","Kratos Character Expansion","Minty Spire (QoL Compilation)","Permanent Neow","Poem Panic","Remilia??????","Shade Mod","Shop Mod","StSLib","The Immortal","The Servant 0.9.4","The Vixen","Transform Curses","Virulent Crown","????"],"gold_per_floor":[1545,1545,1158,1158,587,237,288,288,288,288,288,617,801,822,174,283,283,303,303,303,303,191,221,221,221,221,262,49,49,58,67,67,177,177,201,181,190,208,242,164,206,206,215,254,263,263,319,369,369,369,369,369,67,110,110],"floor_reached":56,"language":"ENG","playtime":1806,"items_purged":[],"score":2081,"play_id":"fe1abc60-3ac5-4c03-8974-4341a6a0c315","local_time":"20210127221736","is_ascension_mode":false,"campfire_choices":[{"floor":25,"key":"RECALL"},{"floor":49,"key":"DIG"},{"floor":52,"key":"DIG"}],"circlet_count":0,"master_deck":["BattleHymn+1","Sadistic Nature+1","Panache+1","Panache+1","Prostrate+1","CutThroughFate+1","ThirdEye+1","JustLucky+1","LikeWater+1","Dark Shackles+1","LikeWater+1","ThirdEye+1","Doubt","Omniscience+1","Pray+1","Fasting2+1","Fasting2+1","RitualDagger+1","Necronomicurse","Scrawl+1","JustLucky+1","Pain","Sadistic Nature+1","Panache+1","Doubt","Panache+1","Devotion+1","Decay","Omniscience+1","Decay","JustLucky+1","JustLucky+1"],"relics":["HolyWater","Hammer of Thor","Seething Fire","Anvil of the Gods","REME:ComplimentaryCards","Tiny Chest","Medical Kit","MerchantsRug","Dead Branch","Thread and Needle","PreservedInsect","CeramicFish","Frozen Eye","StoneCalendar","Juzu Bracelet","Akabeko","TheAbacus","HandDrill","Oddly Smooth Stone","Anchor","Lantern","Vajra","Bottled Flame","Meat on the Bone","KratosMod:chalice","Odd Mushroom","The Courier","Happy Flower","TeardropLocket","Gremlin Horn","Ornamental Fan","Strawberry","Chemical X","Bronze Scales","Pantograph","Necronomicon","Cursed Key","Art of War","Damaru","Dream Catcher","InkBottle","Bird Faced Urn","KratosMod:minohorn","Shovel","Lizard Tail","Mummified Hand","Sundial","Bag of Preparation","Melange","Nunchaku","Kunai"],"acts_visited":["Exordium","TheCity","TheBeyond","TheEnding"],"potions_floor_usage":[],"damage_taken":[{"damage":1,"enemies":"2 Louse","floor":1,"turns":2},{"damage":0,"enemies":"Gremlin Nob","floor":7,"turns":2},{"damage":2,"enemies":"Lagavulin","floor":12,"turns":2},{"damage":2,"enemies":"The Mushroom Lair","floor":14,"turns":2},{"damage":3,"enemies":"Slime Boss","floor":16,"turns":3},{"damage":2,"enemies":"Spheric Guardian","floor":18,"turns":2},{"damage":2,"enemies":"Book of Stabbing","floor":23,"turns":2},{"damage":10,"enemies":"Slavers","floor":27,"turns":2},{"damage":3,"enemies":"Collector","floor":33,"turns":3},{"damage":22,"enemies":"3 Darklings","floor":35,"turns":3},{"damage":10,"enemies":"Giant Head","floor":41,"turns":3},{"damage":17,"enemies":"Reptomancer","floor":44,"turns":2},{"damage":35,"enemies":"2 Orb Walkers","floor":47,"turns":2},{"damage":17,"enemies":"Mind Bloom Boss Battle","floor":48,"turns":3},{"damage":107,"enemies":"Awakened One","floor":50,"turns":6},{"damage":1,"enemies":"Shield and Spear","floor":54,"turns":1},{"damage":52,"enemies":"The Heart","floor":55,"turns":5}],"seed_played":"-2936931644014992952","potions_obtained":[{"floor":1,"key":"Ancient Potion"},{"floor":18,"key":"GamblersBrew"},{"floor":24,"key":"LiquidMemories"},{"floor":24,"key":"Energy Potion"},{"floor":24,"key":"Fire Potion"},{"floor":33,"key":"GamblersBrew"},{"floor":35,"key":"ColorlessPotion"},{"floor":36,"key":"PowerPotion"},{"floor":44,"key":"GamblersBrew"},{"floor":48,"key":"Fire Potion"},{"floor":54,"key":"FearPotion"}],"is_trial":false,"path_per_floor":["M","?","$","?","$","R","E","?","T","T","?","E","?","?","R","B",null,"M","T","?","?","$","E","?","R","T","E","R","T","?","?","R","B",null,"M","?","T","?","T","R","E","?","T","E","T","?","?","?","R","B",null,"R","$","E","B",null],"character_chosen":"WATCHER","items_purchased":["Tiny Chest","Medical Kit","MerchantsRug","BattleHymn","Dead Branch","Sadistic Nature","Panache","PreservedInsect","DollysMirror","CeramicFish","Frozen Eye","CutThroughFate","ThirdEye","Juzu Bracelet","Akabeko","TheAbacus","JustLucky","LikeWater","HandDrill","Oddly Smooth Stone","Dark Shackles","The Courier","Happy Flower","TeardropLocket","Panache","Ornamental Fan","Chemical X","Bronze Scales","Fasting2","Panache","Bag of Preparation","Melange","Nunchaku"],"campfire_rested":0,"item_purchase_floors":[0,0,0,0,0,0,0,0,0,3,3,3,3,5,5,5,5,5,6,6,6,15,15,15,15,22,28,28,28,40,53,53,53],"current_hp_per_floor":[91,101,111,103,113,123,133,14,24,34,44,64,74,94,104,123,252,260,270,280,290,300,308,318,328,338,345,355,365,369,363,373,405,429,417,427,437,437,447,457,457,467,477,470,480,490,485,517,527,486,599,609,619,629,610],"gold":110,"neow_bonus":"","is_daily":false,"chose_seed":false,"campfire_upgraded":0,"win_rate":0.0,"timestamp":1611782256,"path_taken":["M","?","$","?","$","R","E","?","T","?","?","E","?","?","R","BOSS","M","?","?","?","$","E","?","R","T","E","R","?","?","?","R","BOSS","M","?","?","?","?","R","E","?","T","E","?","?","?","?","R","BOSS","R","$","E","BOSS"],"items_purchased_type":["Relic","Relic","Relic","Card","Relic","Card","Card","Relic","Relic","Relic","Relic","Card","Card","Relic","Relic","Relic","Card","Card","Relic","Relic","Card","Relic","Relic","Relic","Card","Relic","Relic","Relic","Card","Card","Relic","Relic","Relic"],"build_version":"2020-12-22","purchased_purges":0,"victory":true,"max_hp_per_floor":[92,102,112,122,132,142,152,162,172,182,192,202,212,222,232,242,252,262,272,282,292,302,312,322,332,342,359,369,379,389,399,409,419,429,439,449,459,469,479,489,499,509,519,529,539,549,559,569,579,589,599,609,619,629,649],"card_choices":[{"not_picked":["FlyingSleeves","FearNoEvil"],"picked":"Prostrate","floor":1},{"not_picked":["Vengeance","WheelKick"],"picked":"ThirdEye","floor":7},{"not_picked":["WindmillStrike"],"picked":"SKIP","floor":12},{"not_picked":["Brilliance","DeusExMachina"],"picked":"Omniscience","floor":16},{"not_picked":["Protect+1","ClearTheMind"],"picked":"Pray","floor":18},{"not_picked":["Evaluate+1","Meditate","DeceiveReality"],"picked":"SKIP","floor":23},{"not_picked":["Meditate","EmptyFist+1"],"picked":"Fasting2+1","floor":27},{"not_picked":["Judgement","LessonLearned"],"picked":"Scrawl","floor":33},{"not_picked":["EmptyBody","ForeignInfluence+1"],"picked":"JustLucky+1","floor":35},{"not_picked":["Apotheosis","Finesse"],"picked":"Sadistic Nature","floor":38},{"not_picked":["Transmutation","Good Instincts"],"picked":"Panache","floor":38},{"not_picked":["Evaluate","ClearTheMind"],"picked":"Devotion","floor":41},{"not_picked":["Protect+1","InnerPeace+1"],"picked":"Omniscience","floor":44},{"not_picked":["BowlingBash","SignatureMove"],"picked":"JustLucky","floor":47},{"not_picked":["Brilliance","CutThroughFate+1"],"picked":"JustLucky+1","floor":54}],"player_experience":112127,"relics_obtained":[{"floor":7,"key":"Ancient Tea Set"},{"floor":9,"key":"Bottled Flame"},{"floor":10,"key":"Meat on the Bone"},{"floor":12,"key":"Old Coin"},{"floor":14,"key":"Odd Mushroom"},{"floor":19,"key":"Gremlin Horn"},{"floor":23,"key":"AntiCross"},{"floor":27,"key":"Strawberry"},{"floor":29,"key":"Pantograph"},{"floor":37,"key":"Art of War"},{"floor":39,"key":"Damaru"},{"floor":41,"key":"Dream Catcher"},{"floor":43,"key":"InkBottle"},{"floor":44,"key":"Bird Faced Urn"},{"floor":45,"key":"KratosMod:minohorn"},{"floor":47,"key":"Shovel"},{"floor":48,"key":"Lizard Tail"},{"floor":49,"key":"Mummified Hand"},{"floor":52,"key":"Sundial"},{"floor":54,"key":"Kunai"}],"event_choices":[{"damage_healed":91,"gold_gain":0,"player_choice":"Leave","damage_taken":0,"max_hp_gain":0,"max_hp_loss":92,"event_name":"betterThird:BetterShining","floor":2,"gold_loss":0},{"damage_healed":0,"gold_gain":0,"player_choice":"Relic ","damage_taken":18,"max_hp_gain":0,"max_hp_loss":0,"event_name":"betterThird:BetterScrap","floor":4,"gold_loss":0,"cards_obtained":["Buffer"]},{"damage_healed":0,"gold_gain":0,"player_choice":"RE RE RE RE ","damage_taken":137,"relics_obtained":["War Paint","Anchor","Lantern","Vajra"],"max_hp_gain":0,"max_hp_loss":0,"event_name":"betterSkull:BetterSkull","floor":8,"gold_loss":0,"cards_upgraded":[]},{"damage_healed":0,"gold_gain":175,"player_choice":"AGREE","damage_taken":617,"max_hp_gain":0,"max_hp_loss":0,"event_name":"betterThird:BetterSerpent","floor":13,"gold_loss":0},{"damage_healed":0,"gold_gain":0,"player_choice":"Fought Mushrooms","damage_taken":0,"max_hp_gain":0,"max_hp_loss":0,"event_name":"Mushrooms","floor":14,"gold_loss":0},{"damage_healed":0,"gold_gain":0,"player_choice":"Simplicity","damage_taken":0,"max_hp_gain":0,"max_hp_loss":0,"event_name":"betterThird:BetterWriting","floor":20,"gold_loss":0},{"damage_healed":0,"gold_gain":0,"player_choice":"Ignored","damage_taken":0,"max_hp_gain":0,"max_hp_loss":0,"event_name":"Vampires","floor":21,"gold_loss":0},{"damage_healed":0,"gold_gain":0,"player_choice":"Got Potions","damage_taken":0,"max_hp_gain":0,"max_hp_loss":0,"event_name":"Lab","floor":24,"gold_loss":0},{"damage_healed":0,"gold_gain":0,"player_choice":"Dagger","damage_taken":6,"max_hp_gain":0,"max_hp_loss":0,"event_name":"betterThird:BetterNest","floor":30,"gold_loss":0,"cards_obtained":["RitualDagger"]},{"damage_healed":0,"gold_gain":0,"player_choice":"Obtained Book","damage_taken":16,"max_hp_gain":0,"max_hp_loss":0,"event_name":"Cursed Tome","floor":31,"gold_loss":0},{"damage_healed":0,"gold_gain":0,"player_choice":"Bought 1 Potion","damage_taken":0,"max_hp_gain":0,"max_hp_loss":0,"event_name":"The Woman in Blue","floor":36,"gold_loss":0},{"damage_healed":0,"gold_gain":0,"player_choice":"Memory 3","damage_taken":10,"max_hp_gain":0,"max_hp_loss":0,"event_name":"SensoryStone","floor":38,"gold_loss":0},{"damage_healed":0,"gold_gain":0,"player_choice":"Ignored","damage_taken":0,"max_hp_gain":0,"max_hp_loss":0,"event_name":"Tomb of Lord Red Mask","floor":42,"gold_loss":0},{"cards_removed":["Panache"],"damage_healed":0,"gold_gain":0,"player_choice":"Removed Power","damage_taken":0,"max_hp_gain":0,"max_hp_loss":0,"event_name":"Falling","floor":46,"gold_loss":0},{"damage_healed":0,"gold_gain":0,"player_choice":"Fight","damage_taken":0,"max_hp_gain":0,"max_hp_loss":0,"event_name":"Mysterious Sphere","floor":47,"gold_loss":0},{"damage_healed":0,"gold_gain":0,"player_choice":"Fight","damage_taken":0,"max_hp_gain":0,"max_hp_loss":0,"event_name":"MindBloom","floor":48,"gold_loss":0}],"is_beta":false,"boss_relics":[{"not_picked":["Runic Pyramid","SacredBark"],"picked":"HolyWater"},{"not_picked":["Runic Dome","Astrolabe"],"picked":"Cursed Key"}],"items_purged_floors":[],"is_endless":false,"potions_floor_spawned":[1,18,27,33,35,44,48,54],"ascension_level":0}}