{"host":"fuszjwm6fqgjjp4d","time":1611717410,"event":{"mods":["BaseMod","Bestiary","Colored Map","DeckTracker","Minty Spire (QoL Compilation)","Permanent Neow","Relic Sorter","Relic Stats","StSLib"],"gold_per_floor":[119,137,287,33,33,33,64,82,82,92,92,158,174,204,204,280,280,295,308,50,100,118,145,145,395,395,428,447,467,495,514,514,588,638,649,699,749,799,849,849,438,438,438,438,438],"floor_reached":44,"language":"ENG","playtime":1672,"items_purged":["Doubt","Strike_P","Writhe"],"score":1102,"play_id":"eb25461f-7d34-4657-8cdd-38772678e913","local_time":"20210126211650","is_ascension_mode":true,"campfire_choices":[{"data":"Eruption","floor":6.0,"key":"SMITH"},{"data":"Adaptation","floor":11.0,"key":"SMITH"},{"data":"Tantrum","floor":15.0,"key":"SMITH"},{"data":"LessonLearned","floor":24.0,"key":"SMITH"},{"data":"FearNoEvil","floor":32.0,"key":"SMITH"},{"data":"ConjureBlade","floor":40,"key":"SMITH"},{"data":"Conclude","floor":42,"key":"SMITH"}],"circlet_count":0,"master_deck":["AscendersBane","Defend_P","Defend_P","Defend_P","Defend_P+1","Eruption+1","Vigilance+1","FlyingSleeves+1","Tantrum+1","Adaptation+1","Impatience","FearNoEvil","BowlingBash","Conclude+1","Perseverance+1","Meditate","LessonLearned+1","FollowUp","Wallop+1","Bite+1","Bite","Bite+1","Bite+1","Bite","EmptyBody","FearNoEvil+1","Wallop+1","ConjureBlade+1","EmptyFist","Perseverance+1"],"relics":["PureWater","SsserpentHead","Pocketwatch","Calipers","Question Card","VioletLotus","ClockworkSouvenir","StrikeDummy","Kunai","Regal Pillow","Juzu Bracelet","Tiny House","War Paint","Lantern","Oddly Smooth Stone"],"acts_visited":["Exordium","TheCity","TheBeyond"],"potions_floor_usage":[44],"damage_taken":[{"damage":4.0,"enemies":"Small Slimes","floor":1.0,"turns":4.0},{"damage":0.0,"enemies":"Cultist","floor":2.0,"turns":3.0},{"damage":22.0,"enemies":"Gremlin Nob","floor":7.0,"turns":3.0},{"damage":5.0,"enemies":"2 Louse","floor":8.0,"turns":2.0},{"damage":1.0,"enemies":"Red Slaver","floor":10.0,"turns":3.0},{"damage":1.0,"enemies":"Looter","floor":12.0,"turns":2.0},{"damage":0.0,"enemies":"Exordium Thugs","floor":13.0,"turns":2.0},{"damage":0.0,"enemies":"Lagavulin","floor":14.0,"turns":4.0},{"damage":22.0,"enemies":"The Guardian","floor":16.0,"turns":9.0},{"damage":23.0,"enemies":"3 Byrds","floor":18.0,"turns":4.0},{"damage":12.0,"enemies":"Spheric Guardian","floor":19.0,"turns":3.0},{"damage":0.0,"enemies":"Cultist and Chosen","floor":22.0,"turns":3.0},{"damage":19.0,"enemies":"Slavers","floor":23.0,"turns":3.0},{"damage":0.0,"enemies":"Gremlin Leader","floor":27.0,"turns":5.0},{"damage":9.0,"enemies":"Centurion and Healer","floor":28.0,"turns":13.0},{"damage":3.0,"enemies":"3 Cultists","floor":29.0,"turns":3.0},{"damage":18.0,"enemies":"Book of Stabbing","floor":30.0,"turns":3.0},{"damage":11.0,"enemies":"Shelled Parasite and Fungi","floor":31.0,"turns":3.0},{"damage":47.0,"enemies":"Champ","floor":33.0,"turns":16.0},{"damage":38.0,"enemies":"3 Shapes","floor":35.0,"turns":15.0},{"damage":98,"enemies":"Reptomancer","floor":44,"turns":10}],"seed_played":"-3808944339007954759","potions_obtained":[{"floor":1.0,"key":"Ancient Potion"},{"floor":8.0,"key":"EntropicBrew"},{"floor":10.0,"key":"SteroidPotion"},{"floor":23.0,"key":"Explosive Potion"},{"floor":27.0,"key":"SteroidPotion"},{"floor":30.0,"key":"DuplicationPotion"},{"floor":31.0,"key":"DistilledChaos"},{"floor":34.0,"key":"SkillPotion"},{"floor":35.0,"key":"Swift Potion"}],"is_trial":false,"path_per_floor":["M","M","?","$","?","R","E","M","T","M","R","M","M","E","R","B",null,"M","M","$","?","M","E","R","?","T","E","M","M","E","M","R","B",null,"M","?","?","?","?","R","$","R","T","E"],"character_chosen":"WATCHER","items_purchased":["Adaptation","Impatience","ClockworkSouvenir","War Paint","Lantern"],"campfire_rested":0,"item_purchase_floors":[4,4,20,41,41],"current_hp_per_floor":[59,61,61,61,61,61,41,38,38,39,39,40,42,44,44,24,57,36,26,26,26,30,15,15,15,15,21,55,60,49,48,48,30,64,45,60,60,60,60,60,60,60,60,0,0],"gold":438,"neow_bonus":"RANDOM_COMMON_RELIC","is_daily":false,"chose_seed":false,"campfire_upgraded":7,"win_rate":0.0,"timestamp":1611717410,"path_taken":["M","M","?","$","?","R","E","M","T","M","R","?","M","E","R","BOSS","M","M","$","?","M","E","R","?","T","E","M","M","E","M","R","BOSS","M","?","?","?","?","R","?","R","T","E"],"items_purchased_type":["Card","Card","Relic","Relic","Relic"],"build_version":"2020-12-22","purchased_purges":3,"victory":false,"max_hp_per_floor":[68,68,68,68,68,68,68,68,68,68,68,68,68,68,68,68,68,68,68,68,68,68,68,68,68,68,68,68,68,68,68,68,68,73,73,73,73,73,73,73,73,73,73,73,73],"relic_stats":{"SsserpentHead":400,"Regal Pillow":0,"counters":[21,113],"VioletLotus":[16],"Juzu Bracelet":1,"Kunai":[29],"War Paint":["Defend_P","Vigilance"],"Question Card":14,"obtain_stats":[{"Regal Pillow":27,"Lantern":41,"Calipers":9,"Tiny House":34,"Oddly Smooth Stone":43,"Juzu Bracelet":30,"War Paint":41,"Question Card":14,"ClockworkSouvenir":20,"Blood Vial":0,"SsserpentHead":5,"VioletLotus":17,"Kunai":26,"PureWater":0,"StrikeDummy":23,"Pocketwatch":7},{"Regal Pillow":14,"Lantern":20,"Calipers":4,"Tiny House":19,"Oddly Smooth Stone":20,"Juzu Bracelet":17,"War Paint":20,"Question Card":8,"ClockworkSouvenir":11,"Blood Vial":0,"SsserpentHead":2,"VioletLotus":9,"Kunai":13,"PureWater":0,"StrikeDummy":13,"Pocketwatch":3},{"Regal Pillow":50,"Lantern":103,"Calipers":12,"Tiny House":88,"Oddly Smooth Stone":103,"Juzu Bracelet":69,"War Paint":103,"Question Card":23,"ClockworkSouvenir":39,"Blood Vial":0,"SsserpentHead":7,"VioletLotus":32,"Kunai":45,"PureWater":0,"StrikeDummy":45,"Pocketwatch":10}],"Pocketwatch":[162]},"card_choices":[{"not_picked":["Vengeance","Halt"],"picked":"FlyingSleeves","floor":1.0},{"not_picked":["Fasting2","Prostrate"],"picked":"Tantrum","floor":2.0},{"not_picked":["WindmillStrike","Protect","Nirvana"],"picked":"SKIP","floor":7.0},{"not_picked":["Pray","Swivel"],"picked":"FearNoEvil","floor":8.0},{"not_picked":["Consecrate","ForeignInfluence"],"picked":"BowlingBash","floor":10.0},{"not_picked":["WaveOfTheHand","CarveReality"],"picked":"Conclude","floor":12.0},{"not_picked":["WheelKick","Devotion"],"picked":"Perseverance","floor":13.0},{"not_picked":["FlurryOfBlows","ClearTheMind"],"picked":"Meditate","floor":14.0},{"not_picked":["Brilliance","Omniscience","MasterReality"],"picked":"LessonLearned","floor":16.0},{"not_picked":["Consecrate","ThirdEye","Pray"],"picked":"FollowUp","floor":18.0},{"not_picked":["Consecrate","Wireheading","SashWhip"],"picked":"Wallop","floor":19.0},{"not_picked":["SignatureMove","ThirdEye","EmptyFist"],"picked":"EmptyBody","floor":22.0},{"not_picked":["Study","PathToVictory","Weave+1","CutThroughFate"],"picked":"SKIP","floor":23.0},{"not_picked":["BattleHymn","JustLucky","SignatureMove+1","DeusExMachina"],"picked":"SKIP","floor":27.0},{"not_picked":["MentalFortress","PathToVictory","Prostrate"],"picked":"FearNoEvil","floor":28.0},{"not_picked":["FlyingSleeves","PathToVictory","Perseverance","ThirdEye"],"picked":"SKIP","floor":29.0},{"not_picked":["Halt","CrushJoints","CutThroughFate"],"picked":"Wallop+1","floor":30.0},{"not_picked":["PathToVictory","WheelKick","DeceiveReality","Study"],"picked":"SKIP","floor":31.0},{"not_picked":["Scrawl","Alpha","MasterReality"],"picked":"ConjureBlade","floor":33.0},{"not_picked":["FlyingSleeves","Protect","PathToVictory+1"],"picked":"EmptyFist","floor":34.0},{"not_picked":["FollowUp","Worship","Judgement","ClearTheMind"],"picked":"SKIP","floor":35.0}],"player_experience":1356158,"relics_obtained":[{"floor":7.0,"key":"Pocketwatch"},{"floor":9.0,"key":"Calipers"},{"floor":14.0,"key":"Question Card"},{"floor":23.0,"key":"StrikeDummy"},{"floor":26.0,"key":"Kunai"},{"floor":27.0,"key":"Regal Pillow"},{"floor":30.0,"key":"Juzu Bracelet"},{"floor":43,"key":"Oddly Smooth Stone"}],"event_choices":[{"damage_healed":0.0,"max_hp_gain":0.0,"max_hp_loss":0.0,"gold_gain":150.0,"event_name":"Liars Game","player_choice":"AGREE","floor":3.0,"gold_loss":0.0,"damage_taken":0.0,"cards_obtained":["Doubt"]},{"damage_healed":0.0,"max_hp_gain":0.0,"max_hp_loss":0.0,"gold_gain":0.0,"event_name":"FaceTrader","player_choice":"Trade","floor":5.0,"gold_loss":0.0,"damage_taken":0.0,"relics_obtained":["SsserpentHead"]},{"damage_healed":0.0,"max_hp_gain":0.0,"max_hp_loss":0.0,"gold_gain":0.0,"event_name":"Vampires","player_choice":"Became a vampire (Vial)","floor":21.0,"relics_lost":["Blood Vial"],"gold_loss":0.0,"damage_taken":0.0,"cards_obtained":["Bite","Bite","Bite","Bite","Bite"]},{"damage_healed":0.0,"max_hp_gain":0.0,"max_hp_loss":0.0,"gold_gain":200.0,"event_name":"Wheel of Change","player_choice":"Gold","floor":25.0,"gold_loss":0.0,"damage_taken":0.0},{"damage_healed":15.0,"max_hp_gain":0.0,"max_hp_loss":0.0,"gold_gain":0.0,"event_name":"Winding Halls","player_choice":"Writhe","floor":36.0,"gold_loss":0.0,"damage_taken":0.0,"cards_obtained":["Writhe"]},{"damage_healed":0.0,"max_hp_gain":0.0,"max_hp_loss":0.0,"gold_gain":0.0,"event_name":"Duplicator","player_choice":"Copied","floor":37.0,"gold_loss":0.0,"damage_taken":0.0,"cards_obtained":["Perseverance"]},{"damage_healed":0.0,"max_hp_gain":0.0,"max_hp_loss":0.0,"gold_gain":0.0,"event_name":"SensoryStone","player_choice":"Memory 1","floor":38.0,"gold_loss":0.0,"damage_taken":0.0},{"damage_healed":0,"gold_gain":0,"player_choice":"Ignored","damage_taken":0,"max_hp_gain":0,"max_hp_loss":0,"event_name":"Mysterious Sphere","floor":39,"gold_loss":0}],"is_beta":false,"boss_relics":[{"not_picked":["Busted Crown","Fusion Hammer"],"picked":"VioletLotus"},{"not_picked":["Black Star","Pandora\u0027s Box"],"picked":"Tiny House"}],"items_purged_floors":[4,20,41],"is_endless":false,"potions_floor_spawned":[1,8,10,13,16,19,23,27,30,31,35],"killed_by":"Reptomancer","ascension_level":20}}