{"host":"9d9dhukr2jywmy0f","time":1611766841,"event":{"mods":["2.2 Compatiblity","Alarm Clock","BaseMod","Bestiary","Block Reminder","Colored Map","Colored Powertips","Curses Come First","DeckTracker","Energized Spire","Highlight Path","Key Reminder","Minty Spire (QoL Compilation)","Quick Restart","Rare Cards Sparkle","Relic Sorter","Relic Stats","Reliquary","Spire Birthday Party","StSLib","SuperFastMode","Synergy Search","Unceasing Turn Reminder","Unknown Chances"],"gold_per_floor":[113,38,50,61,61,61,73,73,73],"floor_reached":8,"language":"ZHS","playtime":730,"items_purged":[],"score":96,"play_id":"9a11285b-8bf7-4c05-be70-4ed5f8476134","local_time":"20210128010041","is_ascension_mode":true,"campfire_choices":[{"data":"Neutralize","floor":6,"key":"SMITH"}],"circlet_count":0,"master_deck":["AscendersBane","Strike_G","Strike_G","Strike_G","Strike_G","Strike_G","Defend_G","Defend_G","Defend_G","Defend_G","Survivor","Neutralize+1","Accuracy","PiercingWail"],"relics":["energizedSpire:RedRose","reliquary:BallBearing"],"acts_visited":["Exordium"],"potions_floor_usage":[8,8],"damage_taken":[{"damage":3,"enemies":"2 Louse","floor":1,"turns":5},{"damage":16,"enemies":"Jaw Worm","floor":3,"turns":7},{"damage":6,"enemies":"Cultist","floor":4,"turns":5},{"damage":14,"enemies":"Red Slaver","floor":7,"turns":8},{"damage":20,"enemies":"3 Sentries","floor":8,"turns":10}],"seed_played":"-2332582005495009202","potions_obtained":[{"floor":3,"key":"GamblersBrew"},{"floor":7,"key":"PowerPotion"}],"is_trial":false,"path_per_floor":["M","?","M","M","T","R","M","E"],"character_chosen":"THE_SILENT","items_purchased":[],"campfire_rested":0,"item_purchase_floors":[],"current_hp_per_floor":[56,56,40,34,34,34,20,0,0],"gold":73,"neow_bonus":"BOSS_RELIC","is_daily":false,"chose_seed":false,"campfire_upgraded":1,"win_rate":0.0,"timestamp":1611766841,"path_taken":["M","?","M","M","?","R","?","E"],"items_purchased_type":[],"build_version":"2020-11-30","purchased_purges":0,"victory":false,"max_hp_per_floor":[66,66,66,66,66,66,66,66,66],"relic_stats":{"counters":[5,35],"obtain_stats":[{"energizedSpire:RedRose":0,"reliquary:BallBearing":5,"Ring of the Snake":0},{"energizedSpire:RedRose":0,"reliquary:BallBearing":3,"Ring of the Snake":0},{"energizedSpire:RedRose":0,"reliquary:BallBearing":17,"Ring of the Snake":0}]},"card_choices":[{"not_picked":["Outmaneuver","Deflect","Prepared"],"picked":"SKIP","floor":1},{"not_picked":["All Out Attack","Backflip"],"picked":"Accuracy","floor":3},{"not_picked":["Quick Slash","Envenom"],"picked":"PiercingWail","floor":4},{"not_picked":["Underhanded Strike","Flying Knee","Riddle With Holes"],"picked":"SKIP","floor":7}],"player_experience":867986,"relics_obtained":[{"floor":5,"key":"reliquary:BallBearing"}],"event_choices":[{"cards_removed":["Defend_G"],"damage_healed":0,"gold_gain":0,"player_choice":"Card Removal","damage_taken":0,"max_hp_gain":0,"max_hp_loss":0,"event_name":"The Cleric","floor":2,"gold_loss":75}],"is_beta":false,"boss_relics":[],"items_purged_floors":[],"is_endless":false,"potions_floor_spawned":[3,7],"killed_by":"3 Sentries","ascension_level":20}}