{"host":"c3lc60y5x60jlt1y","time":1611735312,"event":{"mods":["AchievementEnabler","BaseMod","Bestiary","Colored Map","Minty Spire (QoL Compilation)","Quick Restart","StSLib","ojb\u0027s Info Mod"],"gold_per_floor":[109,23,73,92,92,118,118,132,132,160,188,220,236,262,262,339,339,355,355,92,92,105,138,138,138,164,164,177,177,211,225,225,297,297,307,307,307,307],"floor_reached":37,"language":"ENG","playtime":6976,"items_purged":["Writhe"],"score":966,"play_id":"7b15124d-3b74-4e4b-9020-a4ed12649b7f","local_time":"20210127101512","is_ascension_mode":true,"campfire_choices":[{"data":"Flame Barrier","floor":7.0,"key":"SMITH"},{"data":"Heavy Blade","floor":15.0,"key":"SMITH"},{"data":"True Grit","floor":25.0,"key":"SMITH"},{"data":"Ghostly","floor":29.0,"key":"SMITH"},{"data":"Armaments","floor":32.0,"key":"SMITH"}],"circlet_count":0,"master_deck":["AscendersBane","Strike_R+1","Strike_R+1","Strike_R+1","Strike_R+1","Defend_R+1","Defend_R+1","Defend_R+1","Bash","Cleave","Flame Barrier+1","Havoc+1","Shrug It Off+1","Spot Weakness","Spot Weakness","Heavy Blade+1","Spot Weakness","Carnage","Immolate","Offering+1","Master of Strategy","Dark Embrace","True Grit+1","Ghostly+1","Ghostly","Ghostly","Inflame+1","Dual Wield","Armaments+1","Limit Break","Hemokinesis+1"],"relics":["Burning Blood","NeowsBlessing","Bottled Lightning","Letter Opener","Toy Ornithopter","Odd Mushroom","Darkstone Periapt","Pantograph","Mark of Pain","Anchor","Ice Cream","War Paint","Orichalcum","Runic Cube"],"acts_visited":["Exordium","TheCity","TheBeyond"],"potions_floor_usage":[37],"damage_taken":[{"damage":0.0,"enemies":"2 Louse","floor":1.0,"turns":1.0},{"damage":0.0,"enemies":"Cultist","floor":4.0,"turns":1.0},{"damage":0.0,"enemies":"Gremlin Nob","floor":6.0,"turns":1.0},{"damage":0.0,"enemies":"Small Slimes","floor":8.0,"turns":2.0},{"damage":2.0,"enemies":"3 Sentries","floor":10.0,"turns":5.0},{"damage":9.0,"enemies":"The Mushroom Lair","floor":11.0,"turns":4.0},{"damage":35.0,"enemies":"Gremlin Nob","floor":12.0,"turns":5.0},{"damage":8.0,"enemies":"Blue Slaver","floor":13.0,"turns":3.0},{"damage":16.0,"enemies":"3 Sentries","floor":14.0,"turns":6.0},{"damage":28.0,"enemies":"Hexaghost","floor":16.0,"turns":8.0},{"damage":18.0,"enemies":"Chosen","floor":18.0,"turns":3.0},{"damage":12.0,"enemies":"Shell Parasite","floor":22.0,"turns":3.0},{"damage":15.0,"enemies":"Gremlin Leader","floor":23.0,"turns":4.0},{"damage":6.0,"enemies":"Chosen and Byrds","floor":28.0,"turns":3.0},{"damage":5.0,"enemies":"Book of Stabbing","floor":30.0,"turns":4.0},{"damage":6.0,"enemies":"Centurion and Healer","floor":31.0,"turns":3.0},{"damage":42.0,"enemies":"Champ","floor":33.0,"turns":11.0},{"damage":6.0,"enemies":"Orb Walker","floor":35.0,"turns":3.0},{"damage":40,"enemies":"2 Orb Walkers","floor":37,"turns":4}],"seed_played":"2115738881956727245","potions_obtained":[{"floor":6.0,"key":"DuplicationPotion"},{"floor":8.0,"key":"PowerPotion"},{"floor":13.0,"key":"Fruit Juice"},{"floor":14.0,"key":"SneckoOil"},{"floor":16.0,"key":"LiquidBronze"},{"floor":22.0,"key":"DistilledChaos"},{"floor":23.0,"key":"DistilledChaos"},{"floor":30.0,"key":"ElixirPotion"},{"floor":35.0,"key":"PowerPotion"}],"is_trial":false,"path_per_floor":["M","$","?","M","?","E","R","M","T","E","?","E","M","E","R","B",null,"M","?","$","?","M","E","?","R","T","?","M","R","E","M","R","B",null,"M","?","?"],"character_chosen":"IRONCLAD","items_purchased":["Flame Barrier","Master of Strategy"],"campfire_rested":0,"item_purchase_floors":[2,20],"current_hp_per_floor":[74,74,74,75,52,58,58,64,64,68,65,41,39,29,29,42,71,59,65,65,65,59,55,55,55,55,43,43,43,43,43,43,11,35,35,35,0,0],"gold":307,"neow_bonus":"THREE_ENEMY_KILL","is_daily":false,"chose_seed":false,"campfire_upgraded":5,"win_rate":0.0,"timestamp":1611735312,"path_taken":["M","$","?","?","?","E","R","M","T","E","?","E","M","E","R","BOSS","M","?","$","?","?","E","?","R","T","?","M","R","E","M","R","BOSS","M","?","?"],"items_purchased_type":["Card","Card"],"build_version":"2020-12-22","purchased_purges":1,"victory":false,"max_hp_per_floor":[75,75,75,75,75,75,75,75,75,75,75,75,75,75,75,80,80,80,86,86,86,86,86,86,86,86,43,43,43,43,43,43,43,43,43,43,43,43],"card_choices":[{"not_picked":["Bloodletting","Perfected Strike"],"picked":"Cleave","floor":1.0},{"not_picked":["Cleave","Sever Soul"],"picked":"Havoc","floor":4.0},{"not_picked":["Cleave","Dropkick"],"picked":"Shrug It Off","floor":6.0},{"not_picked":["Iron Wave","Searing Blow"],"picked":"Spot Weakness","floor":8.0},{"not_picked":["Shrug It Off","Disarm"],"picked":"Spot Weakness","floor":10.0},{"not_picked":["Havoc","Sword Boomerang"],"picked":"Heavy Blade","floor":11.0},{"not_picked":["Dropkick","Wild Strike"],"picked":"Spot Weakness","floor":12.0},{"not_picked":["Twin Strike","Spot Weakness"],"picked":"Carnage","floor":13.0},{"not_picked":["Havoc","Clash"],"picked":"Immolate","floor":14.0},{"not_picked":["Demon Form","Corruption"],"picked":"Offering","floor":16.0},{"not_picked":["Iron Wave","Infernal Blade","Warcry"],"picked":"SKIP","floor":18.0},{"not_picked":["Heavy Blade","Twin Strike+1"],"picked":"Dark Embrace","floor":22.0},{"not_picked":["Carnage","Shrug It Off"],"picked":"True Grit","floor":23.0},{"not_picked":["Dropkick","Pummel"],"picked":"Inflame+1","floor":28.0},{"not_picked":["Rampage","Rage"],"picked":"Dual Wield","floor":30.0},{"not_picked":["Rupture","Rage"],"picked":"Armaments","floor":31.0},{"not_picked":["Brutality","Berserk"],"picked":"Limit Break","floor":33.0},{"not_picked":["Clothesline","Armaments+1"],"picked":"Hemokinesis+1","floor":35.0}],"player_experience":8641994,"relics_obtained":[{"floor":6.0,"key":"Bottled Lightning"},{"floor":9.0,"key":"Letter Opener"},{"floor":10.0,"key":"Toy Ornithopter"},{"floor":11.0,"key":"Odd Mushroom"},{"floor":12.0,"key":"Darkstone Periapt"},{"floor":14.0,"key":"Pantograph"},{"floor":23.0,"key":"Ice Cream"},{"floor":26.0,"key":"War Paint"},{"floor":30.0,"key":"Orichalcum"}],"event_choices":[{"damage_healed":0.0,"max_hp_gain":0.0,"max_hp_loss":0.0,"gold_gain":50.0,"event_name":"Golden Shrine","player_choice":"Pray","floor":3.0,"gold_loss":0.0,"damage_taken":0.0},{"damage_healed":0.0,"max_hp_gain":0.0,"max_hp_loss":0.0,"gold_gain":0.0,"event_name":"Shining Light","player_choice":"Entered Light","floor":5.0,"gold_loss":0.0,"damage_taken":23.0,"cards_upgraded":["Defend_R","Havoc"]},{"damage_healed":0.0,"max_hp_gain":0.0,"max_hp_loss":0.0,"gold_gain":0.0,"event_name":"Mushrooms","player_choice":"Fought Mushrooms","floor":11.0,"gold_loss":0.0,"damage_taken":0.0},{"damage_healed":0.0,"max_hp_gain":0.0,"max_hp_loss":0.0,"gold_gain":0.0,"event_name":"The Mausoleum","player_choice":"Opened","floor":19.0,"gold_loss":0.0,"damage_taken":0.0,"relics_obtained":["Anchor"],"cards_obtained":["Writhe"]},{"cards_removed":["Strike_R"],"damage_healed":0.0,"max_hp_gain":0.0,"max_hp_loss":0.0,"gold_gain":0.0,"event_name":"Purifier","player_choice":"Purged","floor":21.0,"gold_loss":0.0,"damage_taken":0.0},{"damage_healed":0.0,"max_hp_gain":0.0,"max_hp_loss":0.0,"gold_gain":0.0,"event_name":"Back to Basics","player_choice":"Simplicity","floor":24.0,"gold_loss":0.0,"damage_taken":0.0,"cards_upgraded":["Strike_R","Strike_R","Strike_R","Strike_R","Defend_R","Defend_R","Defend_R"]},{"damage_healed":0.0,"max_hp_gain":0.0,"max_hp_loss":43.0,"gold_gain":0.0,"event_name":"Ghosts","player_choice":"Became a Ghost","floor":27.0,"gold_loss":0.0,"damage_taken":0.0,"cards_obtained":["Ghostly","Ghostly","Ghostly"]},{"cards_removed":["Defend_R"],"damage_healed":0.0,"max_hp_gain":0.0,"max_hp_loss":0.0,"gold_gain":0.0,"event_name":"Falling","player_choice":"Removed Skill","floor":36.0,"gold_loss":0.0,"damage_taken":0.0},{"damage_healed":0,"gold_gain":0,"player_choice":"Fight","damage_taken":0,"max_hp_gain":0,"max_hp_loss":0,"event_name":"Mysterious Sphere","floor":37,"gold_loss":0}],"is_beta":false,"boss_relics":[{"not_picked":["SlaversCollar","Runic Dome"],"picked":"Mark of Pain"},{"not_picked":["Cursed Key","Empty Cage"],"picked":"Runic Cube"}],"items_purged_floors":[20],"is_endless":false,"potions_floor_spawned":[6,8,13,14,16,22,23,30,31,35],"killed_by":"2 Orb Walkers","ascension_level":20}}