{"host":"6rz02yiipefhcw4r","time":1611772320,"event":{"mods":["2.2 Compatiblity","BaseMod","Block Reminder","Colored Map","Curses Come First","DeckTracker","Googly Eyes","Minty Spire (QoL Compilation)","Quick Restart","Rare Cards Sparkle","StSLib"],"gold_per_floor":[109,109,384,398,13,41,41,74,74,74,44,44,64,91,91,242,242,256,256,268,281,102,102,102],"floor_reached":23,"language":"ENG","playtime":9301,"items_purged":["Regret","Anger"],"score":414,"play_id":"b4f20c08-4ea7-495d-a76f-e86132dedcc1","local_time":"20210127163200","is_ascension_mode":true,"campfire_choices":[{"data":"Bash","floor":7,"key":"SMITH"},{"data":"Metallicize","floor":10,"key":"SMITH"},{"floor":15,"key":"REST"}],"circlet_count":0,"master_deck":["AscendersBane","Strike_R","Strike_R","Strike_R","Strike_R","Defend_R","Defend_R","Defend_R+1","Defend_R","Bash+1","Apotheosis+1","Spot Weakness","Metallicize+1","Shrug It Off","Corruption","Sword Boomerang+1","Feel No Pain","Metallicize"],"relics":["Snecko Eye","Singing Bowl","War Paint","Shuriken","Bag of Marbles","Kunai","Sozu"],"acts_visited":["Exordium","TheCity"],"potions_floor_usage":[6,8,14,16],"damage_taken":[{"damage":1,"enemies":"Small Slimes","floor":1,"turns":4},{"damage":18,"enemies":"2 Louse","floor":4,"turns":3},{"damage":4,"enemies":"3 Sentries","floor":6,"turns":9},{"damage":12,"enemies":"Lagavulin","floor":8,"turns":4},{"damage":0,"enemies":"Cultist","floor":13,"turns":3},{"damage":2,"enemies":"3 Sentries","floor":14,"turns":7},{"damage":23,"enemies":"Slime Boss","floor":16,"turns":12},{"damage":3,"enemies":"2 Thieves","floor":18,"turns":3},{"damage":1,"enemies":"3 Byrds","floor":20,"turns":4},{"damage":27,"enemies":"Snake Plant","floor":21,"turns":5},{"damage":57,"enemies":"Slavers","floor":23,"turns":4}],"seed_played":"8963337811015914872","potions_obtained":[{"floor":6,"key":"SteroidPotion"},{"floor":13,"key":"HeartOfIron"},{"floor":14,"key":"ColorlessPotion"}],"is_trial":false,"path_per_floor":["M","?","?","M","$","E","R","E","T","R","$","?","M","E","R","B",null,"M","?","M","M","$","E"],"character_chosen":"IRONCLAD","items_purchased":["Apotheosis","Spot Weakness","SkillPotion","Shrug It Off","Metallicize"],"campfire_rested":1,"item_purchase_floors":[5,5,5,11,22],"current_hp_per_floor":[67,72,72,54,54,52,52,40,40,40,40,22,24,24,49,26,71,68,68,67,40,40,0,0],"gold":102,"neow_bonus":"BOSS_RELIC","is_daily":false,"chose_seed":false,"campfire_upgraded":2,"win_rate":0.0,"timestamp":1611772320,"path_taken":["M","?","?","?","$","E","R","E","T","R","?","?","M","E","R","BOSS","M","?","M","?","$","E"],"items_purchased_type":["Card","Card","Potion","Card","Card"],"build_version":"2020-12-22","purchased_purges":2,"victory":false,"max_hp_per_floor":[75,80,80,80,80,82,82,82,82,82,82,82,84,86,86,86,86,86,86,86,86,86,86,86],"card_choices":[{"not_picked":["Thunderclap","Inflame","Armaments"],"picked":"SKIP","floor":1},{"not_picked":["Rage","Thunderclap","Flex"],"picked":"SKIP","floor":4},{"not_picked":["Cleave","Anger","Havoc"],"picked":"Singing Bowl","floor":6},{"not_picked":["Ghostly Armor","Sword Boomerang"],"picked":"Metallicize","floor":8},{"not_picked":["Heavy Blade","Seeing Red","Anger"],"picked":"Singing Bowl","floor":13},{"not_picked":["Shrug It Off","Reckless Charge","Wild Strike"],"picked":"Singing Bowl","floor":14},{"not_picked":["Juggernaut","Berserk"],"picked":"Corruption","floor":16},{"not_picked":["Sever Soul","Perfected Strike+1"],"picked":"Sword Boomerang+1","floor":18},{"not_picked":["Pummel","Intimidate"],"picked":"Anger","floor":20},{"not_picked":["Burning Pact","Warcry+1"],"picked":"Feel No Pain","floor":21}],"player_experience":740068,"relics_obtained":[{"floor":6,"key":"Singing Bowl"},{"floor":8,"key":"War Paint"},{"floor":9,"key":"Shuriken"},{"floor":14,"key":"Kunai"}],"event_choices":[{"damage_healed":0,"gold_gain":0,"player_choice":"Donut","damage_taken":0,"max_hp_gain":5,"max_hp_loss":0,"event_name":"Big Fish","floor":2,"gold_loss":0},{"damage_healed":0,"gold_gain":275,"player_choice":"Desecrate","damage_taken":0,"max_hp_gain":0,"max_hp_loss":0,"event_name":"Golden Shrine","floor":3,"gold_loss":0,"cards_obtained":["Regret"]},{"damage_healed":0,"gold_gain":0,"player_choice":"Success","damage_taken":18,"relics_obtained":["Bag of Marbles"],"max_hp_gain":0,"max_hp_loss":0,"event_name":"Scrap Ooze","floor":12,"gold_loss":0},{"cards_removed":["Strike_R"],"damage_healed":0,"gold_gain":0,"player_choice":"Offered Basic","damage_taken":0,"max_hp_gain":0,"max_hp_loss":0,"event_name":"Bonfire Elementals","floor":19,"gold_loss":0}],"is_beta":false,"boss_relics":[{"not_picked":["Mark of Pain","Runic Pyramid"],"picked":"Sozu"}],"items_purged_floors":[5,22],"is_endless":false,"potions_floor_spawned":[6,13,14,18,21],"killed_by":"Slavers","ascension_level":20}}