{"host":"farxtl2u8hmkbdo2","time":1611756132,"event":{"mods":["A Magickal Journey","BaseMod","Better Altar","Better Note","Better Sensory Stone","Better Skull","Better Third Choice","Challenge The Spire","Colored Map","Colored Powertips","Current Relic Mod","Energized Spire","Fox Events","Gremlin Mod","Hermit","Hubris","Mimic Mod","Minty Spire (QoL Compilation)","Quick Restart","READ ME - Guardian Mod","READ ME - Snecko Mod","Rare Cards Sparkle","StSLib","The Bladedancer","The Bug Knight","The Cursed","The Disciple","The Elementalist","The Hierophant","The Marked","The Necromancer","The Runesmith","Transform Curses"],"gold_per_floor":[111,111,111,111,2,27,27,57,57,57,84,95,109,139,139,242,242,252,267,282,282,299,333,349,383,407,438,470,470,482,482,482,587,587,604,139,139,68,103,103,128,54,89,104,131,146,185,205,205,205,205,205,35,105,105],"floor_reached":56,"language":"SPA","playtime":3081,"items_purged":["Regret"],"score":1793,"play_id":"d32ad98e-de3b-4d60-9a98-cc00a8861154","local_time":"20210127110212","is_ascension_mode":true,"campfire_choices":[{"data":"hermit:Covet","floor":7,"key":"SMITH"},{"data":"hermit:Combo","floor":15,"key":"SMITH"},{"data":"hermit:TakeCover","floor":29,"key":"SMITH"},{"floor":32,"key":"RECALL"},{"data":"hermit:FatalDesire","floor":40,"key":"SMITH"},{"data":"hermit:Dissolve","floor":49,"key":"SMITH"},{"data":"hermit:Snapshot","floor":52,"key":"SMITH"}],"circlet_count":0,"master_deck":["hermit:Strike_Hermit+1","hermit:Strike_Hermit","hermit:Strike_Hermit","hermit:Strike_Hermit+1","hermit:Defend_Hermit","hermit:Defend_Hermit+1","hermit:Defend_Hermit+1","hermit:Defend_Hermit","hermit:Snapshot+1","hermit:Covet+1","hermit:TakeCover+1","hermit:Combo+1","hermit:Misfire+1","hermit:FatalDesire+1","Pain","hermit:CalledShot+1","hermit:Enervate+1","hermit:HighCaliber+1","hermit:Roughhouse+1","hermit:Roughhouse+1","hermit:Glare+1","hermit:Headshot+1","hermit:Magnum+1","hermit:HighCaliber+1","hermit:Gestalt+1","hermit:Desperado+1","hermit:Roulette+1","hermit:Gestalt+1","hermit:Malice+1","hermit:WideOpen+1","hermit:Magnum+1","hermit:DeadOrAlive+1","hermit:EyeOfTheStorm+1","hermit:Showdown+1","hermit:Dissolve+1","hermit:Combo+1","hermit:NoHoldsBarred+1","hermit:Quickdraw+1","hermit:DeadOrAlive+1","hermit:Dive+1","hermit:Roulette+1","hermit:Roulette+1","hermit:Snipe+1","hermit:HighCaliber+1","hermit:Snipe+1"],"relics":["hermit:Momento","hubris:Towel","Oddly Smooth Stone","Molten Egg 2","Anchor","StrikeDummy","WarpedTongs","Dead Branch","Runesmith:AutoHammer","hubris:BlackHole","Potion Belt","hubris:CuriousFeather","Kunai","Vajra","Dream Catcher","hermit:BartenderGlass","hubris:SphereOfDissonance","War Paint","hubris:TenFootPole","hermit:RedScarf","Mango","hubris:ToyBattleship","CeramicFish","Pen Nib","hermit:RyeStalk"],"acts_visited":["Exordium","TheCity","TheBeyond","TheEnding"],"potions_floor_usage":[14,16,16,55,55,55,55,55],"damage_taken":[{"damage":0.0,"enemies":"Small Slimes","floor":1.0,"turns":3.0},{"damage":29,"enemies":"Gremlin Nob","floor":6,"turns":5},{"damage":10,"enemies":"Lagavulin","floor":8,"turns":6},{"damage":6,"enemies":"3 Sentries","floor":11,"turns":6},{"damage":0,"enemies":"Jaw Worm","floor":12,"turns":2},{"damage":0,"enemies":"2 Louse","floor":13,"turns":2},{"damage":0,"enemies":"Lagavulin","floor":14,"turns":4},{"damage":19,"enemies":"The Guardian","floor":16,"turns":8},{"damage":0,"enemies":"Shell Parasite","floor":18,"turns":1},{"damage":0,"enemies":"Spheric Guardian","floor":19,"turns":1},{"damage":0,"enemies":"Snecko","floor":20,"turns":1},{"damage":0,"enemies":"Cultist and Chosen","floor":22,"turns":1},{"damage":4,"enemies":"Gremlin Leader","floor":23,"turns":1},{"damage":0,"enemies":"3 Cultists","floor":24,"turns":1},{"damage":0,"enemies":"Slavers","floor":25,"turns":1},{"damage":0,"enemies":"Snecko","floor":27,"turns":1},{"damage":0,"enemies":"Gremlin Leader","floor":28,"turns":1},{"damage":0,"enemies":"Cultist and Chosen","floor":30,"turns":1},{"damage":0,"enemies":"Collector","floor":33,"turns":1},{"damage":0,"enemies":"3 Shapes","floor":35,"turns":1},{"damage":0,"enemies":"Orb Walker","floor":39,"turns":1},{"damage":0,"enemies":"Nemesis","floor":41,"turns":1},{"damage":0,"enemies":"Transient","floor":43,"turns":1},{"damage":0,"enemies":"Transient","floor":44,"turns":1},{"damage":0,"enemies":"Reptomancer","floor":45,"turns":1},{"damage":0,"enemies":"Spire Growth","floor":46,"turns":1},{"damage":0,"enemies":"Giant Head","floor":47,"turns":1},{"damage":0,"enemies":"Jaw Worm Horde","floor":48,"turns":1},{"damage":0,"enemies":"Time Eater","floor":50,"turns":2},{"damage":0,"enemies":"Shield and Spear","floor":54,"turns":1},{"damage":4,"enemies":"The Heart","floor":55,"turns":3}],"seed_played":"2905286117990662475","potions_obtained":[{"floor":1.0,"key":"GamblersBrew"},{"floor":11,"key":"PowerPotion"},{"floor":13,"key":"AttackPotion"},{"floor":16,"key":"EssenceOfSteel"},{"floor":23,"key":"ColorlessPotion"},{"floor":24,"key":"PowerPotion"},{"floor":27,"key":"GamblersBrew"},{"floor":35,"key":"Block Potion"},{"floor":39,"key":"hermit:Tonic"}],"is_trial":false,"path_per_floor":["M","?","?","?","$","E","R","E","T","?","E","M","M","E","R","B",null,"M","M","M","?","M","E","M","E","T","M","E","R","M","?","R","B",null,"M","$","?","$","M","R","E","$","MIM","M","E","M","E","M","R","B",null,"R","$","E","B",null],"character_chosen":"HERMIT","items_purchased":["hermit:Combo","hubris:SphereOfDissonance","War Paint","SteroidPotion","hermit:Showdown+1","hermit:NoHoldsBarred+1","Pen Nib","hermit:HighCaliber+1"],"campfire_rested":0,"item_purchase_floors":[5,36,36,36,38,42,53,53],"current_hp_per_floor":[82,82,66,66,66,37,37,27,27,27,21,21,21,21,21,2,82,82,82,82,82,82,78,78,78,78,78,78,78,78,78,78,78,82,82,82,82,82,82,82,82,82,96,96,96,96,96,96,96,96,96,96,96,96,92],"gold":105,"neow_bonus":"TEN_PERCENT_HP_BONUS","is_daily":false,"chose_seed":false,"campfire_upgraded":6,"win_rate":0.0,"timestamp":1611756132,"path_taken":["M","?","?","?","$","E","R","E","T","?","E","M","?","E","R","BOSS","M","M","M","?","M","E","M","E","T","M","E","R","?","?","R","BOSS","M","?","?","$","M","R","E","$","MIM","M","E","M","E","?","R","BOSS","R","$","E","BOSS"],"items_purchased_type":["Card","Relic","Relic","Potion","Card","Card","Relic","Card"],"build_version":"2020-12-22","purchased_purges":1,"victory":true,"max_hp_per_floor":[82,82,82,82,82,82,82,82,82,82,82,82,82,82,82,82,82,82,82,82,82,82,82,82,82,82,82,82,82,82,82,82,82,82,82,82,82,82,82,82,82,82,96,96,96,96,96,96,96,96,96,96,96,96,96],"card_choices":[{"not_picked":["hermit:ItchyTrigger","hermit:HighCaliber"],"picked":"hermit:TakeCover","floor":1.0},{"not_picked":["hermit:HoleUp","hermit:Roulette+1"],"picked":"hermit:Misfire+1","floor":6},{"not_picked":["hermit:HighCaliber+1","hermit:LoneWolf"],"picked":"hermit:FatalDesire","floor":8},{"not_picked":["hermit:BlackWind+1","hermit:FullyLoaded"],"picked":"hermit:CalledShot+1","floor":11},{"not_picked":["hermit:HoleUp","hermit:TrackingShot+1"],"picked":"hermit:Enervate+1","floor":12},{"not_picked":["hermit:SprayPray+1","hermit:Misfire+1"],"picked":"hermit:HighCaliber+1","floor":13},{"not_picked":["hermit:Snipe","hermit:Coalescence"],"picked":"hermit:Roughhouse+1","floor":14},{"not_picked":["hermit:FinalCanter+1","hermit:Gambit"],"picked":"hermit:Roughhouse+1","floor":16},{"not_picked":["hermit:Quickdraw+1","hermit:FlashPowder"],"picked":"hermit:Glare+1","floor":18},{"not_picked":["hermit:Ricochet+1","hermit:NoHoldsBarred+1"],"picked":"hermit:Headshot+1","floor":19},{"not_picked":["hermit:SprayPray+1","hermit:GhostlyPresence"],"picked":"hermit:Magnum+1","floor":20},{"not_picked":["hermit:LowProfile","hermit:Manifest+1"],"picked":"hermit:HighCaliber+1","floor":22},{"not_picked":["hermit:Scavenge","hermit:Misfire+1"],"picked":"hermit:Gestalt+1","floor":23},{"not_picked":["hermit:Shortfuse+1","hermit:Spite+1"],"picked":"hermit:Desperado+1","floor":24},{"not_picked":["hermit:Ricochet+1","hermit:Horror"],"picked":"hermit:Roulette+1","floor":25},{"not_picked":["hermit:PistolWhip+1","hermit:WideOpen+1"],"picked":"hermit:Gestalt+1","floor":27},{"not_picked":["hermit:Virtue","hermit:LowProfile"],"picked":"hermit:Malice+1","floor":28},{"not_picked":["hermit:BigShot","hermit:ItchyTrigger+1"],"picked":"hermit:WideOpen+1","floor":30},{"not_picked":["hermit:Reprieve","hermit:EternalForm"],"picked":"hermit:DeadOrAlive+1","floor":33},{"not_picked":["hermit:Snipe+1","hermit:Brawl"],"picked":"hermit:EyeOfTheStorm+1","floor":35},{"not_picked":["hermit:Midnight","hermit:Glare"],"picked":"hermit:Dissolve","floor":39},{"not_picked":["hermit:Glare","hermit:Deadeye+1"],"picked":"hermit:Combo+1","floor":41},{"not_picked":["hermit:Combo","hermit:PistolWhip+1"],"picked":"hermit:Quickdraw+1","floor":43},{"not_picked":["hermit:Coalescence+1","hermit:Combo"],"picked":"hermit:DeadOrAlive+1","floor":44},{"not_picked":["hermit:Purgatory+1","hermit:TakeAim+1"],"picked":"hermit:Dive+1","floor":45},{"not_picked":["hermit:Ricochet+1","hermit:ShadowCloak+1"],"picked":"hermit:Roulette+1","floor":46},{"not_picked":["hermit:CursedWeapon+1","hermit:Determination+1"],"picked":"hermit:Roulette+1","floor":47},{"not_picked":["hermit:Coalescence","hermit:SprayPray+1"],"picked":"hermit:Snipe+1","floor":48},{"not_picked":["hermit:ItchyTrigger+1","hermit:TrackingShot+1"],"picked":"hermit:Snipe+1","floor":54}],"player_experience":1900106,"relics_obtained":[{"floor":6,"key":"Molten Egg 2"},{"floor":8,"key":"Anchor"},{"floor":9,"key":"StrikeDummy"},{"floor":11,"key":"Dead Branch"},{"floor":14,"key":"Runesmith:AutoHammer"},{"floor":23,"key":"hubris:CuriousFeather"},{"floor":25,"key":"Kunai"},{"floor":26,"key":"Vajra"},{"floor":28,"key":"Dream Catcher"},{"floor":41,"key":"hubris:TenFootPole"},{"floor":43,"key":"hermit:RedScarf"},{"floor":43,"key":"Mango"},{"floor":45,"key":"hubris:ToyBattleship"},{"floor":47,"key":"CeramicFish"},{"floor":54,"key":"hermit:RyeStalk"}],"event_choices":[{"damage_healed":82,"gold_gain":0,"player_choice":"Upgrade","damage_taken":16,"max_hp_gain":0,"max_hp_loss":82,"event_name":"betterThird:BetterShining","floor":3,"gold_loss":0,"cards_upgraded":["hermit:Strike_Hermit","hermit:Strike_Hermit"]},{"damage_healed":0,"gold_gain":0,"player_choice":"Box","damage_taken":0,"relics_obtained":["Oddly Smooth Stone"],"max_hp_gain":0,"max_hp_loss":0,"event_name":"Big Fish","floor":4,"gold_loss":0,"cards_obtained":["Regret"]},{"damage_healed":0,"gold_gain":0,"player_choice":"Rummage","damage_taken":0,"relics_obtained":["WarpedTongs"],"max_hp_gain":0,"max_hp_loss":0,"event_name":"Accursed Blacksmith","floor":10,"gold_loss":0,"cards_obtained":["Pain"]},{"damage_healed":0,"gold_gain":0,"player_choice":"Gave Potion","damage_taken":0,"relics_obtained":["Potion Belt"],"max_hp_gain":0,"max_hp_loss":0,"event_name":"WeMeetAgain","floor":21,"gold_loss":0},{"damage_healed":0,"gold_gain":0,"player_choice":"Copied","damage_taken":0,"max_hp_gain":0,"max_hp_loss":0,"event_name":"Duplicator","floor":31,"gold_loss":0,"cards_obtained":["hermit:Magnum"]}],"is_beta":false,"boss_relics":[{"not_picked":["Snecko Eye","Velvet Choker"],"picked":"hubris:BlackHole"},{"not_picked":["energizedSpire:SpiderWeb","Busted Crown"],"picked":"hermit:BartenderGlass"}],"items_purged_floors":[5],"is_endless":false,"potions_floor_spawned":[1,11,13,16,23,24,27,35,39,46,47],"ascension_level":1}}