{"host":"dl909bjyolgrn2uw","time":1611784582,"event":{"mods":["2.2 Compatiblity","AlwaysNeverKeys","BaseMod","Bestiary","Better Altar","Better Note","Better Sensory Stone","Better Skull","Better Vampires","Better-Laid Plans","BetterRewards","Colored Powertips","Curses Come First","Disable Question Mark Monsters","Displayed Cursed Tome","Emptier Cage","Evolution","Minty Spire (QoL Compilation)","Permanent Neow","Quick Restart","Rare Cards Sparkle","Relic Stats","Shop Mod","Spicy Shops","StSLib","SuperFastMode","Transform Curses"],"gold_per_floor":[118,134,145,320,337,370,370,389,416,416,432,462,1,11,11,88,88,106,90,90,290,302,334,354,383,383,383,308,308,333,360,360,437,437,452,1451,1470,1470,1485,1517,1517,1551,1576,1623,1641,1641,1028,1028,1028,1028],"floor_reached":51,"language":"ENG","playtime":3534,"items_purged":["Strike_G","Doubt","Strike_G"],"score":1883,"play_id":"524e552e-5a1b-4a8a-90e5-da1ad0d89eed","local_time":"20210127155622","is_ascension_mode":true,"campfire_choices":[{"data":"Sucker Punch","floor":7,"key":"SMITH"},{"data":"Dash","floor":10,"key":"SMITH"},{"floor":15,"key":"REST"},{"data":"Apotheosis","floor":29,"key":"SMITH"},{"floor":32,"key":"REST"},{"data":"Prepared","floor":41,"key":"SMITH"},{"data":"Prepared","floor":46,"key":"SMITH"},{"data":"Prepared","floor":49,"key":"SMITH"}],"circlet_count":0,"master_deck":["AscendersBane","Strike_G","Strike_G","Defend_G","Defend_G","Defend_G","Defend_G+1","Survivor","Neutralize","Sucker Punch+1","Bouncing Flask","Dagger Spray","Footwork","Noxious Fumes","Blade Dance+1","Dodge and Roll","PiercingWail","Quick Slash","Dash+1","Leg Sweep","Prepared+1","Dash","All Out Attack","Apotheosis+1","Backflip","Burst","PiercingWail","RitualDagger","Catalyst","Noxious Fumes+1","Prepared+1","Setup+1","Wraith Form v2","Prepared+1","Dodge and Roll","Acrobatics","Acrobatics","Apotheosis+1","Footwork","Crippling Poison","Dodge and Roll","Wraith Form v2"],"relics":["Ring of the Snake","EVO:Axolotl","OrangePellets","PreservedInsect","Membership Card","Pantograph","Ancient Tea Set","War Paint","Ice Cream","Singing Bowl","Runic Pyramid","Omamori","Ninja Scroll","Potion Belt","Red Mask","Mercury Hourglass","Busted Crown","White Beast Statue","CaptainsWheel","Centennial Puzzle","Peace Pipe","DollysMirror","ClockworkSouvenir","Ornamental Fan","Meat on the Bone"],"acts_visited":["Exordium","TheCity","TheBeyond"],"potions_floor_usage":[6,12,24,25,25,40,50,50,50,50],"damage_taken":[{"damage":0,"enemies":"Jaw Worm","floor":1,"turns":3},{"damage":4,"enemies":"2 Louse","floor":2,"turns":2},{"damage":0,"enemies":"Cultist","floor":3,"turns":3},{"damage":21,"enemies":"3 Louse","floor":5,"turns":4},{"damage":3,"enemies":"3 Sentries","floor":6,"turns":7},{"damage":3,"enemies":"Large Slime","floor":8,"turns":10},{"damage":0,"enemies":"2 Fungi Beasts","floor":11,"turns":3},{"damage":5,"enemies":"Lagavulin","floor":12,"turns":4},{"damage":1,"enemies":"3 Louse","floor":14,"turns":3},{"damage":11,"enemies":"The Guardian","floor":16,"turns":10},{"damage":0,"enemies":"Chosen","floor":18,"turns":6},{"damage":11,"enemies":"2 Thieves","floor":19,"turns":4},{"damage":11,"enemies":"Shelled Parasite and Fungi","floor":22,"turns":10},{"damage":0,"enemies":"Gremlin Leader","floor":23,"turns":5},{"damage":0,"enemies":"Cultist and Chosen","floor":24,"turns":7},{"damage":18,"enemies":"Slavers","floor":25,"turns":6},{"damage":10,"enemies":"Masked Bandits","floor":30,"turns":5},{"damage":9,"enemies":"Book of Stabbing","floor":31,"turns":8},{"damage":11,"enemies":"Automaton","floor":33,"turns":7},{"damage":0,"enemies":"3 Shapes","floor":35,"turns":3},{"damage":0,"enemies":"Orb Walker","floor":37,"turns":4},{"damage":1,"enemies":"Writhing Mass","floor":39,"turns":8},{"damage":0,"enemies":"Giant Head","floor":40,"turns":7},{"damage":4,"enemies":"Reptomancer","floor":42,"turns":6},{"damage":6,"enemies":"2 Orb Walkers","floor":44,"turns":6},{"damage":2,"enemies":"3 Darklings","floor":45,"turns":5},{"damage":0,"enemies":"Time Eater","floor":50,"turns":5}],"seed_played":"4514465250621269437","potions_obtained":[{"floor":1,"key":"Strength Potion"},{"floor":5,"key":"CunningPotion"},{"floor":12,"key":"AttackPotion"},{"floor":18,"key":"Dexterity Potion"},{"floor":24,"key":"AttackPotion"},{"floor":31,"key":"CultistPotion"},{"floor":33,"key":"ColorlessPotion"},{"floor":35,"key":"Dexterity Potion"},{"floor":39,"key":"Energy Potion"},{"floor":42,"key":"Explosive Potion"},{"floor":44,"key":"AttackPotion"}],"is_trial":false,"path_per_floor":["M","M","M","?","M","E","R","M","T","R","M","E","$","M","R","B",null,"M","M","?","?","M","E","M","E","T","?","?","R","?","E","R","B",null,"M","?","M","?","M","E","R","E","T","?","M","R","$","?","R","B",null],"character_chosen":"THE_SILENT","items_purchased":["OrangePellets","Sucker Punch","PreservedInsect","Membership Card","Bouncing Flask","Dagger Spray","Footwork","Noxious Fumes","Blade Dance","Apotheosis","Ice Cream","FairyPotion","Singing Bowl","DollysMirror","ClockworkSouvenir","Ornamental Fan","Meat on the Bone","Footwork","Crippling Poison","Dodge and Roll","LiquidMemories"],"campfire_rested":2,"item_purchase_floors":[0,0,0,0,0,0,0,0,0,13,13,13,13,47,47,47,47,47,47,47,47],"current_hp_per_floor":[63,59,59,59,38,35,35,32,32,32,32,27,27,26,47,59,67,67,58,52,52,41,41,43,27,27,27,27,27,17,10,33,47,70,72,72,74,74,73,73,73,69,69,63,63,63,63,47,47,72],"gold":1028,"neow_bonus":"","is_daily":false,"chose_seed":false,"campfire_upgraded":6,"win_rate":0.0,"timestamp":1611784582,"path_taken":["M","M","M","?","M","E","R","M","T","R","M","E","$","M","R","BOSS","M","M","?","?","?","E","M","E","T","?","?","R","?","E","R","BOSS","M","?","M","?","M","E","R","E","T","?","M","R","$","?","R","BOSS"],"items_purchased_type":["Relic","Card","Relic","Relic","Card","Card","Card","Card","Card","Card","Relic","Potion","Relic","Relic","Relic","Relic","Relic","Card","Card","Card","Potion"],"build_version":"2020-12-22","purchased_purges":3,"victory":true,"max_hp_per_floor":[70,70,70,70,70,70,70,70,70,70,70,70,70,70,70,70,70,70,72,72,72,72,72,74,76,76,76,76,76,76,78,78,78,78,80,80,82,82,82,82,82,82,82,82,84,84,84,84,84,84],"relic_stats":{"Singing Bowl":14,"counters":[60,280],"PreservedInsect":382,"War Paint":["Blade Dance","Defend_G"],"Mercury Hourglass":[217],"Peace Pipe":0,"OrangePellets":[10],"Centennial Puzzle":[6],"Busted Crown":14,"Ornamental Fan":[4],"Pantograph":73,"obtain_stats":[{"Ice Cream":19,"Singing Bowl":9,"Gremlin Horn":9,"Mango":14,"Juzu Bracelet":8,"EVO:Axolotl":0,"Ancient Tea Set":0,"ClockworkSouvenir":47,"Dream Catcher":12,"Centennial Puzzle":43,"Ninja Scroll":25,"DollysMirror":47,"Pantograph":6,"MealTicket":7,"Necronomicon":20,"Red Mask":30,"Cracked Core":0,"Runic Pyramid":17,"Potion Belt":26,"Inserter":17,"Pen Nib":24,"PreservedInsect":0,"Omamori":23,"Letter Opener":26,"Orichalcum":31,"War Paint":12,"White Beast Statue":40,"Mercury Hourglass":31,"Du-Vu Doll":12,"Peace Pipe":44,"Runic Dome":0,"OrangePellets":0,"CaptainsWheel":42,"Busted Crown":34,"Ornamental Fan":47,"Coffee Dripper":0,"Art of War":27,"Membership Card":19,"Meat on the Bone":47},{"Ice Cream":12,"Singing Bowl":6,"Gremlin Horn":24,"Mango":27,"Juzu Bracelet":24,"EVO:Axolotl":0,"Ancient Tea Set":18,"ClockworkSouvenir":59,"Dream Catcher":26,"Centennial Puzzle":57,"Ninja Scroll":49,"DollysMirror":59,"Pantograph":38,"MealTicket":6,"Necronomicon":12,"Red Mask":50,"Cracked Core":0,"Runic Pyramid":43,"Potion Belt":49,"Inserter":28,"Pen Nib":14,"PreservedInsect":33,"Omamori":47,"Letter Opener":14,"Orichalcum":17,"War Paint":41,"White Beast Statue":56,"Mercury Hourglass":51,"Du-Vu Doll":8,"Peace Pipe":58,"Runic Dome":1,"OrangePellets":33,"CaptainsWheel":57,"Busted Crown":52,"Ornamental Fan":59,"Coffee Dripper":0,"Art of War":15,"Membership Card":12,"Meat on the Bone":59},{"Ice Cream":38,"Singing Bowl":19,"Gremlin Horn":75,"Mango":90,"Juzu Bracelet":75,"EVO:Axolotl":0,"Ancient Tea Set":58,"ClockworkSouvenir":275,"Dream Catcher":86,"Centennial Puzzle":264,"Ninja Scroll":216,"DollysMirror":275,"Pantograph":148,"MealTicket":19,"Necronomicon":38,"Red Mask":221,"Cracked Core":0,"Runic Pyramid":178,"Potion Belt":216,"Inserter":101,"Pen Nib":45,"PreservedInsect":129,"Omamori":203,"Letter Opener":45,"Orichalcum":55,"War Paint":165,"White Beast Statue":258,"Mercury Hourglass":229,"Du-Vu Doll":23,"Peace Pipe":270,"Runic Dome":1,"OrangePellets":129,"CaptainsWheel":264,"Busted Crown":236,"Ornamental Fan":275,"Coffee Dripper":0,"Art of War":48,"Membership Card":38,"Meat on the Bone":275}],"Ring of the Snake":[54],"Meat on the Bone":0},"card_choices":[{"not_picked":["Escape Plan","Tactician"],"picked":"Dodge and Roll","floor":1},{"not_picked":["Dagger Spray","Backstab"],"picked":"PiercingWail","floor":2},{"not_picked":["Choke","Flechettes"],"picked":"Quick Slash","floor":3},{"not_picked":["Outmaneuver","Endless Agony"],"picked":"Dash","floor":5},{"not_picked":["Dodge and Roll","Skewer"],"picked":"Leg Sweep","floor":6},{"not_picked":["Quick Slash","Acrobatics"],"picked":"Prepared","floor":8},{"not_picked":["Caltrops","Flying Knee"],"picked":"Dash","floor":11},{"not_picked":["Quick Slash","Blade Dance"],"picked":"All Out Attack","floor":12},{"not_picked":["Cloak And Dagger","Dagger Spray"],"picked":"Backflip","floor":14},{"not_picked":["Storm of Steel","Tools of the Trade"],"picked":"Burst","floor":16},{"not_picked":["Dagger Spray","Caltrops"],"picked":"PiercingWail","floor":18},{"not_picked":["All Out Attack","Predator","Endless Agony"],"picked":"Singing Bowl","floor":19},{"not_picked":["Bane","Calculated Gamble"],"picked":"Catalyst","floor":22},{"not_picked":["Footwork","Slice"],"picked":"Noxious Fumes+1","floor":23},{"not_picked":["Poisoned Stab","Cloak And Dagger","Dodge and Roll"],"picked":"Singing Bowl","floor":24},{"not_picked":["Envenom","Phantasmal Killer","Expertise"],"picked":"Singing Bowl","floor":25},{"not_picked":["Deflect","Quick Slash"],"picked":"Setup+1","floor":30},{"not_picked":["Underhanded Strike","Leg Sweep","Bouncing Flask"],"picked":"Singing Bowl","floor":31},{"not_picked":["Die Die Die","After Image"],"picked":"Wraith Form v2","floor":33},{"not_picked":["Terror"],"picked":"Singing Bowl","floor":35},{"not_picked":["Backflip"],"picked":"Singing Bowl","floor":37},{"not_picked":[],"picked":"Prepared","floor":39},{"not_picked":[],"picked":"Dodge and Roll","floor":40},{"not_picked":[],"picked":"Acrobatics","floor":42},{"not_picked":[],"picked":"Acrobatics","floor":44},{"not_picked":["Escape Plan"],"picked":"Singing Bowl","floor":45}],"player_experience":323908,"relics_obtained":[{"floor":6,"key":"Pantograph"},{"floor":9,"key":"Ancient Tea Set"},{"floor":12,"key":"War Paint"},{"floor":23,"key":"Omamori"},{"floor":25,"key":"Ninja Scroll"},{"floor":26,"key":"Potion Belt"},{"floor":30,"key":"Red Mask"},{"floor":31,"key":"Mercury Hourglass"},{"floor":40,"key":"White Beast Statue"},{"floor":42,"key":"CaptainsWheel"},{"floor":43,"key":"Centennial Puzzle"},{"floor":44,"key":"Peace Pipe"}],"event_choices":[{"damage_healed":0,"gold_gain":175,"player_choice":"AGREE","damage_taken":0,"max_hp_gain":0,"max_hp_loss":0,"event_name":"Liars Game","floor":4,"gold_loss":0,"cards_obtained":["Doubt"]},{"damage_healed":0,"gold_gain":0,"player_choice":"Joined the Cult","damage_taken":6,"max_hp_gain":0,"max_hp_loss":0,"event_name":"Nest","floor":20,"gold_loss":0,"cards_obtained":["RitualDagger"]},{"damage_healed":0,"gold_gain":200,"player_choice":"Gold","damage_taken":0,"max_hp_gain":0,"max_hp_loss":0,"event_name":"Wheel of Change","floor":21,"gold_loss":0},{"damage_healed":0,"gold_gain":0,"player_choice":"Read","damage_taken":0,"max_hp_gain":0,"max_hp_loss":0,"event_name":"The Library","floor":27,"gold_loss":0,"cards_obtained":["Prepared"]},{"cards_removed":["Strike_G"],"damage_healed":0,"gold_gain":0,"player_choice":"Gave Gold","damage_taken":0,"max_hp_gain":0,"max_hp_loss":0,"event_name":"Beggar","floor":28,"gold_loss":75},{"damage_healed":0,"gold_gain":0,"player_choice":"Fought Bandits","damage_taken":0,"max_hp_gain":0,"max_hp_loss":0,"event_name":"Masked Bandits","floor":30,"gold_loss":0},{"damage_healed":0,"gold_gain":999,"player_choice":"Gold","damage_taken":0,"max_hp_gain":0,"max_hp_loss":0,"event_name":"MindBloom","floor":36,"gold_loss":0,"cards_obtained":["Normality","Normality"]},{"cards_removed":["Defend_G"],"damage_healed":0,"gold_gain":0,"player_choice":"Removed Skill","damage_taken":0,"max_hp_gain":0,"max_hp_loss":0,"event_name":"Falling","floor":38,"gold_loss":0},{"damage_healed":0,"gold_gain":0,"player_choice":"Fight","damage_taken":0,"max_hp_gain":0,"max_hp_loss":0,"event_name":"Mysterious Sphere","floor":44,"gold_loss":0},{"damage_healed":0,"gold_gain":3,"player_choice":"2","damage_taken":0,"max_hp_gain":0,"max_hp_loss":16,"event_name":"betterStone:BetterStone","floor":48,"gold_loss":0}],"is_beta":false,"boss_relics":[{"not_picked":["Black Star","SlaversCollar"],"picked":"Runic Pyramid"},{"not_picked":["Ring of the Serpent","Philosopher\u0027s Stone"],"picked":"Busted Crown"}],"items_purged_floors":[0,13,47],"is_endless":false,"potions_floor_spawned":[1,5,12,16,18,24,31,33,35,39,42,44,45],"ascension_level":13}}