{"host":"91blwi3hgehj6ch9","time":1611710504,"event":{"mods":["2.2 Compatiblity","AchievementEnabler","BaseMod","Colored Map","DeckTracker","Keyboard Shortcuts","Minty Spire (QoL Compilation)","Permanent Neow","Quick Restart","StSLib","SuperFastMode","everything is the same but u backflip on backflip"],"gold_per_floor":[109,34,48,67,67,67,80,80,80,80,80,80,80,80,80,158,158,170,170,269,281,281,281,281,281,281,281,299,42,52,66,66,143,143,163,3,3,3,22,22,22,41,41,70,70,70,88,100,100,100,100],"floor_reached":50,"language":"KOR","playtime":1041,"items_purged":["Defend_P","Strike_P+1","SandsOfTime+1"],"score":821,"play_id":"7afd539d-f5c9-403c-83f4-5500910e2786","local_time":"20210127102144","is_ascension_mode":true,"campfire_choices":[{"data":"Eruption","floor":6.0,"key":"SMITH"},{"data":"Meditate","floor":10.0,"key":"SMITH"},{"data":"FollowUp","floor":13.0,"key":"SMITH"},{"data":"Vigilance","floor":15.0,"key":"SMITH"},{"data":"Wireheading","floor":23.0,"key":"SMITH"},{"data":"WreathOfFlame","floor":25.0,"key":"SMITH"},{"data":"Strike_P","floor":27.0,"key":"SMITH"},{"data":"Defend_P","floor":32.0,"key":"SMITH"},{"data":"Scrawl","floor":41.0,"key":"SMITH"},{"floor":45.0,"key":"REST"},{"data":"Worship","floor":49.0,"key":"SMITH"}],"circlet_count":0,"master_deck":["AscendersBane","Defend_P+1","Defend_P","Eruption+1","Vigilance+1","FollowUp+1","Meditate+1","Wireheading+1","Ragnarok+1","WreathOfFlame+1","TalkToTheHand+1","Scrawl+1","Worship+1"],"relics":["VioletLotus","Question Card","Molten Egg 2","Sozu","Gambling Chip","FossilizedHelix","Vajra","Philosopher\u0027s Stone","Singing Bowl","Yang"],"acts_visited":["Exordium","TheCity","TheBeyond"],"potions_floor_usage":[50],"damage_taken":[{"damage":7.0,"enemies":"Cultist","floor":1.0,"turns":3.0},{"damage":0.0,"enemies":"Small Slimes","floor":3.0,"turns":3.0},{"damage":0.0,"enemies":"2 Louse","floor":4.0,"turns":2.0},{"damage":8.0,"enemies":"Red Slaver","floor":7.0,"turns":3.0},{"damage":10.0,"enemies":"Hexaghost","floor":16.0,"turns":8.0},{"damage":0.0,"enemies":"2 Thieves","floor":18.0,"turns":2.0},{"damage":7.0,"enemies":"3 Byrds","floor":21.0,"turns":4.0},{"damage":0.0,"enemies":"Snecko","floor":28.0,"turns":2.0},{"damage":0.0,"enemies":"Centurion and Healer","floor":30.0,"turns":2.0},{"damage":0.0,"enemies":"Snake Plant","floor":31.0,"turns":3.0},{"damage":18.0,"enemies":"Champ","floor":33.0,"turns":5.0},{"damage":33.0,"enemies":"3 Darklings","floor":35.0,"turns":3.0},{"damage":23.0,"enemies":"3 Shapes","floor":39.0,"turns":2.0},{"damage":0.0,"enemies":"Transient","floor":42.0,"turns":5.0},{"damage":0.0,"enemies":"Reptomancer","floor":44.0,"turns":2.0},{"damage":0.0,"enemies":"3 Darklings","floor":47.0,"turns":1.0},{"damage":0.0,"enemies":"Spire Growth","floor":48.0,"turns":3.0},{"damage":69,"enemies":"Time Eater","floor":50,"turns":6}],"seed_played":"4458287148112142082","potions_obtained":[{"floor":1.0,"key":"Block Potion"},{"floor":16.0,"key":"Strength Potion"}],"is_trial":false,"path_per_floor":["M","$","M","M","?","R","M","$","T","R","$","?","R","?","R","B",null,"M","?","?","M","T","R","?","R","T","R","M","$","M","M","R","B",null,"M","$","?","$","M","?","R","M","T","E","R","?","M","M","R","B"],"character_chosen":"WATCHER","items_purchased":["Vajra","Worship"],"campfire_rested":1,"item_purchase_floors":[29,36],"current_hp_per_floor":[54,54,54,54,54,54,46,46,46,46,46,28,28,28,28,18,56,56,56,56,49,49,49,49,49,49,49,49,49,49,49,49,31,59,26,26,26,26,3,3,3,3,3,5,26,61,63,65,65,0,0],"gold":100,"neow_bonus":"BOSS_RELIC","is_daily":false,"chose_seed":false,"campfire_upgraded":10,"win_rate":0.0,"timestamp":1611710504,"path_taken":["M","$","M","M","?","R","?","$","T","R","?","?","R","?","R","BOSS","M","?","?","M","?","R","?","R","T","R","M","$","M","M","R","BOSS","M","$","?","?","M","?","R","M","T","E","R","?","M","?","R","BOSS"],"items_purchased_type":["Relic","Card"],"build_version":"2020-12-22","purchased_purges":3,"victory":false,"max_hp_per_floor":[68,68,68,68,68,68,68,68,68,68,68,68,68,68,68,68,68,68,68,68,68,68,68,68,68,68,68,68,68,68,68,68,68,68,68,68,68,68,68,68,68,68,68,70,70,61,63,65,65,65,65],"card_choices":[{"not_picked":["Nirvana","Prostrate","CutThroughFate"],"picked":"SKIP","floor":1.0},{"not_picked":["ClearTheMind","WreathOfFlame"],"picked":"FollowUp","floor":3.0},{"not_picked":["PathToVictory","Consecrate"],"picked":"Meditate","floor":4.0},{"not_picked":["FlyingSleeves","FollowUp","EmptyFist"],"picked":"SKIP","floor":7.0},{"not_picked":["Wish","ConjureBlade","Scrawl"],"picked":"Ragnarok+1","floor":16.0},{"not_picked":["Consecrate+1","WaveOfTheHand","FollowUp+1","Pray"],"picked":"SKIP","floor":18.0},{"not_picked":["FlurryOfBlows+1","BowlingBash+1","PathToVictory+1","Evaluate"],"picked":"SKIP","floor":21.0},{"not_picked":["EmptyFist+1","ThirdEye","Alpha","Protect"],"picked":"SKIP","floor":28.0},{"not_picked":["FlyingSleeves+1","ReachHeaven+1","BowlingBash+1"],"picked":"TalkToTheHand+1","floor":30.0},{"not_picked":["WindmillStrike+1","Prostrate","Conclude+1","ClearTheMind"],"picked":"SKIP","floor":31.0},{"not_picked":["ConjureBlade","Brilliance+1","MasterReality"],"picked":"Scrawl","floor":33.0},{"not_picked":["BattleHymn","EmptyBody","CutThroughFate+1","Crescendo"],"picked":"SKIP","floor":35.0},{"not_picked":["Consecrate+1","JustLucky+1","Evaluate","Crescendo"],"picked":"SKIP","floor":39.0},{"not_picked":["Crescendo","Pray+1","LikeWater+1","Consecrate+1"],"picked":"SKIP","floor":42.0},{"not_picked":["BowlingBash+1","CutThroughFate+1","CrushJoints+1","FollowUp+1"],"picked":"Singing Bowl","floor":44.0},{"not_picked":["WaveOfTheHand","WheelKick+1","Prostrate","Scrawl"],"picked":"Singing Bowl","floor":47.0},{"not_picked":["JustLucky+1","Consecrate+1","Evaluate+1","Prostrate"],"picked":"Singing Bowl","floor":48.0}],"player_experience":189855,"relics_obtained":[{"floor":9.0,"key":"Question Card"},{"floor":22.0,"key":"Gambling Chip"},{"floor":26.0,"key":"FossilizedHelix"},{"floor":43.0,"key":"Singing Bowl"},{"floor":44.0,"key":"Yang"}],"event_choices":[{"cards_removed":["Strike_P"],"damage_healed":0.0,"max_hp_gain":0.0,"max_hp_loss":0.0,"gold_gain":0.0,"event_name":"Bonfire Elementals","player_choice":"Offered Basic","floor":5.0,"gold_loss":0.0,"damage_taken":0.0},{"damage_healed":0.0,"max_hp_gain":0.0,"max_hp_loss":0.0,"gold_gain":0.0,"event_name":"Scrap Ooze","player_choice":"Success","floor":12.0,"gold_loss":0.0,"damage_taken":18.0,"relics_obtained":["Molten Egg 2"]},{"damage_healed":0.0,"max_hp_gain":0.0,"max_hp_loss":0.0,"gold_gain":0.0,"cards_transformed":["Strike_P"],"event_name":"Transmorgrifier","player_choice":"Transformed","floor":14.0,"gold_loss":0.0,"damage_taken":0.0,"cards_obtained":["Wireheading"]},{"damage_healed":0.0,"max_hp_gain":0.0,"max_hp_loss":0.0,"gold_gain":0.0,"event_name":"Vampires","player_choice":"Ignored","floor":19.0,"gold_loss":0.0,"damage_taken":0.0},{"damage_healed":0.0,"max_hp_gain":0.0,"max_hp_loss":0.0,"gold_gain":99.0,"event_name":"Nest","player_choice":"Stole From Cult","floor":20.0,"gold_loss":0.0,"damage_taken":0.0},{"damage_healed":0.0,"max_hp_gain":0.0,"max_hp_loss":0.0,"gold_gain":0.0,"cards_transformed":["Defend_P","Strike_P"],"event_name":"Drug Dealer","player_choice":"Became Test Subject","floor":24.0,"gold_loss":0.0,"damage_taken":0.0,"cards_obtained":["WreathOfFlame","SandsOfTime"]},{"damage_healed":0.0,"max_hp_gain":0.0,"max_hp_loss":0.0,"gold_gain":0.0,"event_name":"Lab","player_choice":"Got Potions","floor":37.0,"gold_loss":0.0,"damage_taken":0.0},{"damage_healed":0.0,"max_hp_gain":0.0,"max_hp_loss":0.0,"gold_gain":0.0,"event_name":"Mysterious Sphere","player_choice":"Ignored","floor":40.0,"gold_loss":0.0,"damage_taken":0.0},{"damage_healed":61.0,"max_hp_gain":0.0,"max_hp_loss":9.0,"gold_gain":0.0,"event_name":"The Moai Head","player_choice":"Heal","floor":46.0,"gold_loss":0.0,"damage_taken":0.0}],"is_beta":false,"boss_relics":[{"not_picked":["Runic Pyramid","Cursed Key"],"picked":"Sozu"},{"not_picked":["Runic Dome","Pandora\u0027s Box"],"picked":"Philosopher\u0027s Stone"}],"items_purged_floors":[2,29,36],"is_endless":false,"potions_floor_spawned":[1,16,21,28,31,35,39,44,48],"killed_by":"Time Eater","ascension_level":14}}