{"host":"ge6lzvjjgxuzlten","time":1611760291,"event":{"mods":["Act Like it!","Ascension Reborn","Aspiration","BaseMod","Better Third Choice","BetterRewards","Conspire","Downfall","GungeonMod","Hermit","Lobotomy","LobotomyExtend","Minty Spire (QoL Compilation)","Pale of the Ancients","Quick Restart","READ ME - Guardian Mod","Replay The Spire","Spicy Shops","StSLib","SuperFastMode","Td1madao Mod","The Bug Knight","The Cursed","The Hierophant","The IronCluck","The Jungle","The Servant 0.9.4","Yuri Mod","óô»ðÖ¸ÄÏ"],"gold_per_floor":[111,175,175,28,39,39,39,39,39,64,64,64,64,64,64,160,160,170,170,229,241,3,3,3,3,28,28,28,28,28,128,128,231,231,249,22,32,32,32,32,32,32,32,32,44,58,108,108,108,204,204,221,221,90,90,90,102,114,126,173,185,226,238,23,57,57,159,159,179,142,158,178,36,36,36,61,89,89,89,123,151,151,151,253,253,268,99,109,109,409,436,436,436,467,467,495,508,508,520,520,625,625,625,625],"floor_reached":103,"language":"ZHS","playtime":7114,"items_purged":["Prepared","Prepared","PiercingWail","Deflect+1"],"score":2032,"play_id":"26954eb2-814f-4a93-b9ca-0ed43c4840d4","local_time":"20210127231131","daily_mods":["SealedDeck","Heirloom","Flight"],"is_ascension_mode":true,"campfire_choices":[{"data":"Accuracy","floor":6.0,"key":"SMITH"},{"data":"Cloak And Dagger","floor":7.0,"key":"SMITH"},{"data":"Cloak And Dagger","floor":12.0,"key":"SMITH"},{"data":"Cloak And Dagger","floor":13.0,"key":"SMITH"},{"data":"Tools of the Trade","floor":15.0,"key":"SMITH"},{"data":"Pot Of Greed","floor":23.0,"key":"SMITH"},{"data":"Pot Of Greed","floor":24.0,"key":"SMITH"},{"data":"A Thousand Cuts","floor":27.0,"key":"SMITH"},{"data":"Flechettes","floor":28.0,"key":"SMITH"},{"data":"Expertise","floor":32.0,"key":"PURGE"},{"data":"Die Die Die","floor":40.0,"key":"SMITH"},{"data":"After Image","floor":41.0,"key":"SMITH"},{"data":"Backflip","floor":42.0,"key":"SMITH"},{"data":"Tools of the Trade+1","floor":49.0,"key":"PURGE"},{"data":"Adrenaline","floor":57.0,"key":"SMITH"},{"data":"Infinite Blades","floor":58.0,"key":"SMITH"},{"data":"Backflip","floor":59.0,"key":"SMITH"},{"data":"After Image","floor":61.0,"key":"SMITH"},{"data":"Backstab","floor":63.0,"key":"SMITH"},{"data":"Backflip+1","floor":66.0,"key":"PURGE"},{"data":"Accuracy","floor":74.0,"key":"SMITH"},{"data":"A Thousand Cuts","floor":75.0,"key":"SMITH"},{"data":"Backflip+1","floor":83.0,"key":"PURGE"},{"floor":92.0,"key":"DIG"},{"floor":93.0,"key":"DIG"},{"floor":95.0,"key":"DIG"},{"floor":98.0,"key":"DIG"},{"floor":100.0,"key":"DIG"}],"circlet_count":1,"master_deck":["Flechettes+1","Accuracy+1","Cloak And Dagger+1","Cloak And Dagger+1","Cloak And Dagger+1","Bullet Time+1","After Image+1","Infinite Blades","Pot Of Greed+1","A Thousand Cuts+1","After Image+1","Adrenaline+1","Infinite Blades+1","Pot Of Greed+1","Hidden Blade+1","A Thousand Cuts+1","Hidden Blade+1","Accuracy+1","Hidden Blade+1","Accuracy+1","Cloak And Dagger+1","Venomology+1","Bullet Time+1","Accuracy"],"relics":["Ring of the Serpent","DemoMod:SevenLeafClover","Membership Card","Replay:Towering Pillar of Hats","DemoMod:BigBoy","Mango","ReplayTheSpireMod:TigerMarble","aspiration:SeaSaltIceCream","aspiration:Nostalgia","Slimebound:AbsorbEndCombat","Akabeko","Grinning Jar","Bird Faced Urn","Nunchaku","Orichalcum","Circlet","Replay:Baseball","InkBottle","Shuriken","DemoMod:RingOfEthereal","The Specimen","Toxic Egg 2","MawBank","ReplayTheSpireMod:Ninjato","Ginger","HoveringKite","aspiration:HiddenCompartment","Shovel","Philosopher\u0027s Stone","DollysMirror","DemoMod:LamentConfigurum","The Courier","DemoMod:BlueGuonStone","Du-Vu Doll","aspiration:PoetsPen"],"acts_visited":[],"potions_floor_usage":[],"damage_taken":[{"damage":0.0,"enemies":"Cultist","floor":1.0,"turns":3.0},{"damage":0.0,"enemies":"Jaw Worm","floor":5.0,"turns":3.0},{"damage":6.0,"enemies":"Lagavulin","floor":10.0,"turns":5.0},{"damage":7.0,"enemies":"Fading Forest","floor":16.0,"turns":11.0},{"damage":0.0,"enemies":"3 Byrds","floor":18.0,"turns":5.0},{"damage":14.0,"enemies":"conspire:MimicChest","floor":20.0,"turns":8.0},{"damage":4.0,"enemies":"Shelled Parasite and Fungi","floor":21.0,"turns":4.0},{"damage":11.0,"enemies":"Automaton","floor":33.0,"turns":4.0},{"damage":6.0,"enemies":"3 Darklings","floor":35.0,"turns":4.0},{"damage":0.0,"enemies":"Orb Walker","floor":37.0,"turns":2.0},{"damage":0.0,"enemies":"Jaw Worm Horde","floor":45.0,"turns":2.0},{"damage":0.0,"enemies":"Maw","floor":46.0,"turns":4.0},{"damage":0.0,"enemies":"Mind Bloom Boss Battle","floor":47.0,"turns":2.0},{"damage":0.0,"enemies":"conspire:OrnateMirror","floor":50.0,"turns":6.0},{"damage":0.0,"enemies":"Jaw Worm","floor":52.0,"turns":2.0},{"damage":0.0,"enemies":"3 Sentries","floor":60.0,"turns":2.0},{"damage":0.0,"enemies":"Lagavulin","floor":62.0,"turns":3.0},{"damage":0.0,"enemies":"Gremlin Nob","floor":65.0,"turns":2.0},{"damage":0.0,"enemies":"Hexaghost","floor":67.0,"turns":3.0},{"damage":2.0,"enemies":"theJungle:MUSHROOMGANG","floor":69.0,"turns":2.0},{"damage":0.0,"enemies":"theJungle:5_Spyders","floor":71.0,"turns":2.0},{"damage":0.0,"enemies":"theJungle:Lyon","floor":72.0,"turns":2.0},{"damage":0.0,"enemies":"theJungle:2_Phrogs","floor":76.0,"turns":2.0},{"damage":0.0,"enemies":"theJungle:MamaSnecko","floor":77.0,"turns":3.0},{"damage":0.0,"enemies":"theJungle:Cassacara","floor":80.0,"turns":2.0},{"damage":0.0,"enemies":"theJungle:MamaSnecko","floor":81.0,"turns":2.0},{"damage":2.0,"enemies":"theJungle:TotemBoss","floor":84.0,"turns":2.0},{"damage":20.0,"enemies":"3 Darklings","floor":86.0,"turns":2.0},{"damage":0.0,"enemies":"Orb Walker","floor":88.0,"turns":1.0},{"damage":14.0,"enemies":"R_Hoarder","floor":91.0,"turns":3.0},{"damage":0.0,"enemies":"HollowMod:StalkingDevout","floor":94.0,"turns":2.0},{"damage":0.0,"enemies":"Giant Head","floor":96.0,"turns":2.0},{"damage":0.0,"enemies":"Writhing Mass","floor":97.0,"turns":2.0},{"damage":0.0,"enemies":"Jaw Worm Horde","floor":99.0,"turns":2.0},{"damage":29.0,"enemies":"Replay:Hell Engine","floor":101.0,"turns":3.0},{"damage":0,"enemies":"Small Slimes","floor":103,"turns":1}],"seed_played":"-7416502372152474873","potions_obtained":[{"floor":2.0,"key":"EssenceOfSteel"},{"floor":2.0,"key":"Doom Potion"},{"floor":2.0,"key":"DemoMod:BlankPotion"},{"floor":16.0,"key":"Dexterity Potion"},{"floor":21.0,"key":"GamblersBrew"},{"floor":33.0,"key":"Block Potion"},{"floor":52.0,"key":"PowerPotion"},{"floor":62.0,"key":"SkillPotion"},{"floor":71.0,"key":"Doom Potion"},{"floor":84.0,"key":"Ancient Potion"},{"floor":88.0,"key":"Fire Potion"},{"floor":94.0,"key":"Energy Potion"}],"is_trial":true,"path_per_floor":["M","?","?","$","M","R","R","?","T","E","?","R","R","?","R","B",null,"M","?","?","M","$","R","R","$","T","R","R","$","T","?","R","B",null,"M","$","M","?","?","R","R","R","T","R","M","M","?","?","R","B",null,"M","?","$","$","?","R","R","R","E","R","E","R","$","E","R","B",null,"M","$","M","M","$","R","R","E","E","?","?","E","E","?","R","B",null,"M","$","M","?","?","E","R","R","E","R","E","M","R","M","R","B",null,"M"],"character_chosen":"THE_SILENT","items_purchased":["Membership Card","Akabeko","Grinning Jar","Replay:Baseball","InkBottle","Toxic Egg 2","Hidden Blade+1","ReplayTheSpireMod:Ninjato","Ginger","aspiration:HiddenCompartment","Accuracy","Hidden Blade+1","DollysMirror","Accuracy"],"campfire_rested":0,"item_purchase_floors":[4,22,22,36,36,54,64,64,64,70,73,73,87,87],"current_hp_per_floor":[70,70,70,70,70,70,70,75,75,83,71,71,71,53,53,56,89,89,89,75,83,83,83,83,83,83,83,83,83,83,83,83,80,89,85,85,89,89,89,89,89,89,89,89,89,90,90,90,90,90,90,90,90,90,90,90,90,90,90,90,90,90,90,90,90,90,90,90,90,90,90,90,90,90,90,90,90,32,22,38,54,54,54,68,90,76,76,84,84,84,86,86,86,90,90,90,90,90,90,90,75,90,90,90],"gold":625,"neow_bonus":"","is_daily":false,"chose_seed":false,"campfire_upgraded":19,"win_rate":0.0,"timestamp":1611760291,"path_taken":["M","?","?","$","?","R","R","?","T","E","?","R","R","?","R","BOSS","M","?","?","?","$","R","R","$","T","R","R","$","?","?","R","BOSS","M","$","?","?","?","R","R","R","T","R","?","M","?","?","R","BOSS","M","?","$","$","?","R","R","R","E","R","E","R","$","E","R","BOSS","M","$","?","M","$","R","R","E","E","?","?","E","E","?","R","BOSS","M","$","?","?","?","E","R","R","E","R","E","?","R","M","R","BOSS","M"],"items_purchased_type":["Relic","Relic","Relic","Relic","Relic","Relic","Card","Relic","Relic","Relic","Card","Card","Relic","Card"],"build_version":"2020-12-22","purchased_purges":4,"victory":false,"max_hp_per_floor":[70,70,70,70,70,70,70,75,75,89,89,89,89,89,89,89,89,89,89,89,89,89,89,89,89,89,89,89,89,89,89,89,89,89,89,89,89,89,89,89,89,89,89,89,89,90,90,90,90,90,90,90,90,90,90,90,90,90,90,90,90,90,90,90,90,90,90,90,90,90,90,90,90,90,90,90,90,90,90,90,90,90,90,90,90,90,90,90,90,90,90,90,90,90,90,90,90,90,90,90,90,90,90,90],"card_choices":[{"not_picked":["Outmaneuver","Sucker Punch","Dagger Spray"],"picked":"SKIP","floor":1.0},{"not_picked":["Noxious Fumes","Poisoned Stab"],"picked":"Prepared","floor":5.0},{"not_picked":["ReplayTheSpireMod:Necrosis","ReplayTheSpireMod:From All Sides"],"picked":"Tools of the Trade","floor":9.0},{"not_picked":["Backflip","Catalyst"],"picked":"Bullet Time","floor":10.0},{"not_picked":["Unload","Adrenaline"],"picked":"After Image","floor":16.0},{"not_picked":["Blur","Dagger Spray"],"picked":"Backflip","floor":18.0},{"not_picked":["Slice","Prepared"],"picked":"Expertise","floor":20.0},{"not_picked":["Dagger Throw","Leg Sweep","Blade Dance"],"picked":"SKIP","floor":21.0},{"not_picked":["Poison Darts","Doppelganger"],"picked":"A Thousand Cuts","floor":26.0},{"not_picked":["ReplayTheSpireMod:From All Sides","A Thousand Cuts+1"],"picked":"After Image","floor":30.0},{"not_picked":["Unload","Storm of Steel"],"picked":"Die Die Die","floor":33.0},{"not_picked":["PiercingWail+1","Dagger Spray","Bane"],"picked":"SKIP","floor":35.0},{"not_picked":["Poisoned Stab+1","Outmaneuver","Deadly Poison"],"picked":"SKIP","floor":37.0},{"not_picked":["Phantasmal Killer","Envenom"],"picked":"Adrenaline","floor":43.0},{"not_picked":["All Out Attack","ReplayTheSpireMod:Speed Training+1","Toxin Wave+1"],"picked":"SKIP","floor":45.0},{"not_picked":["Bane+1","Outmaneuver"],"picked":"Backflip","floor":46.0},{"not_picked":["Tactician","Deflect"],"picked":"Infinite Blades","floor":52.0},{"not_picked":["Dagger Spray","Catalyst+1","Bouncing Flask+1"],"picked":"SKIP","floor":60.0},{"not_picked":["ReplayTheSpireMod:Speed Training+1","Crippling Poison+1"],"picked":"Backstab","floor":62.0},{"not_picked":["Predator","Masterful Stab","Prepared+1"],"picked":"SKIP","floor":65.0},{"not_picked":["Venomology+1","Night Terror+1"],"picked":"A Thousand Cuts","floor":67.0},{"not_picked":["Outmaneuver+1","Skewer+1","Sucker Punch"],"picked":"SKIP","floor":69.0},{"not_picked":["Leg Sweep+1","Sucker Punch","Bane"],"picked":"SKIP","floor":71.0},{"not_picked":["Prepared+1","Noxious Fumes+1"],"picked":"Hidden Blade+1","floor":72.0},{"not_picked":["Underhanded Strike","ReplayTheSpireMod:Exploit Weakness+1","PiercingWail+1"],"picked":"SKIP","floor":76.0},{"not_picked":["Quick Slash","Poisoned Stab","Distraction+1"],"picked":"SKIP","floor":77.0},{"not_picked":["Poisoned Stab","Outmaneuver+1","Deadly Poison+1"],"picked":"SKIP","floor":80.0},{"not_picked":["Setup+1","Blade Dance+1"],"picked":"Accuracy+1","floor":81.0},{"not_picked":["Envenom","Malaise+1"],"picked":"Venomology+1","floor":84.0},{"not_picked":["Slice+1","Draining Mist+1","Dodge and Roll+1"],"picked":"SKIP","floor":86.0},{"not_picked":["Skewer","Blade Dance+1","Choke"],"picked":"SKIP","floor":88.0},{"not_picked":["Poisoned Stab","Blur+1","Hidden Blade+1"],"picked":"SKIP","floor":91.0},{"not_picked":["Leg Sweep+1","Crippling Poison+1","Toxin Wave+1"],"picked":"SKIP","floor":94.0},{"not_picked":["Poisoned Stab+1","Flying Knee+1","Venomology+1"],"picked":"SKIP","floor":96.0},{"not_picked":["Dagger Spray+1","Hidden Blade+1","Leg Sweep+1"],"picked":"SKIP","floor":97.0},{"not_picked":["Bane+1","Flying Knee","Underhanded Strike+1"],"picked":"SKIP","floor":99.0}],"player_experience":264394,"relics_obtained":[{"floor":9.0,"key":"Replay:Towering Pillar of Hats"},{"floor":9.0,"key":"DemoMod:BigBoy"},{"floor":10.0,"key":"Mango"},{"floor":20.0,"key":"aspiration:SeaSaltIceCream"},{"floor":26.0,"key":"Bird Faced Urn"},{"floor":26.0,"key":"Nunchaku"},{"floor":30.0,"key":"Orichalcum"},{"floor":30.0,"key":"vexMod:RetaliationKit"},{"floor":43.0,"key":"Shuriken"},{"floor":43.0,"key":"DemoMod:RingOfEthereal"},{"floor":47.0,"key":"The Specimen"},{"floor":92.0,"key":"DemoMod:LamentConfigurum"},{"floor":93.0,"key":"The Courier"},{"floor":95.0,"key":"DemoMod:BlueGuonStone"},{"floor":98.0,"key":"Du-Vu Doll"},{"floor":100.0,"key":"vexMod:FocusSash"}],"event_choices":[{"damage_healed":0.0,"max_hp_gain":0.0,"max_hp_loss":0.0,"gold_gain":0.0,"event_name":"conspire:LoneGhost","player_choice":"Agree","floor":3.0,"gold_loss":0.0,"damage_taken":0.0},{"damage_healed":0.0,"max_hp_gain":5.0,"max_hp_loss":0.0,"gold_gain":0.0,"event_name":"Big Fish","player_choice":"Donut","floor":8.0,"gold_loss":0.0,"damage_taken":0.0},{"damage_healed":0.0,"max_hp_gain":0.0,"max_hp_loss":0.0,"gold_gain":0.0,"event_name":"betterThird:BetterScrap","player_choice":"Relic ","floor":11.0,"gold_loss":0.0,"damage_taken":12.0,"cards_obtained":["Life Link"]},{"damage_healed":71.0,"max_hp_gain":0.0,"max_hp_loss":89.0,"gold_gain":0.0,"event_name":"betterThird:BetterShining","player_choice":"Upgrade","floor":14.0,"gold_loss":0.0,"damage_taken":18.0,"cards_upgraded":["Deflect","Bullet Time"]},{"damage_healed":0.0,"max_hp_gain":0.0,"max_hp_loss":0.0,"gold_gain":0.0,"event_name":"The Library","player_choice":"Read","floor":19.0,"gold_loss":0.0,"damage_taken":0.0,"cards_obtained":["Infinite Blades"]},{"damage_healed":0.0,"max_hp_gain":0.0,"max_hp_loss":0.0,"gold_gain":100.0,"event_name":"Golden Shrine","player_choice":"Pray","floor":31.0,"gold_loss":0.0,"damage_taken":0.0},{"damage_healed":0.0,"max_hp_gain":0.0,"max_hp_loss":0.0,"gold_gain":0.0,"event_name":"Upgrade Shrine","player_choice":"Upgraded","floor":39.0,"gold_loss":0.0,"damage_taken":0.0,"cards_upgraded":["Backflip"]},{"damage_healed":0.0,"max_hp_gain":0.0,"max_hp_loss":0.0,"gold_gain":0.0,"event_name":"MindBloom","player_choice":"Fight","floor":47.0,"gold_loss":0.0,"damage_taken":0.0},{"cards_removed":["Die Die Die"],"damage_healed":0.0,"max_hp_gain":0.0,"max_hp_loss":0.0,"gold_gain":0.0,"event_name":"Falling","player_choice":"Removed Attack","floor":48.0,"gold_loss":0.0,"damage_taken":0.0},{"cards_removed":["Flying Knee"],"damage_healed":0.0,"max_hp_gain":0.0,"max_hp_loss":0.0,"gold_gain":0.0,"event_name":"Living Wall","player_choice":"Forget","floor":53.0,"gold_loss":0.0,"damage_taken":0.0},{"damage_healed":0.0,"max_hp_gain":0.0,"max_hp_loss":0.0,"gold_gain":0.0,"event_name":"WeMeetAgain","player_choice":"Gave Potion","floor":56.0,"gold_loss":0.0,"damage_taken":0.0,"relics_obtained":["MawBank"]},{"damage_healed":0.0,"max_hp_gain":0.0,"max_hp_loss":0.0,"gold_gain":0.0,"event_name":"Match and Keep!","player_choice":"1 cards matched","floor":82.0,"gold_loss":0.0,"damage_taken":0.0,"cards_obtained":["Cloak And Dagger"]},{"cards_removed":["Backstab"],"damage_healed":0.0,"max_hp_gain":0.0,"max_hp_loss":0.0,"gold_gain":0.0,"event_name":"Falling","player_choice":"Removed Attack","floor":89.0,"gold_loss":0.0,"damage_taken":0.0},{"damage_healed":0.0,"max_hp_gain":0.0,"max_hp_loss":0.0,"gold_gain":300.0,"event_name":"Wheel of Change","player_choice":"Gold","floor":90.0,"gold_loss":0.0,"damage_taken":0.0}],"is_beta":false,"boss_relics":[{"not_picked":["Replay:Fungal Core","ChewingGum","ReplayTheSpireMod:DimensionalGlitch"]},{"not_picked":["aspiration:SecretTechniqueScroll","vexMod:MysteryBossChallenge"],"picked":"Ring of the Serpent"},{"not_picked":["SacredBark","DemoMod:RiddleOfLead"],"picked":"vexMod:TanglingVine"},{"not_picked":["Abe\u0027s Treasure","Replay:Ancient Bell"],"picked":"HoveringKite"},{"not_picked":["SacredBark","vexMod:BigBerry"],"picked":"Philosopher\u0027s Stone"},{"not_picked":["Kintsugi","Snecko Heart"],"picked":"aspiration:PoetsPen"}],"items_purged_floors":[22,22,36,87],"is_endless":true,"potions_floor_spawned":[10,16,18,21,33,37,45,47,52,62,71,80,84,88,91,94,99],"killed_by":"Small Slimes","ascension_level":0}}