{"host":"pec1bvkeldr5yzx1","time":1611738775,"event":{"mods":["ATMod(°¢èªMod)","AchievementEnabler","Act Like it!","Aspiration","BaseMod","Better Altar","Better Match","Better Sensory Stone","Better Skull","Better Vampires","BetterRewards","Conspire","Dota2Spire","Energized Spire","Friendly Minions","GifTheSpireLib","Hubris","Minty Spire (QoL Compilation)","Replay The Spire","Spicy Shops","StSLib","Stuff the Spire","SuperFastMode","óô»ðÖ¸ÄÏ"],"gold_per_floor":[111,111,38,38,3,3,30,30,55,115,115,115,145,69,69,199,199,210,210,255,52,52,52,93,93,93,152,166,183,183,333,333,461,461,503,513,563,563,580,641,641,641,641,641,916,929,987,999,591,621,621,48,11,36,36,36],"floor_reached":55,"language":"ZHS","playtime":2379,"items_purged":["Injury","CommonCold","StuffTheSpire:CuriosityCurse","Regret","Hallucinations","StuffTheSpire:Perfection+1"],"score":1372,"play_id":"f00c5b86-3a93-4bf2-8670-69feef03c8c3","local_time":"20210127171255","is_ascension_mode":true,"campfire_choices":[{"floor":6.0,"key":"RECALL"},{"data":"Demon Form","floor":8.0,"key":"SMITH"},{"data":"Pummel","floor":11.0,"key":"SMITH"},{"data":"Pummel","floor":15.0,"key":"SMITH"},{"data":"Flex","floor":23.0,"key":"SMITH"},{"floor":32.0,"key":"REST"},{"data":"Double Tap","floor":41.0,"key":"SMITH"}],"circlet_count":0,"master_deck":["Strike_R","Strike_R","Strike_R+1","Strike_R+1","Strike_R","Defend_R","Defend_R+1","Defend_R","Bash+1","AT_DrawKnifeCut","Pummel+1","Pummel+1","Flex+1","Replay:Undeath\u0027s Touch","Flame Barrier+1","Demon Form+1","StuffTheSpire:Slingshot+1","Metallicize","Bludgeon+1","Rampage+1","Run Through+1","Carnage+1","Carnage+1","RitualDagger+1","Headbutt+1","Bludgeon+1","Replay:Undeath\u0027s Touch+1","Clothesline+1","Warcry","Double Tap+1","Armaments+1","ReplayTheSpireMod:Muscle Training+1","Cleave+1","Sword Boomerang+1","StuffTheSpire:RockThrow+1","Demon Form","StuffTheSpire:Brawn","AT_IchimonjiDouble+1","Whirlwind+1","Heavy Blade+1","Thunderclap+1","Thunderclap+1","Double Tap","Defend_R"],"relics":["Burning Blood","AT_ATBox","hubris:DeckOfHolding","aspiration:Nostalgia","Sizzling Blood","StuffTheSpire:NeowsTribute","AT_SeraphEmbrace","hubris:Towel","StuffTheSpire:HistoryBook","Molten Egg 2","hubris:ToyBattleship","Dota2Spire:HandOfMidas","Replay:Wax Seal","Ring of Searing","ReplayTheSpireMod:Ring of Collecting","Replay:Rubber Ducky","Toolbox","hubris:GrandSneckoEye","hubris:Icosahedron","StuffTheSpire:Saxophone","Nunchaku","ReplayTheSpireMod:Ring of Addiction","conspire:GiftBox","White Beast Statue","Toy Ornithopter","Dota2Spire:BattleFury","StuffTheSpire:Mouthbags","ReplayTheSpireMod:CursedCoin","hubris:EvacipatedBox","conspire:Dentures","Unceasing Top","Lantern","ChewingGum","hubris:FunFungus","conspire:Flyswatter","Ring of Hypnosis","Boot","AT_SpeedBoots","HandDrill","Lee\u0027s Waffle","hubris:EmptyBottle","Blood Vial"],"acts_visited":["Exordium","TheCity","TheBeyond","TheEnding"],"potions_floor_usage":[55],"damage_taken":[{"damage":12.0,"enemies":"Jaw Worm","floor":1.0,"turns":2.0},{"damage":15.0,"enemies":"3 Sentries","floor":7.0,"turns":6.0},{"damage":18.0,"enemies":"Gremlin Nob","floor":10.0,"turns":3.0},{"damage":10.0,"enemies":"3 Sentries","floor":13.0,"turns":3.0},{"damage":13.0,"enemies":"Hexaghost","floor":16.0,"turns":6.0},{"damage":10.0,"enemies":"Spheric Guardian","floor":18.0,"turns":3.0},{"damage":20.0,"enemies":"2 Thieves","floor":20.0,"turns":3.0},{"damage":16.0,"enemies":"Sentry and Sphere","floor":24.0,"turns":4.0},{"damage":7.0,"enemies":"conspire:SneckoGhost","floor":27.0,"turns":5.0},{"damage":12.0,"enemies":"Cultist and Chosen","floor":28.0,"turns":2.0},{"damage":0.0,"enemies":"Snake Plant","floor":29.0,"turns":1.0},{"damage":14.0,"enemies":"Pondfish","floor":33.0,"turns":5.0},{"damage":5.0,"enemies":"Orb Walker","floor":35.0,"turns":2.0},{"damage":14.0,"enemies":"3 Shapes","floor":36.0,"turns":2.0},{"damage":17.0,"enemies":"Maw","floor":37.0,"turns":5.0},{"damage":0.0,"enemies":"Jaw Worm Horde","floor":39.0,"turns":1.0},{"damage":15.0,"enemies":"R_Hoarder","floor":40.0,"turns":4.0},{"damage":15.0,"enemies":"Writhing Mass","floor":46.0,"turns":3.0},{"damage":13.0,"enemies":"Giant Head","floor":47.0,"turns":6.0},{"damage":4.0,"enemies":"3 Darklings","floor":48.0,"turns":2.0},{"damage":49.0,"enemies":"Time Eater","floor":50.0,"turns":7.0},{"damage":5.0,"enemies":"Shield and Spear","floor":54.0,"turns":2.0},{"damage":106,"enemies":"The Heart","floor":55,"turns":3}],"seed_played":"6384923835727784452","potions_obtained":[{"floor":1.0,"key":"Milkshake"},{"floor":13.0,"key":"Fire Potion"},{"floor":20.0,"key":"DuplicationPotion"},{"floor":27.0,"key":"Dexterity Potion"},{"floor":28.0,"key":"BloodPotion"},{"floor":29.0,"key":"Elixir"},{"floor":33.0,"key":"Reflective Coating"},{"floor":35.0,"key":"Dota2Spire:Clarity"},{"floor":36.0,"key":"ElixirPotion"},{"floor":37.0,"key":"BlessingOfTheForge"},{"floor":39.0,"key":"SpeedPotion"},{"floor":46.0,"key":"Death Potion"},{"floor":54.0,"key":"Venom Potion"}],"is_trial":false,"path_per_floor":["M","?","$","?","?","R","E","R","T","E","R","?","E","$","R","B",null,"M","?","M","$","?","R","M","?","T","E","M","M","?","$","R","B",null,"M","M","M","?","M","E","R","?","T","?","?","M","E","M","R","B",null,"R","$","E","B"],"character_chosen":"IRONCLAD","items_purchased":["hubris:DeckOfHolding","aspiration:Nostalgia","Pummel","AT_ArchangelStaff","Flex","Replay:Undeath\u0027s Touch","StuffTheSpire:HistoryBook","Toolbox","StuffTheSpire:Saxophone","Carnage+1","ReplayTheSpireMod:CursedCoin","hubris:EvacipatedBox","conspire:Dentures","Unceasing Top","Lantern","AT_SpeedBoots","HandDrill","Lee\u0027s Waffle","hubris:EmptyBottle","Thunderclap+1"],"campfire_rested":1,"item_purchase_floors":[0,0,0,0,0,0,3,14,21,21,31,31,31,31,31,49,49,52,52,53],"current_hp_per_floor":[38,38,38,38,59,59,54,54,54,46,46,46,46,46,46,43,74,74,74,64,64,58,58,52,52,52,60,58,84,84,6,31,42,72,77,78,71,71,81,76,76,60,60,60,60,60,61,67,67,32,64,81,79,79,0,0],"gold":36,"neow_bonus":"","is_daily":false,"chose_seed":false,"campfire_upgraded":5,"win_rate":0.0,"timestamp":1611738775,"path_taken":["M","?","$","?","?","R","E","R","T","E","R","?","E","?","R","BOSS","M","?","M","$","?","R","M","?","T","E","M","?","?","?","R","BOSS","M","M","M","?","?","E","R","?","T","?","?","?","E","M","R","BOSS","R","$","E","BOSS"],"items_purchased_type":["Relic","Relic","Card","Relic","Card","Card","Relic","Relic","Relic","Card","Relic","Relic","Relic","Relic","Relic","Relic","Relic","Relic","Relic","Card"],"build_version":"2020-12-22","purchased_purges":6,"victory":false,"max_hp_per_floor":[84,84,84,84,84,84,84,84,84,84,84,84,84,84,84,84,84,84,84,84,84,84,84,84,84,84,84,84,84,84,84,84,82,82,82,82,82,82,82,80,80,80,78,78,78,76,76,76,76,74,74,81,79,79,79,79],"card_choices":[{"not_picked":["Perfected Strike","Ghostly Armor"],"picked":"Flame Barrier","floor":1.0},{"not_picked":["Headbutt+1","Second Wind"],"picked":"Demon Form","floor":7.0},{"not_picked":["StuffTheSpire:Pyroclast+1","StuffTheSpire:Resist"],"picked":"StuffTheSpire:Slingshot+1","floor":10.0},{"not_picked":["Disarm","Flame Barrier"],"picked":"Metallicize","floor":13.0},{"not_picked":["Brutality","Berserk"],"picked":"Bludgeon+1","floor":16.0},{"not_picked":["StuffTheSpire:RockThrow+1","True Grit+1"],"picked":"Rampage+1","floor":18.0},{"not_picked":["Fire Breathing","StuffTheSpire:RockThrow+1"],"picked":"Run Through+1","floor":20.0},{"not_picked":["StuffTheSpire:BloodClot","Havoc"],"picked":"Headbutt+1","floor":24.0},{"not_picked":["Fiend Fire+1","Corruption"],"picked":"Bludgeon+1","floor":26.0},{"not_picked":["ReplayTheSpireMod:Muscle Training","Perfected Strike+1"],"picked":"Replay:Undeath\u0027s Touch+1","floor":27.0},{"not_picked":["AT_DrawKnifeCut+1","StuffTheSpire:Incineration+1"],"picked":"Clothesline+1","floor":28.0},{"not_picked":["Entrench","True Grit"],"picked":"Warcry","floor":29.0},{"not_picked":["Eclipse","Barricade"],"picked":"Double Tap","floor":33.0},{"not_picked":["Warcry","Pommel Strike+1"],"picked":"Armaments+1","floor":35.0},{"not_picked":["Immolate+1","Pommel Strike+1"],"picked":"ReplayTheSpireMod:Muscle Training+1","floor":36.0},{"not_picked":["Clothesline+1","ReplayReversal"],"picked":"Cleave+1","floor":37.0},{"not_picked":["Combust+1","Carnage+1"],"picked":"Sword Boomerang+1","floor":39.0},{"not_picked":["Metallicize","Bludgeon+1"],"picked":"StuffTheSpire:RockThrow+1","floor":40.0},{"not_picked":["Thunderclap+1","Defy Death+1"],"picked":"AT_IchimonjiDouble+1","floor":46.0},{"not_picked":["AT_DiedThrough","Entrench"],"picked":"Whirlwind+1","floor":47.0},{"not_picked":["ReplayTheSpireMod:Stacked","Replay:Undeath\u0027s Touch+1"],"picked":"Heavy Blade+1","floor":48.0},{"not_picked":["ReplayTheSpireMod:Stacked+1","Body Slam+1"],"picked":"Double Tap","floor":54.0}],"player_experience":113520,"relics_obtained":[{"floor":7.0,"key":"hubris:ToyBattleship"},{"floor":9.0,"key":"Dota2Spire:HandOfMidas"},{"floor":10.0,"key":"Replay:Wax Seal"},{"floor":12.0,"key":"Ring of Searing"},{"floor":12.0,"key":"ReplayTheSpireMod:Ring of Collecting"},{"floor":13.0,"key":"Replay:Rubber Ducky"},{"floor":25.0,"key":"Nunchaku"},{"floor":26.0,"key":"ReplayTheSpireMod:Ring of Addiction"},{"floor":26.0,"key":"conspire:GiftBox"},{"floor":26.0,"key":"White Beast Statue"},{"floor":26.0,"key":"Toy Ornithopter"},{"floor":27.0,"key":"Dota2Spire:BattleFury"},{"floor":40.0,"key":"conspire:Flyswatter"},{"floor":43.0,"key":"Ring of Hypnosis"},{"floor":47.0,"key":"Boot"},{"floor":54.0,"key":"Blood Vial"}],"event_choices":[{"damage_healed":21.0,"max_hp_gain":0.0,"max_hp_loss":0.0,"gold_gain":0.0,"event_name":"The Cleric","player_choice":"Healed","floor":5.0,"gold_loss":35.0,"damage_taken":0.0},{"damage_healed":0.0,"max_hp_gain":0.0,"max_hp_loss":0.0,"gold_gain":0.0,"event_name":"Nest","player_choice":"Joined the Cult","floor":22.0,"gold_loss":0.0,"damage_taken":6.0,"cards_obtained":["RitualDagger"]},{"damage_healed":0.0,"max_hp_gain":0.0,"max_hp_loss":0.0,"gold_gain":0.0,"event_name":"Wheel of Change","player_choice":"Relic","floor":25.0,"gold_loss":0.0,"damage_taken":0.0},{"damage_healed":0.0,"max_hp_gain":0.0,"max_hp_loss":0.0,"gold_gain":0.0,"event_name":"WeMeetAgain","player_choice":"Gave Potion","floor":38.0,"gold_loss":0.0,"damage_taken":0.0,"relics_obtained":["hubris:FunFungus"]},{"damage_healed":0.0,"max_hp_gain":0.0,"max_hp_loss":16.0,"gold_gain":3.0,"event_name":"betterStone:BetterStone","player_choice":"2","floor":42.0,"gold_loss":0.0,"damage_taken":0.0},{"damage_healed":0.0,"max_hp_gain":0.0,"max_hp_loss":0.0,"gold_gain":0.0,"event_name":"Tomb of Lord Red Mask","player_choice":"Ignored","floor":44.0,"gold_loss":0.0,"damage_taken":0.0},{"damage_healed":0.0,"max_hp_gain":0.0,"max_hp_loss":0.0,"gold_gain":275.0,"event_name":"Golden Shrine","player_choice":"Desecrate","floor":45.0,"gold_loss":0.0,"damage_taken":0.0,"cards_obtained":["Regret"]}],"is_beta":false,"boss_relics":[{"not_picked":["Replay:Drink Me","aspiration:WatcherSkillbook"],"picked":"hubris:GrandSneckoEye"},{"not_picked":["Coffee Dripper","hubris:ScarierMask","Black Blood"],"picked":"ChewingGum"}],"items_purged_floors":[21,31,31,49,52,52],"is_endless":false,"potions_floor_spawned":[1,13,20,27,28,29,33,35,36,37,39,40,46,47,48,54],"killed_by":"The Heart","ascension_level":6}}