{"host":"rjfefv2ruvigm2gb","time":1611757603,"event":{"mods":["Act Like it!","AlwaysNeverKeys","BaseMod","Better Third Choice","Block Reminder","Conspire","Curses Come First","Displayed Cursed Tome","Downfall","Elementarium","Fox Events","GifTheSpireLib","Gold Saver","Googly Eyes","HexUI Lib","Hubris","Infinite Spire","Ironclad Rager","Marked Mod","Mimic Mod","Minty Spire (QoL Compilation)","Permanent Neow","Poor People Problems","Quick Restart","Relic Filter","Relic Stats","Reliquary","Replay The Spire","Retaliation","Shop Mod","Small Relic Pack","StS++","StSLib","Stuff the Spire","SuperFastMode","The Blue Laboratory","The Dragonkin","TheSurvivalist","Transform Curses","Uncapped","Virulent Crown","Watcher Patcher","Yakumo Yukari mod"],"gold_per_floor":[849,860,860,877,583,583,593,593,593,628,234,280,280,280,280,293,293,394,394,404,158,158,187,204,204,237,254,254,254,271,291,291,291,291,394,394,408,420,34,34,46,46,46,46,117,117,145,145,145,159,176,193,193,193,193,193,36,66,66],"floor_reached":60,"language":"ENG","playtime":2949,"items_purged":[],"score":1438,"play_id":"f9c3a133-6646-42e7-bf48-0632f19a761b","local_time":"20210127082643","is_ascension_mode":false,"campfire_choices":[{"data":"Fantasy_PerpetualMotionMachine_purple","floor":6.0,"key":"SMITH"},{"data":"CommonSense_AntiCommonSense_purple","floor":15.0,"key":"SMITH"},{"floor":17.0,"key":"DIG"},{"data":"WangLiang_OokamiKakushi_purple","floor":25.0,"key":"SMITH"},{"data":"Bait_HighSpeedFlying_purple","floor":32,"key":"SMITH"},{"floor":34,"key":"REST"},{"data":"GluttonyofRealm_purpleEX","floor":43,"key":"SMITH"},{"data":"Observe_purple_1","floor":53,"key":"SMITH"},{"data":"WeekHit_purple","floor":56,"key":"SMITH"}],"circlet_count":0,"master_deck":["AT_purpleEX","AT_purpleEX","AT_purpleEX","Defend_purpleEX","Defend_purpleEX","Defend_purpleEX","Defend_purpleEX","Observe_purple_1+1","Observe_purple_2+1","OmniscientAndOmnipotent_Monster_purple","WeekHit_purple+1","StateErode_purple","Fantasy_PerpetualMotionMachine_purple+1","Mirror_Drifter_purple+1","OmniscientAndOmnipotent_Monster_purple+1","Mirror_FormAndEmptin_purple+1","CommonSense_AntiCommonSense_purple+1","DarkRealmRedLine_purple","WangLiang_OokamiKakushi_purple+1","Boundary_DreamRealityDamnation_purple+1","Bait_HighSpeedFlying_purple+1","Bait_HighSpeedFlying_purple+1","WatchEChange_purple+1","DimensionStaggered_purple+1","GluttonyofRealm_purpleEX+1","CurseOfTheBell","StateDuplicate_purple+1","Photoelasticity_Doppler_Effect_purple+1","MonsterNeedle_purple+1","MeetDecomposer_purple+1"],"relics":["Boundary_crack","Memoryfragments_purpleEX","hubris:PeanutButter","Toxic Egg 2","FossilizedHelix","infinitespire:EmpoweringShard","StuffTheSpire:Gunfinga","bronze:MakeshiftBattery","FossilizedHelix","reliquary:PartyBalloon","Slimebound:PreparedRelic","Calling Bell","reliquary:TuningFork","hubris:BottledRain","hubris:Zylophone","hubris:CrystalStatue","ClockworkSouvenir","reliquary:Buckler","infinitespire:WardingShard","relicPack:DSword","Pondfish Scales","hubris:EmptyBottle","reliquary:RoseTintedGlasses"],"acts_visited":["Exordium","TheCity","TheBeyond","TheEnding"],"potions_floor_usage":[50,51,58,58,59,59,59],"damage_taken":[{"damage":9.0,"enemies":"infinitespire:Voidling","floor":1.0,"turns":4.0},{"damage":0.0,"enemies":"Small Slimes","floor":2.0,"turns":4.0},{"damage":0.0,"enemies":"Cultist","floor":4.0,"turns":2.0},{"damage":9.0,"enemies":"Lots of Slimes","floor":7.0,"turns":6.0},{"damage":0.0,"enemies":"Looter","floor":10.0,"turns":5.0},{"damage":0.0,"enemies":"Large Slime","floor":12.0,"turns":7.0},{"damage":0.0,"enemies":"3 Louse","floor":16.0,"turns":3.0},{"damage":0.0,"enemies":"Slime Boss","floor":18.0,"turns":5.0},{"damage":15.0,"enemies":"Shell Parasite","floor":20.0,"turns":5.0},{"damage":0.0,"enemies":"2 Thieves","floor":23.0,"turns":4.0},{"damage":0.0,"enemies":"Cultist and Chosen","floor":24.0,"turns":4.0},{"damage":29.0,"enemies":"Gremlin Leader","floor":26.0,"turns":4.0},{"damage":14.0,"enemies":"Snake Plant","floor":27.0,"turns":3.0},{"damage":0.0,"enemies":"Centurion and Healer","floor":30.0,"turns":3.0},{"damage":0.0,"enemies":"3 Cultists","floor":31.0,"turns":4.0},{"damage":0,"enemies":"conspire:MysteriousRune","floor":35,"turns":5},{"damage":0,"enemies":"Orb Walker","floor":37,"turns":3},{"damage":0,"enemies":"3 Shapes","floor":38,"turns":4},{"damage":0,"enemies":"Transient","floor":41,"turns":5},{"damage":0,"enemies":"Giant Head","floor":47,"turns":2},{"damage":0,"enemies":"3 Darklings","floor":50,"turns":4},{"damage":0,"enemies":"Maw","floor":51,"turns":5},{"damage":0,"enemies":"Sphere and 2 Shapes","floor":52,"turns":1},{"damage":0,"enemies":"Time Eater","floor":54,"turns":3},{"damage":37,"enemies":"Shield and Spear","floor":58,"turns":4},{"damage":62,"enemies":"The Heart","floor":59,"turns":7}],"seed_played":"-8770279665417764583","potions_obtained":[{"floor":1.0,"key":"blueLaboratory:CorrosionFlask"},{"floor":2.0,"key":"Languid Potion"},{"floor":12.0,"key":"Fruit Juice"},{"floor":18.0,"key":"DDmod:CleansePotion"},{"floor":23.0,"key":"BlessingOfTheForge"},{"floor":27.0,"key":"AttackPotion"},{"floor":37,"key":"Energy Potion"},{"floor":38,"key":"EssenceOfSteel"},{"floor":51,"key":"Explosive Potion"},{"floor":52,"key":"blueLaboratory:ForbiddenFruitJuice"}],"is_trial":false,"path_per_floor":["M","M","?","M","$","R","M","?","T","M","$","M","PTL","PTL","R","M","R","B",null,"M","$","?","M","M","R","E","M","T","?","M","M","R","?","R","B",null,"M","M","$","?","M","?","R","$","T","?","E","PTL","PTL","M","M","M","R","B",null,"R","$","E","B",null],"character_chosen":"Youkari","items_purchased":["hubris:PeanutButter","Fantasy_PerpetualMotionMachine_purple","FossilizedHelix","infinitespire:EmpoweringShard","reliquary:SculptingSteel","hubris:CrystalStatue","ClockworkSouvenir","hubris:EmptyBottle"],"campfire_rested":1,"item_purchase_floors":[5,5,11,11,21,39,39,57],"current_hp_per_floor":[65,67,70,70,70,70,64,64,64,65,65,75,75,75,75,75,75,75,75,71,71,71,71,75,75,48,39,39,39,39,50,50,50,72,75,75,75,81,81,81,81,81,81,81,81,46,52,52,52,63,69,78,78,85,85,85,85,65,36],"gold":66,"neow_bonus":"UPGRADE_CARD","is_daily":false,"chose_seed":false,"campfire_upgraded":7,"win_rate":0.0,"timestamp":1611757603,"path_taken":["M","?","?","M","$","R","M","?","T","M","$","M","PTL","PTL","R","M","R","BOSS","M","$","?","?","M","R","E","M","T","?","M","M","R","?","R","BOSS","M","M","$","?","M","?","R","?","T","?","E","PTL","PTL","M","M","M","R","BOSS","R","$","E","BOSS"],"items_purchased_type":["Relic","Card","Relic","Relic","Relic","Relic","Relic","Relic"],"build_version":"2020-12-22","purchased_purges":0,"victory":true,"max_hp_per_floor":[70,70,70,70,70,70,70,70,70,70,70,75,75,75,75,75,75,75,75,75,75,75,75,75,75,75,75,75,75,75,75,75,75,75,75,75,75,81,81,81,81,81,81,81,81,81,81,81,81,81,81,85,85,85,85,85,85,101,91],"relic_stats":{"counters":[26,106],"obtain_stats":[{"hubris:CrystalStatue":39,"relicPack:DSword":46,"reliquary:PartyBalloon":26,"Boundary_crack":0,"hubris:EmptyBottle":57,"ClockworkSouvenir":39,"Calling Bell":36,"hubris:Zylophone":36,"StuffTheSpire:Gunfinga":17,"Pondfish Scales":47,"infinitespire:WardingShard":45,"hubris:PeanutButter":5,"reliquary:Buckler":42,"reliquary:SculptingSteel":21,"Slimebound:PreparedRelic":28,"reliquary:RoseTintedGlasses":58,"infinitespire:EmpoweringShard":11,"reliquary:TuningFork":36,"Toxic Egg 2":9,"FossilizedHelix":11,"bronze:MakeshiftBattery":19,"Memoryfragments_purpleEX":0,"hubris:BottledRain":36},{"hubris:CrystalStatue":18,"relicPack:DSword":19,"reliquary:PartyBalloon":12,"Boundary_crack":0,"hubris:EmptyBottle":24,"ClockworkSouvenir":18,"Calling Bell":16,"hubris:Zylophone":16,"StuffTheSpire:Gunfinga":7,"Pondfish Scales":20,"infinitespire:WardingShard":19,"hubris:PeanutButter":3,"reliquary:Buckler":19,"reliquary:SculptingSteel":9,"Slimebound:PreparedRelic":13,"reliquary:RoseTintedGlasses":25,"infinitespire:EmpoweringShard":5,"reliquary:TuningFork":16,"Toxic Egg 2":4,"FossilizedHelix":5,"bronze:MakeshiftBattery":8,"Memoryfragments_purpleEX":0,"hubris:BottledRain":16},{"hubris:CrystalStatue":75,"relicPack:DSword":80,"reliquary:PartyBalloon":53,"Boundary_crack":0,"hubris:EmptyBottle":95,"ClockworkSouvenir":75,"Calling Bell":68,"hubris:Zylophone":68,"StuffTheSpire:Gunfinga":31,"Pondfish Scales":82,"infinitespire:WardingShard":80,"hubris:PeanutButter":10,"reliquary:Buckler":80,"reliquary:SculptingSteel":41,"Slimebound:PreparedRelic":56,"reliquary:RoseTintedGlasses":99,"infinitespire:EmpoweringShard":21,"reliquary:TuningFork":68,"Toxic Egg 2":16,"FossilizedHelix":21,"bronze:MakeshiftBattery":36,"Memoryfragments_purpleEX":0,"hubris:BottledRain":68}]},"card_choices":[{"not_picked":["Boundary_DynamicStaticEquilibrium_purple","StretchesForeverDream_purple"],"picked":"OmniscientAndOmnipotent_Monster_purple","floor":1.0},{"not_picked":["ExistenceContinue_purple","StretchesForeverDream_purple"],"picked":"WeekHit_purple","floor":2.0},{"not_picked":["RuleDissolution_purple","MetroBOOM_purple"],"picked":"StateErode_purple","floor":4.0},{"not_picked":["StateDuplicate_purple","SharpContractionReality_purple"],"picked":"Mirror_Drifter_purple","floor":7.0},{"not_picked":["Mirror_WaveAndshot_purple+1","ExistenceContinue_purple"],"picked":"Mirror_FormAndEmptin_purple+1","floor":10.0},{"not_picked":["ExistenceContinue_purple","StateDuplicate_purple+1"],"picked":"CommonSense_AntiCommonSense_purple","floor":12.0},{"not_picked":["OmniscientAndOmnipotent_Monster_purple","StateDuplicate_purple+1"],"picked":"DarkRealmRedLine_purple","floor":16.0},{"not_picked":["Computing_the_future_purpleEX","Human_Monster_Realm_purple+1"],"picked":"WangLiang_OokamiKakushi_purple","floor":18.0},{"not_picked":["StateDuplicate_purple+1","Anti_communist_purple+1","Mirror_FormAndEmptin_purple+1"],"picked":"SKIP","floor":20.0},{"not_picked":["WingOfChimera_purple+1","DarkRealmRedLine_purple"],"picked":"Boundary_DreamRealityDamnation_purple+1","floor":23.0},{"not_picked":["MNeedle_purple","SharpContractionReality_purple"],"picked":"Bait_HighSpeedFlying_purple","floor":24.0},{"not_picked":["Line_surface_state_purple+1","StateDuplicate_purple+1"],"picked":"Bait_HighSpeedFlying_purple+1","floor":26.0},{"not_picked":["ExternalForce_HighSpeedFlying_purple","RuptureOfTimeAndSpace_purple+1"],"picked":"WatchEChange_purple+1","floor":27.0},{"not_picked":["Realm_recovery_purpleEX+1","MNeedle_purple"],"picked":"DimensionStaggered_purple+1","floor":30.0},{"not_picked":["OmniscientAndOmnipotent_Monster_purple","Erosivefilter_purple+1","ExistenceContinue_purple"],"picked":"SKIP","floor":31},{"not_picked":["UniverseChoice_purple","Computing_the_future_purpleEX"],"picked":"GluttonyofRealm_purpleEX","floor":35},{"not_picked":["ExistenceContinue_purple","OmniscientAndOmnipotent_Monster_purple+1","StateDuplicate_purple+1"],"picked":"SKIP","floor":37},{"not_picked":["Mirror_FormAndEmptin_purple+1","Line_surface_state_purple+1"],"picked":"StateDuplicate_purple+1","floor":38},{"not_picked":["Charmbait_purple+1","PurpleNeedle_purple+1"],"picked":"Photoelasticity_Doppler_Effect_purple+1","floor":41},{"not_picked":["SfantasyHide_purple+1","ExistenceContinue_purple"],"picked":"MonsterNeedle_purple+1","floor":47},{"not_picked":["AdvanceAttack_purple","Worldmountain_purple","DimensionStaggered_purple+1"],"picked":"SKIP","floor":50},{"not_picked":["Boundary_LightAndDark_purple+1","SharpContractionReality_purple+1","Mirror_WaveAndshot_purple+1"],"picked":"SKIP","floor":51},{"not_picked":["Charmbait_purple+1","PositiveMatter_Antimatter_Universe_purple+1"],"picked":"MeetDecomposer_purple+1","floor":52},{"not_picked":["WingOfChimera_purple+1","WeekHit_purple","SharpContractionReality_purple+1"],"picked":"SKIP","floor":58}],"player_experience":1085803,"relics_obtained":[{"floor":9.0,"key":"Toxic Egg 2"},{"floor":17.0,"key":"StuffTheSpire:Gunfinga"},{"floor":26.0,"key":"reliquary:PartyBalloon"},{"floor":28.0,"key":"Slimebound:PreparedRelic"},{"floor":36,"key":"reliquary:TuningFork"},{"floor":36,"key":"hubris:BottledRain"},{"floor":36,"key":"hubris:Zylophone"},{"floor":45,"key":"infinitespire:WardingShard"},{"floor":47,"key":"Pondfish Scales"},{"floor":58,"key":"reliquary:RoseTintedGlasses"}],"event_choices":[{"damage_healed":0.0,"max_hp_gain":0.0,"max_hp_loss":0.0,"gold_gain":0.0,"cards_transformed":["AT_purpleEX"],"event_name":"Transmorgrifier","player_choice":"Transformed","floor":8.0,"gold_loss":0.0,"damage_taken":0.0,"cards_obtained":["OmniscientAndOmnipotent_Monster_purple"]},{"damage_healed":0.0,"max_hp_gain":0.0,"max_hp_loss":0.0,"gold_gain":0.0,"event_name":"NoteForYourself","player_choice":"Ignored","floor":22.0,"gold_loss":0.0,"damage_taken":0.0}],"is_beta":false,"boss_relics":[{"not_picked":["Cursed Key","reliquary:Ember"],"picked":"bronze:MakeshiftBattery"},{"not_picked":["hubris:HollowSoul","Velvet Choker"],"picked":"Calling Bell"}],"items_purged_floors":[],"is_endless":false,"potions_floor_spawned":[1,2,12,18,23,27,30,37,38,51,52],"ascension_level":0}}