{"host":"x3688v8yj57o2b0e","time":1611706654,"event":{"mods":["BaseMod","Minty Spire (QoL Compilation)"],"gold_per_floor":[118,131,147,147,57,92,116,141,141,106,130,130,130,148,148,267,330,350,40,65,79,79,79],"floor_reached":22,"language":"ENG","playtime":1944,"items_purged":["Strike_B"],"score":200,"play_id":"3e8e47e4-f097-4c1d-b5cc-7b81b6133a17","local_time":"20210126191734","is_ascension_mode":true,"campfire_choices":[{"floor":13,"key":"REST"},{"data":"Fission","floor":15,"key":"SMITH"}],"circlet_count":0,"master_deck":["Strike_B+1","Strike_B","Strike_B","Defend_B","Defend_B","Defend_B","Defend_B","Zap","Dualcast","FTL","Go for the Eyes","Chaos","Hologram","Hello World","Capacitor","Chaos","Sweeping Beam","Fission+1","Defragment","Seek","Redo","Compile Driver+1","Coolheaded","Doom and Gloom","Storm","Ball Lightning","Coolheaded+1"],"relics":["Cracked Core","Golden Idol","Omamori","InkBottle","Tiny House"],"acts_visited":["Exordium","TheCity"],"potions_floor_usage":[11,18,20,21],"damage_taken":[{"damage":4,"enemies":"2 Louse","floor":1,"turns":3},{"damage":0,"enemies":"Small Slimes","floor":2,"turns":2},{"damage":3,"enemies":"Jaw Worm","floor":3,"turns":2},{"damage":7,"enemies":"Lagavulin","floor":6,"turns":8},{"damage":6,"enemies":"Exordium Wildlife","floor":7,"turns":4},{"damage":38,"enemies":"Lots of Slimes","floor":8,"turns":5},{"damage":18,"enemies":"Exordium Thugs","floor":11,"turns":3},{"damage":5,"enemies":"Looter","floor":14,"turns":4},{"damage":16,"enemies":"Slime Boss","floor":16,"turns":6},{"damage":49,"enemies":"3 Byrds","floor":18,"turns":6},{"damage":3,"enemies":"Spheric Guardian","floor":20,"turns":4},{"damage":31,"enemies":"3 Cultists","floor":21,"turns":4},{"damage":9,"enemies":"Snecko","floor":22,"turns":2}],"seed_played":"1477706653855311266","potions_obtained":[{"floor":1,"key":"SpeedPotion"},{"floor":7,"key":"Energy Potion"},{"floor":11,"key":"FearPotion"},{"floor":17,"key":"Strength Potion"}],"is_trial":false,"path_per_floor":["M","M","M","?","$","E","M","M","T","?","M","?","R","M","R","B",null,"M","$","M","M","M"],"character_chosen":"DEFECT","items_purchased":["Hologram","Hello World","Coolheaded","Doom and Gloom","Storm","Block Potion"],"campfire_rested":1,"item_purchase_floors":[5,5,19,19,19,19],"current_hp_per_floor":[78,78,75,55,55,48,42,4,4,24,6,6,30,25,25,9,87,38,38,35,4,0,0],"gold":79,"neow_bonus":"TEN_PERCENT_HP_BONUS","is_daily":false,"chose_seed":false,"campfire_upgraded":1,"win_rate":0.0,"timestamp":1611706654,"path_taken":["M","M","M","?","$","E","M","M","T","?","M","?","R","M","R","BOSS","M","$","M","M","M"],"items_purchased_type":["Card","Card","Card","Card","Card","Potion"],"build_version":"2020-12-22","purchased_purges":1,"victory":false,"max_hp_per_floor":[82,82,82,82,82,82,82,82,82,82,82,82,82,82,82,82,87,87,87,87,87,87,87],"card_choices":[{"not_picked":["Leap","Rebound"],"picked":"FTL","floor":1},{"not_picked":["Rebound","Redo"],"picked":"Go for the Eyes","floor":2},{"not_picked":["Steam","Fusion"],"picked":"Chaos","floor":3},{"not_picked":["Steam","Sweeping Beam"],"picked":"Capacitor","floor":6},{"not_picked":["BootSequence","Heatsinks"],"picked":"Chaos","floor":7},{"not_picked":["Reinforced Body","Heatsinks"],"picked":"Sweeping Beam","floor":8},{"not_picked":["Melter","Streamline"],"picked":"Fission","floor":11},{"not_picked":["Steam","Reprogram"],"picked":"Defragment","floor":14},{"not_picked":["Meteor Strike","Thunder Strike"],"picked":"Seek","floor":16},{"not_picked":["Gash","Sunder"],"picked":"Redo","floor":17},{"not_picked":["Turbo+1","Sweeping Beam"],"picked":"Compile Driver+1","floor":18},{"not_picked":["Rip and Tear","Gash"],"picked":"Ball Lightning","floor":20},{"not_picked":["Hologram+1","Aggregate"],"picked":"Coolheaded+1","floor":21}],"player_experience":145088,"relics_obtained":[{"floor":6,"key":"Omamori"},{"floor":9,"key":"InkBottle"}],"event_choices":[{"damage_healed":0,"gold_gain":0,"player_choice":"Take Damage","damage_taken":20,"relics_obtained":["Golden Idol"],"max_hp_gain":0,"max_hp_loss":0,"event_name":"Golden Idol","floor":4,"gold_loss":0},{"damage_healed":20,"gold_gain":0,"player_choice":"Healed","damage_taken":0,"max_hp_gain":0,"max_hp_loss":0,"event_name":"The Cleric","floor":10,"gold_loss":35},{"damage_healed":0,"gold_gain":0,"player_choice":"Ignored","damage_taken":0,"max_hp_gain":0,"max_hp_loss":0,"event_name":"Golden Wing","floor":12,"gold_loss":0}],"is_beta":false,"boss_relics":[{"not_picked":["Coffee Dripper","Black Star"],"picked":"Tiny House"}],"items_purged_floors":[19],"is_endless":false,"potions_floor_spawned":[1,7,11],"killed_by":"Snecko","ascension_level":1}}