{"host":"n9lc5i44t98l6pio","time":1611727897,"event":{"mods":["BaseMod","Curses Come First","Downfall","Minty Spire (QoL Compilation)","Replay The Spire","Say the Spire","StSLib"],"gold_per_floor":[119,119,222,239,257,286,286,286,310,335,348,348,379,46,46,150,150,170,158,158,177,196,196,196],"floor_reached":23,"language":"ENG","playtime":752,"items_purged":["Regret"],"score":222,"play_id":"a8bbe417-6646-4994-a140-49279afdff21","local_time":"20210127071137","is_ascension_mode":true,"campfire_choices":[{"data":"Demon Form","floor":7.0,"key":"SMITH"},{"floor":15.0,"key":"RECALL"}],"circlet_count":0,"master_deck":["Strike_R","Strike_R","Strike_R","Strike_R","Strike_R","Defend_R","Defend_R","Defend_R","Defend_R","Bash","Entrench","Rupture","Power Through","Wild Strike","Demon Form+1","Run Through","Spot Weakness","Wild Strike","Cleave","Spot Weakness","Anger+1","Flame Barrier","Brutality","Combust","Armaments+1","downfall:Bewildered","Wild Strike"],"relics":["Burning Blood","NeowsBlessing","Toy Ornithopter","Tiny Chest","Blue Doll","Replay:Rubber Ducky","Lee\u0027s Waffle","sneckomod:BabySnecko"],"acts_visited":["Exordium","TheCity"],"potions_floor_usage":[19,21,21],"damage_taken":[{"damage":0.0,"enemies":"2 Louse","floor":1.0,"turns":1.0},{"damage":0.0,"enemies":"Small Slimes","floor":4.0,"turns":1.0},{"damage":0.0,"enemies":"Cultist","floor":5.0,"turns":1.0},{"damage":22.0,"enemies":"Replay:BlueRogue","floor":6.0,"turns":5.0},{"damage":14.0,"enemies":"Gremlin Nob","floor":10.0,"turns":3.0},{"damage":7.0,"enemies":"Blue Slaver","floor":11.0,"turns":3.0},{"damage":19.0,"enemies":"Replay:BlueRogue","floor":13.0,"turns":8.0},{"damage":18.0,"enemies":"The Guardian","floor":16.0,"turns":9.0},{"damage":20.0,"enemies":"3 Byrds","floor":18.0,"turns":5.0},{"damage":18,"enemies":"2 Thieves","floor":19,"turns":4},{"damage":10,"enemies":"Snake Plant","floor":21,"turns":5},{"damage":38,"enemies":"Chosen and Byrds","floor":22,"turns":7},{"damage":43,"enemies":"Book of Stabbing","floor":23,"turns":4}],"seed_played":"8837734241540953146","potions_obtained":[{"floor":5.0,"key":"Fire Potion"},{"floor":6.0,"key":"Milkshake"},{"floor":13.0,"key":"Guardian:BlockOnCardUsePotion"},{"floor":16.0,"key":"SpeedPotion"},{"floor":19,"key":"DuplicationPotion"}],"is_trial":false,"path_per_floor":["M","?","?","M","M","E","R","?","T","E","M","?","E","$","R","B",null,"M","M","?","M","M","E"],"character_chosen":"IRONCLAD","items_purchased":["Lee\u0027s Waffle","Anger+1","Flame Barrier"],"campfire_rested":0,"item_purchase_floors":[14,14,14],"current_hp_per_floor":[80,80,80,80,80,64,64,56,56,53,52,52,39,87,87,75,87,73,66,66,72,40,0,0],"gold":196,"neow_bonus":"THREE_ENEMY_KILL","is_daily":false,"chose_seed":false,"campfire_upgraded":1,"win_rate":0.0,"timestamp":1611727897,"path_taken":["M","?","?","M","M","E","R","?","T","E","?","?","E","$","R","BOSS","M","M","?","M","M","E"],"items_purchased_type":["Relic","Card","Card"],"build_version":"2020-12-22","purchased_purges":1,"victory":false,"max_hp_per_floor":[80,80,80,80,80,80,80,80,80,80,80,80,80,87,87,87,87,87,87,87,87,87,87,87],"card_choices":[{"not_picked":["Sword Boomerang","Armaments"],"picked":"Entrench","floor":1.0},{"not_picked":["Sword Boomerang","Wild Strike"],"picked":"Rupture","floor":3.0},{"not_picked":["Fire Breathing","True Grit"],"picked":"Power Through","floor":3.0},{"not_picked":["Iron Wave","Blood for Blood"],"picked":"Wild Strike","floor":3.0},{"not_picked":["Warcry","ReplayTheSpireMod:Strike From Hell"],"picked":"Demon Form","floor":4.0},{"not_picked":["Wild Strike","Disarm"],"picked":"Run Through","floor":5.0},{"not_picked":["Battle Trance","ReplayTheSpireMod:Limb From Limb"],"picked":"Spot Weakness","floor":6.0},{"not_picked":["Evolve","ReplayTheSpireMod:Corrosion Curse"],"picked":"Wild Strike","floor":10.0},{"not_picked":["True Grit","Clothesline"],"picked":"Cleave","floor":11.0},{"not_picked":["Whirlwind","Body Slam"],"picked":"Spot Weakness","floor":13.0},{"not_picked":["Offering","Corruption"],"picked":"Brutality","floor":16.0},{"not_picked":["Battle Trance+1","Seeing Red"],"picked":"Combust","floor":18.0},{"not_picked":["Body Slam","ReplayTheSpireMod:Limb From Limb"],"picked":"Armaments+1","floor":19},{"not_picked":["Defy Death","Body Slam"],"picked":"Wild Strike","floor":21},{"not_picked":["Abandon","Battle Trance+1","Havoc"],"picked":"SKIP","floor":22}],"player_experience":205134,"relics_obtained":[{"floor":6.0,"key":"Toy Ornithopter"},{"floor":10.0,"key":"Tiny Chest"},{"floor":13.0,"key":"Replay:Rubber Ducky"}],"event_choices":[{"damage_healed":0.0,"max_hp_gain":0.0,"max_hp_loss":0.0,"gold_gain":0.0,"event_name":"The Cleric","player_choice":"Leave","floor":2.0,"gold_loss":0.0,"damage_taken":0.0},{"damage_healed":0.0,"max_hp_gain":0.0,"max_hp_loss":0.0,"gold_gain":0.0,"event_name":"Wheel of Change","player_choice":"Damaged","floor":8.0,"gold_loss":0.0,"damage_taken":8.0},{"damage_healed":0.0,"max_hp_gain":0.0,"max_hp_loss":0.0,"gold_gain":0.0,"event_name":"Big Fish","player_choice":"Box","floor":12.0,"gold_loss":0.0,"damage_taken":0.0,"relics_obtained":["Blue Doll"],"cards_obtained":["Regret"]}],"is_beta":false,"boss_relics":[{"not_picked":["Sozu","Runic Pyramid","Runic Dome"]}],"items_purged_floors":[14],"is_endless":false,"potions_floor_spawned":[5,6,13,16,19],"killed_by":"Book of Stabbing","ascension_level":1}}