{"host":"3ghcx3e93lhog3cp","time":1611717016,"event":{"mods":["AchievementEnabler","BaseMod","Downfall","Infinite Spire","Minty Spire (QoL Compilation)","Replay The Spire","StSLib"],"gold_per_floor":[109,31,50,63,75,75,94,94,142,159,159,175,210,224,224,341,341,357,357,64,84,101,101,101],"floor_reached":23,"language":"ENG","playtime":2099,"items_purged":[],"score":207,"play_id":"74d7fb5a-3324-4413-a025-be4f3378095b","local_time":"20210126191016","is_ascension_mode":true,"campfire_choices":[{"data":"Magnetism","floor":6,"key":"SMITH"},{"data":"Sneak Up","floor":8,"key":"SMITH"},{"floor":15,"key":"DIG"}],"circlet_count":0,"master_deck":["Strike_G","Strike_G","Strike_G","Strike_G","Strike_G","Defend_G","Defend_G","Defend_G","Defend_G","Defend_G","Survivor","Neutralize","Magnetism+1","Underhanded Strike","Glass Knife","Sneak Up+1","Dagger Throw","Dodge and Roll","Deflect","Clumsy","PanicButton","Bouncing Flask","Footwork","Dagger Spray","All Out Attack","Doppelganger","Backstab","After Image","Quick Slash","ReplayTheSpireMod:Tripwire+1"],"relics":["Ring of the Snake","Regal Pillow","Blue Candle","infinitespire:Satchel","SlaversCollar","infinitespire:PuzzleCube","Medical Kit"],"acts_visited":["Exordium","TheCity"],"potions_floor_usage":[13,13,14,16,16],"damage_taken":[{"damage":4,"enemies":"Cultist","floor":1,"turns":5},{"damage":0,"enemies":"2 Louse","floor":3,"turns":3},{"damage":2,"enemies":"Small Slimes","floor":4,"turns":4},{"damage":19,"enemies":"Gremlin Gang","floor":5,"turns":6},{"damage":0,"enemies":"Blue Slaver","floor":7,"turns":5},{"damage":1,"enemies":"Exordium Wildlife","floor":10,"turns":4},{"damage":4,"enemies":"2 Fungi Beasts","floor":12,"turns":4},{"damage":5,"enemies":"Gremlin Nob","floor":13,"turns":4},{"damage":2,"enemies":"Blue Slaver","floor":14,"turns":5},{"damage":13,"enemies":"Hexaghost","floor":16,"turns":14},{"damage":16,"enemies":"3 Byrds","floor":18,"turns":8},{"damage":17,"enemies":"Chosen","floor":21,"turns":7},{"damage":26,"enemies":"Snecko","floor":22,"turns":5},{"damage":4,"enemies":"Slavers","floor":23,"turns":2}],"seed_played":"-5256961655194945759","potions_obtained":[{"floor":3,"key":"Swift Potion"},{"floor":7,"key":"Adrenaline Potion"},{"floor":10,"key":"SkillPotion"},{"floor":13,"key":"Fire Potion"},{"floor":14,"key":"Flashbang"},{"floor":18,"key":"SteroidPotion"}],"is_trial":false,"path_per_floor":["M","$","M","M","M","R","M","R","T","M","?","M","E","M","R","B",null,"M","?","$","M","M","E"],"character_chosen":"THE_SILENT","items_purchased":["Glass Knife","infinitespire:PuzzleCube","Medical Kit"],"campfire_rested":0,"item_purchase_floors":[2,20,20],"current_hp_per_floor":[59,59,59,57,38,38,38,38,38,37,37,33,28,26,26,13,63,47,47,47,30,4,0,0],"gold":101,"neow_bonus":"RANDOM_COLORLESS_2","is_daily":false,"chose_seed":false,"campfire_upgraded":2,"win_rate":0.0,"timestamp":1611717016,"path_taken":["M","?","M","M","M","R","M","R","T","M","?","?","E","?","R","BOSS","M","?","$","M","?","E"],"items_purchased_type":["Card","Relic","Relic"],"build_version":"2020-12-22","purchased_purges":0,"victory":false,"max_hp_per_floor":[63,63,63,63,63,63,63,63,63,63,63,63,63,63,63,63,63,63,63,63,63,63,63,63],"card_choices":[{"not_picked":["Secret Weapon","HandOfGreed"],"picked":"Magnetism","floor":0},{"not_picked":["Hidden Blade","Leg Sweep"],"picked":"Underhanded Strike","floor":1},{"not_picked":["Bane","Underhanded Strike"],"picked":"Sneak Up","floor":3},{"not_picked":["Predator","Replay:Poison Smokescreen"],"picked":"Dagger Throw","floor":4},{"not_picked":["Distraction","Sucker Punch"],"picked":"Dodge and Roll","floor":5},{"not_picked":["Dagger Throw","Backflip"],"picked":"Deflect","floor":7},{"not_picked":["Toxin Wave","Crippling Poison","Acrobatics"],"picked":"SKIP","floor":10},{"not_picked":["Die Die Die","Fluid Movement"],"picked":"Footwork","floor":12},{"not_picked":["Expertise","Poison Darts"],"picked":"Dagger Spray","floor":13},{"not_picked":["Dodge and Roll","Prepared"],"picked":"All Out Attack","floor":14},{"not_picked":["Wraith Form v2","Atom Bomb"],"picked":"Doppelganger","floor":16},{"not_picked":["ReplayTheSpireMod:Exploit Weakness","Acrobatics"],"picked":"Backstab","floor":18},{"not_picked":["Endless Agony","Deadly Poison+1"],"picked":"Quick Slash","floor":21},{"not_picked":["Blade Dance","Underhanded Strike"],"picked":"ReplayTheSpireMod:Tripwire+1","floor":22}],"player_experience":203861,"relics_obtained":[{"floor":9,"key":"Regal Pillow"},{"floor":13,"key":"Blue Candle"},{"floor":15,"key":"infinitespire:Satchel"}],"event_choices":[{"damage_healed":0,"gold_gain":0,"player_choice":"3 cards matched","damage_taken":0,"max_hp_gain":0,"max_hp_loss":0,"event_name":"Match and Keep!","floor":11,"gold_loss":0,"cards_obtained":["Clumsy","PanicButton","Bouncing Flask"]},{"damage_healed":0,"gold_gain":0,"player_choice":"1 cards matched","damage_taken":0,"max_hp_gain":0,"max_hp_loss":0,"event_name":"Match and Keep!","floor":19,"gold_loss":0,"cards_obtained":["After Image"]}],"is_beta":false,"boss_relics":[{"not_picked":["SacredBark","Runic Dome"],"picked":"SlaversCollar"}],"items_purged_floors":[],"is_endless":false,"potions_floor_spawned":[3,7,10,13,14,18],"killed_by":"Slavers","ascension_level":1}}