{"host":"7qqg3hyzrz6apiso","time":1611771823,"event":{"mods":["AchievementEnabler","BaseMod","Better Debug","Colored Map","Keyboard Shortcuts","Minty Spire (QoL Compilation)","Permanent Neow","Quick Restart","StSLib","SuperFastMode"],"gold_per_floor":[112,112,62,73,83,83,96,106,106,34,49,49,61,81,81,178,178,193,193,209,220,145,172,172,191,191,221,253,75,75,102,102,198,198,215,231,248,101,151,151,151,151,151,151,164,177,21,49,49,49,49],"floor_reached":50,"language":"KOR","playtime":2564,"items_purged":["Setup","Infinite Blades"],"score":634,"play_id":"5e7238e5-b6c5-4e69-b1f3-40ea018887b1","local_time":"20210128032343","is_ascension_mode":true,"campfire_choices":[{"data":"Noxious Fumes","floor":6,"key":"SMITH"},{"data":"Catalyst","floor":12,"key":"SMITH"},{"data":"Neutralize","floor":15,"key":"SMITH"},{"data":"Noxious Fumes","floor":24,"key":"SMITH"},{"data":"Catalyst","floor":30,"key":"SMITH"},{"floor":32,"key":"REST"},{"data":"Malaise","floor":40,"key":"SMITH"},{"floor":42,"key":"REST"},{"floor":49,"key":"REST"}],"circlet_count":0,"master_deck":["Survivor","Neutralize+1","Die Die Die","Deadly Poison+1","Noxious Fumes+1","Catalyst+1","Adrenaline+1","Malaise+1","Deflect","Leg Sweep","PiercingWail","Dagger Spray","Malaise","Backstab","All Out Attack","Footwork","Noxious Fumes+1","Catalyst+1","Noxious Fumes","Catalyst+1","Footwork"],"relics":["Ring of the Snake","Singing Bowl","Bottled Lightning","Pandora\u0027s Box","Mercury Hourglass","Darkstone Periapt","Red Mask","PreservedInsect","War Paint","SacredBark","Strange Spoon","Du-Vu Doll","Eternal Feather","Chemical X","Unceasing Top"],"acts_visited":["Exordium","TheCity","TheBeyond"],"potions_floor_usage":[16,16,16,16,16,23,27,27,28,33,39,44,50,50,50],"damage_taken":[{"damage":0,"enemies":"Small Slimes","floor":1,"turns":2},{"damage":0,"enemies":"Jaw Worm","floor":4,"turns":4},{"damage":0,"enemies":"2 Louse","floor":5,"turns":2},{"damage":2,"enemies":"Looter","floor":7,"turns":3},{"damage":0,"enemies":"Lots of Slimes","floor":8,"turns":1},{"damage":1,"enemies":"Exordium Wildlife","floor":11,"turns":5},{"damage":0,"enemies":"Looter","floor":13,"turns":4},{"damage":0,"enemies":"Exordium Thugs","floor":14,"turns":4},{"damage":14,"enemies":"The Guardian","floor":16,"turns":9},{"damage":8,"enemies":"Shell Parasite","floor":18,"turns":5},{"damage":9,"enemies":"3 Byrds","floor":20,"turns":5},{"damage":0,"enemies":"Snake Plant","floor":21,"turns":4},{"damage":16,"enemies":"Book of Stabbing","floor":23,"turns":7},{"damage":4,"enemies":"3 Cultists","floor":25,"turns":5},{"damage":23,"enemies":"Masked Bandits","floor":27,"turns":3},{"damage":0,"enemies":"Gremlin Leader","floor":28,"turns":5},{"damage":1,"enemies":"Champ","floor":33,"turns":5},{"damage":24,"enemies":"3 Darklings","floor":35,"turns":4},{"damage":8,"enemies":"3 Shapes","floor":36,"turns":2},{"damage":23,"enemies":"Sphere and 2 Shapes","floor":37,"turns":5},{"damage":0,"enemies":"Mind Bloom Boss Battle","floor":39,"turns":5},{"damage":0,"enemies":"Writhing Mass","floor":44,"turns":1},{"damage":35,"enemies":"Spire Growth","floor":45,"turns":4},{"damage":12,"enemies":"Sphere and 2 Shapes","floor":46,"turns":5},{"damage":19,"enemies":"Nemesis","floor":48,"turns":5},{"damage":81,"enemies":"Awakened One","floor":50,"turns":8}],"seed_played":"-1254690646437699359","potions_obtained":[{"floor":1,"key":"EntropicBrew"},{"floor":7,"key":"SteroidPotion"},{"floor":14,"key":"Weak Potion"},{"floor":23,"key":"Poison Potion"},{"floor":25,"key":"SneckoOil"},{"floor":27,"key":"GamblersBrew"},{"floor":28,"key":"PowerPotion"},{"floor":33,"key":"Fire Potion"},{"floor":35,"key":"Poison Potion"},{"floor":36,"key":"SmokeBomb"},{"floor":39,"key":"GamblersBrew"},{"floor":48,"key":"SteroidPotion"}],"is_trial":false,"path_per_floor":["M","?","?","M","M","R","M","M","T","$","M","R","M","M","R","B",null,"M","?","M","M","$","E","R","M","T","?","E","$","R","T","R","B",null,"M","M","M","$","?","R","?","R","T","M","M","M","$","E","R","B"],"character_chosen":"THE_SILENT","items_purchased":["Catalyst","Noxious Fumes","Strange Spoon","Chemical X"],"campfire_rested":3,"item_purchase_floors":[10,29,38,47],"current_hp_per_floor":[49,49,49,51,51,51,51,53,53,53,54,54,56,58,58,44,82,76,76,69,71,71,55,55,53,53,30,32,32,32,32,59,60,94,72,66,45,45,47,47,47,77,77,77,44,34,34,15,58,0,0],"gold":49,"neow_bonus":"THREE_RARE_CARDS","is_daily":false,"chose_seed":false,"campfire_upgraded":6,"win_rate":0.0,"timestamp":1611771823,"path_taken":["M","?","?","M","M","R","M","M","T","?","M","R","?","M","R","BOSS","M","?","M","M","$","E","R","M","T","?","E","$","R","?","R","BOSS","M","M","M","$","?","R","?","R","T","?","M","M","$","E","R","BOSS"],"items_purchased_type":["Card","Card","Relic","Relic"],"build_version":"2020-12-22","purchased_purges":2,"victory":false,"max_hp_per_floor":[70,70,70,72,72,72,74,76,76,76,78,78,80,82,82,82,82,84,84,86,88,88,88,88,90,90,90,92,92,92,92,92,94,94,96,98,100,100,102,102,102,102,102,102,104,106,106,106,106,106,106],"card_choices":[{"not_picked":["Burst","Grand Finale"],"picked":"Die Die Die","floor":0},{"not_picked":["Calculated Gamble","Prepared"],"picked":"Deadly Poison","floor":1},{"not_picked":["Masterful Stab","Flying Knee","Blade Dance"],"picked":"Singing Bowl","floor":4},{"not_picked":["Bouncing Flask","Expertise"],"picked":"Noxious Fumes","floor":5},{"not_picked":["Dagger Throw","Heel Hook","Underhanded Strike"],"picked":"Singing Bowl","floor":7},{"not_picked":["Poisoned Stab","Dash","Sucker Punch"],"picked":"Singing Bowl","floor":8},{"not_picked":["Deadly Poison","Flying Knee","Slice"],"picked":"Singing Bowl","floor":11},{"not_picked":["Night Terror","Endless Agony","Sucker Punch"],"picked":"Singing Bowl","floor":13},{"not_picked":["Underhanded Strike","Eviscerate","Poisoned Stab"],"picked":"Singing Bowl","floor":14},{"not_picked":["Unload","Venomology"],"picked":"Adrenaline","floor":16},{"not_picked":["Setup+1","Poisoned Stab+1","Deflect+1"],"picked":"Singing Bowl","floor":18},{"not_picked":["Blade Dance+1","Masterful Stab","Concentrate"],"picked":"Singing Bowl","floor":20},{"not_picked":["Cloak And Dagger","PiercingWail","Setup"],"picked":"Singing Bowl","floor":21},{"not_picked":["Skewer+1","Prepared"],"picked":"Noxious Fumes","floor":23},{"not_picked":["Slice","Blade Dance+1","PiercingWail"],"picked":"Singing Bowl","floor":25},{"not_picked":["Outmaneuver","Deflect"],"picked":"Catalyst","floor":27},{"not_picked":["Cloak And Dagger+1","Dash","Predator+1"],"picked":"Singing Bowl","floor":28},{"not_picked":["Unload","Doppelganger","Bullet Time"],"picked":"Singing Bowl","floor":33},{"not_picked":["All Out Attack+1","Outmaneuver+1","Reflex+1"],"picked":"Singing Bowl","floor":35},{"not_picked":["Accuracy+1","Infinite Blades","Dodge and Roll"],"picked":"Singing Bowl","floor":36},{"not_picked":["Dodge and Roll","Backstab+1","Slice"],"picked":"Singing Bowl","floor":37},{"not_picked":["Reflex+1","Flying Knee","Acrobatics+1"],"picked":"Singing Bowl","floor":39},{"not_picked":["Blade Dance","PiercingWail+1","Prepared+1"],"picked":"Singing Bowl","floor":45},{"not_picked":["Skewer","Dagger Spray+1","Slice"],"picked":"Singing Bowl","floor":46},{"not_picked":["Prepared+1","PiercingWail"],"picked":"Footwork","floor":48}],"player_experience":157861,"relics_obtained":[{"floor":9,"key":"Bottled Lightning"},{"floor":23,"key":"Mercury Hourglass"},{"floor":26,"key":"Darkstone Periapt"},{"floor":27,"key":"Red Mask"},{"floor":28,"key":"PreservedInsect"},{"floor":31,"key":"War Paint"},{"floor":39,"key":"Du-Vu Doll"},{"floor":43,"key":"Eternal Feather"},{"floor":48,"key":"Unceasing Top"}],"event_choices":[{"damage_healed":0,"gold_gain":0,"player_choice":"Box","damage_taken":0,"relics_obtained":["Singing Bowl"],"max_hp_gain":0,"max_hp_loss":0,"event_name":"Big Fish","floor":2,"gold_loss":0,"cards_obtained":["Regret"]},{"cards_removed":["Regret"],"damage_healed":0,"gold_gain":0,"player_choice":"Card Removal","damage_taken":0,"max_hp_gain":0,"max_hp_loss":0,"event_name":"The Cleric","floor":3,"gold_loss":50},{"damage_healed":0,"gold_gain":0,"player_choice":"Read","damage_taken":0,"max_hp_gain":0,"max_hp_loss":0,"event_name":"The Library","floor":19,"gold_loss":0,"cards_obtained":["Footwork"]},{"damage_healed":0,"gold_gain":0,"player_choice":"Fought Bandits","damage_taken":0,"max_hp_gain":0,"max_hp_loss":0,"event_name":"Masked Bandits","floor":27,"gold_loss":0},{"damage_healed":0,"gold_gain":0,"player_choice":"Fight","damage_taken":0,"max_hp_gain":0,"max_hp_loss":0,"event_name":"MindBloom","floor":39,"gold_loss":0},{"damage_healed":0,"gold_gain":0,"player_choice":"Copied","damage_taken":0,"max_hp_gain":0,"max_hp_loss":0,"event_name":"Duplicator","floor":41,"gold_loss":0,"cards_obtained":["Catalyst"]}],"is_beta":false,"boss_relics":[{"not_picked":["Ectoplasm","Snecko Eye"],"picked":"Pandora\u0027s Box"},{"not_picked":["Runic Pyramid","Fusion Hammer"],"picked":"SacredBark"}],"items_purged_floors":[22,29],"is_endless":false,"potions_floor_spawned":[1,7,14,23,25,27,28,33,35,36,39,48],"killed_by":"Awakened One","ascension_level":1}}