{"host":"bcpfwati9euftqcm","time":1611707952,"event":{"mods":["2.2 Compatiblity","BaseMod","Colored Map","Minty Spire (QoL Compilation)","StSLib","TheHero"],"gold_per_floor":[111,111,73,260,348,394,406,429,465,76,76,115,85,127,127,127,127],"floor_reached":16,"language":"ENG","playtime":1234,"items_purged":["Doubt"],"score":120,"play_id":"0e04812b-9389-4e00-bed8-617994666646","local_time":"20210126183912","is_ascension_mode":true,"campfire_choices":[{"data":"animeID:Twice","floor":7,"key":"SMITH"},{"floor":11,"key":"REST"},{"data":"animeID:Muscular","floor":15,"key":"SMITH"}],"circlet_count":0,"master_deck":["animeID:Deku","animeID:Bakugo","animeID:Smash","animeID:Smash","animeID:DefendMH","animeID:DefendMH","animeID:DefendMH","animeID:Stain","animeID:Tsuyu","animeID:Twice+1","animeID:Kendo","animeID:Muscular+1","animeID:PresentMic","animeID:GranTorino"],"relics":["animeID:HeroCostume","MawBank","Darkstone Periapt","CeramicFish","Art of War","Shuriken","Kunai","Juzu Bracelet","StrikeDummy"],"acts_visited":["Exordium"],"potions_floor_usage":[12,12,12,12,12,12,16],"damage_taken":[{"damage":6,"enemies":"Cultist","floor":1,"turns":6},{"damage":61,"enemies":"Lagavulin","floor":6,"turns":7},{"damage":0,"enemies":"2 Louse","floor":8,"turns":2},{"damage":42,"enemies":"3 Sentries","floor":12,"turns":5},{"damage":61,"enemies":"Lagavulin","floor":14,"turns":7},{"damage":17,"enemies":"Hexaghost","floor":16,"turns":3}],"seed_played":"-4499213082080733740","potions_obtained":[{"floor":8,"key":"ColorlessPotion"},{"floor":12,"key":"Fire Potion"},{"floor":13,"key":"Regen Potion"},{"floor":13,"key":"SmokeBomb"},{"floor":14,"key":"Energy Potion"}],"is_trial":false,"path_per_floor":["M","?","?","?","T","E","R","M","T","$","R","E","?","E","R","B"],"character_chosen":"THE_HERO","items_purchased":["Shuriken","Kunai","animeID:Muscular"],"campfire_rested":1,"item_purchase_floors":[10,10,10],"current_hp_per_floor":[62,55,55,55,55,10,10,12,12,12,32,57,57,15,15,0,0],"gold":127,"neow_bonus":"TRANSFORM_TWO_CARDS","is_daily":false,"chose_seed":false,"campfire_upgraded":2,"win_rate":0.0,"timestamp":1611707952,"path_taken":["M","?","?","?","?","E","R","M","T","$","R","E","?","E","R","BOSS"],"items_purchased_type":["Relic","Relic","Card"],"build_version":"2020-12-22","purchased_purges":1,"victory":false,"max_hp_per_floor":[68,68,68,68,68,68,68,68,68,68,68,68,68,68,68,68,68],"card_choices":[{"not_picked":["animeID:Uraraka","animeID:Iida"],"picked":"animeID:Twice","floor":1},{"not_picked":["animeID:Rappa","animeID:GranTorino"],"picked":"animeID:Kendo","floor":6},{"not_picked":["animeID:HighFive","animeID:Rappa","animeID:Uraraka"],"picked":"SKIP","floor":8},{"not_picked":["animeID:Mineta","animeID:Shigaraki"],"picked":"animeID:PresentMic","floor":12},{"not_picked":["animeID:EraserHead","animeID:TetsuTetsu"],"picked":"animeID:GranTorino","floor":14}],"player_experience":618795,"relics_obtained":[{"floor":5,"key":"Darkstone Periapt"},{"floor":6,"key":"CeramicFish"},{"floor":9,"key":"Art of War"},{"floor":12,"key":"Juzu Bracelet"},{"floor":14,"key":"StrikeDummy"}],"event_choices":[{"damage_healed":0,"gold_gain":0,"player_choice":"Success","damage_taken":7,"relics_obtained":["MawBank"],"max_hp_gain":0,"max_hp_loss":0,"event_name":"Scrap Ooze","floor":2,"gold_loss":0},{"cards_removed":["animeID:Smash"],"damage_healed":0,"gold_gain":0,"player_choice":"Card Removal","damage_taken":0,"max_hp_gain":0,"max_hp_loss":0,"event_name":"The Cleric","floor":3,"gold_loss":50},{"damage_healed":0,"gold_gain":175,"player_choice":"AGREE","damage_taken":0,"max_hp_gain":0,"max_hp_loss":0,"event_name":"Liars Game","floor":4,"gold_loss":0,"cards_obtained":["Doubt"]},{"damage_healed":0,"gold_gain":0,"player_choice":"Bought 2 Potions","damage_taken":0,"max_hp_gain":0,"max_hp_loss":0,"event_name":"The Woman in Blue","floor":13,"gold_loss":0}],"is_beta":false,"boss_relics":[],"items_purged_floors":[10],"is_endless":false,"potions_floor_spawned":[8,12,14],"killed_by":"Hexaghost","ascension_level":1}}