{"host":"kh9ouhxio9ib83wh","time":1611776081,"event":{"mods":["BaseMod","Minty Spire (QoL Compilation)","Prisma Mod","StSLib","Waifu the Spire"],"gold_per_floor":[110,110,110,127,142,171,171,141,167,195,212,387,405,432,432,534,534,552,552,571,621,631,631,658,658,658,228,32,32,32,32,32,128,128,145,155,155,155,173,523,523,574,574,609,662,682,710,721,721,721],"floor_reached":51,"language":"KOR","playtime":4994,"items_purged":["PrismaMod:IllyaCommonDefend","PrismaMod:IllyaCommonDefend"],"score":818,"play_id":"6b2384ec-bd2e-4435-a524-969708190c82","local_time":"20210128043441","is_ascension_mode":false,"campfire_choices":[{"data":"PrismaMod:IllyaUberChannel","floor":7,"key":"SMITH"},{"data":"PrismaMod:IllyaUncommonDefend","floor":15,"key":"SMITH"},{"data":"PrismaMod:IllyaUberAttackChannel","floor":23,"key":"SMITH"},{"data":"PrismaMod:IllyaUberChannel","floor":25,"key":"SMITH"},{"data":"PrismaMod:IllyaStunPoison","floor":29,"key":"SMITH"},{"data":"Mind Blast","floor":32,"key":"SMITH"},{"data":"PrismaMod:IllyaCarnivalOrbs","floor":49,"key":"SMITH"}],"circlet_count":0,"master_deck":["PrismaMod:IllyaCommonDefend","PrismaMod:IllyaCommonAttack","PrismaMod:IllyaCommonDefend","PrismaMod:IllyaCommonAttack","PrismaMod:IllyaCommonDefend","PrismaMod:IllyaCommonAttack","PrismaMod:IllyaCommonAttack","PrismaMod:IllyaUncommonAttack","PrismaMod:IllyaUncommonDefend+1","PrismaMod:IllyaPoisonBomb","PrismaMod:IllyaUberChannel+1","PrismaMod:IllyaFeed","PrismaMod:IllyaUberChannel+1","PrismaMod:IllyaBerserCAR","PrismaMod:IllyaInstallShielder","PrismaMod:IllyaUberAttackChannel+1","PrismaMod:IllyaStunPoison+1","PrismaMod:IllyaCommandSeal","PrismaMod:IllyaGrail","PrismaMod:IllyaUberChannel+1","PrismaMod:IllyaMinorZwei","Flash of Steel","RitualDagger","PrismaMod:IllyaCarnivalOrbs+1"],"relics":["PrismaMod:PrismaRuby","NeowsBlessing","FaceOfCleric","Pen Nib","Tiny Chest","Orichalcum","Letter Opener","Empty Cage","PreservedInsect","Unceasing Top","MawBank","Medical Kit","Vajra","Coffee Dripper","Bird Faced Urn","Old Coin","Shovel","HornCleat","Centennial Puzzle","Art of War","Lantern"],"acts_visited":["Exordium","TheCity","TheBeyond"],"potions_floor_usage":[10,11,16,20,24,33,38,42,47,48,50],"damage_taken":[{"damage":0,"enemies":"2 Louse","floor":1,"turns":1},{"damage":0,"enemies":"Jaw Worm","floor":4,"turns":1},{"damage":0,"enemies":"Cultist","floor":5,"turns":1},{"damage":26,"enemies":"Lagavulin","floor":6,"turns":7},{"damage":40,"enemies":"3 Sentries","floor":10,"turns":7},{"damage":3,"enemies":"2 Fungi Beasts","floor":11,"turns":3},{"damage":0,"enemies":"Red Slaver","floor":13,"turns":4},{"damage":21,"enemies":"Lagavulin","floor":14,"turns":6},{"damage":16,"enemies":"The Guardian","floor":16,"turns":7},{"damage":1,"enemies":"Shell Parasite","floor":18,"turns":6},{"damage":0,"enemies":"2 Thieves","floor":20,"turns":4},{"damage":7,"enemies":"Cultist and Chosen","floor":22,"turns":6},{"damage":10,"enemies":"Book of Stabbing","floor":24,"turns":5},{"damage":40,"enemies":"Collector","floor":33,"turns":7},{"damage":0,"enemies":"3 Shapes","floor":35,"turns":3},{"damage":5,"enemies":"Orb Walker","floor":36,"turns":2},{"damage":0,"enemies":"Spire Growth","floor":38,"turns":2},{"damage":19,"enemies":"Sphere and 2 Shapes","floor":39,"turns":5},{"damage":0,"enemies":"Mind Bloom Boss Battle","floor":40,"turns":4},{"damage":14,"enemies":"2 Orb Walkers","floor":42,"turns":3},{"damage":47,"enemies":"Nemesis","floor":44,"turns":5},{"damage":0,"enemies":"Maw","floor":46,"turns":6},{"damage":0,"enemies":"Giant Head","floor":47,"turns":5},{"damage":36,"enemies":"Writhing Mass","floor":48,"turns":5},{"damage":45,"enemies":"Time Eater","floor":50,"turns":10}],"seed_played":"1267535266217787147","potions_obtained":[{"floor":4,"key":"Fruit Juice"},{"floor":8,"key":"PowerPotion"},{"floor":8,"key":"SmokeBomb"},{"floor":14,"key":"SkillPotion"},{"floor":16,"key":"SkillPotion"},{"floor":22,"key":"DistilledChaos"},{"floor":24,"key":"LiquidMemories"},{"floor":33,"key":"Regen Potion"},{"floor":39,"key":"Explosive Potion"},{"floor":40,"key":"FairyPotion"},{"floor":44,"key":"Block Potion"},{"floor":48,"key":"SteroidPotion"}],"is_trial":false,"path_per_floor":["M","?","?","M","M","E","R","?","T","E","M","?","M","E","R","B",null,"M","?","M","T","M","R","E","R","T","$","$","R","?","?","R","B",null,"M","M","T","M","M","?","?","?","T","E","T","M","E","M","R","B",null],"character_chosen":"ILLYA","items_purchased":["Medical Kit","Vajra","PrismaMod:IllyaMinorZwei","Flash of Steel"],"campfire_rested":0,"item_purchase_floors":[27,27,27,28],"current_hp_per_floor":[75,80,80,81,82,57,57,57,57,18,29,29,30,28,28,30,93,93,93,95,95,93,93,92,92,92,92,92,92,86,86,86,62,98,99,100,100,101,93,103,103,90,90,66,66,77,97,79,79,54],"gold":721,"neow_bonus":"THREE_ENEMY_KILL","is_daily":false,"chose_seed":false,"campfire_upgraded":7,"win_rate":0.0,"timestamp":1611776081,"path_taken":["M","?","?","?","M","E","R","?","T","E","?","?","M","E","R","BOSS","M","?","M","?","M","R","E","R","T","?","$","R","?","?","R","BOSS","M","M","?","M","M","?","?","?","T","E","?","M","E","M","R","BOSS"],"items_purchased_type":["Relic","Relic","Card","Card"],"build_version":"2020-12-22","purchased_purges":2,"victory":true,"max_hp_per_floor":[75,80,80,81,82,83,83,83,83,84,90,90,91,92,92,93,93,94,94,95,95,96,96,97,97,97,97,97,97,97,97,97,98,98,99,100,100,101,102,103,103,104,104,105,105,106,107,108,108,109],"card_choices":[{"not_picked":["PrismaMod:IllyaRussianRoulette","PrismaMod:IllyaBoysLove"],"picked":"PrismaMod:IllyaPoisonBomb","floor":1},{"not_picked":["PrismaMod:IllyaSaphire","PrismaMod:IllyaGun"],"picked":"PrismaMod:IllyaUberChannel","floor":4},{"not_picked":["PrismaMod:IllyaCheapChannelDefend","PrismaMod:IllyaGrailKun","PrismaMod:IllyaCheapChannelAttack"],"picked":"SKIP","floor":5},{"not_picked":["PrismaMod:IllyaGun","PrismaMod:IllyaPoisonBomb"],"picked":"PrismaMod:IllyaFeed","floor":6},{"not_picked":["PrismaMod:IllyaGrailKun","PrismaMod:IllyaReinForce"],"picked":"PrismaMod:IllyaUberChannel","floor":10},{"not_picked":["PrismaMod:IllyaGun","PrismaMod:IllyaEvokeAll"],"picked":"PrismaMod:IllyaBerserCAR","floor":11},{"not_picked":["PrismaMod:IllyaGun","PrismaMod:IllyaBerserCAR"],"picked":"PrismaMod:IllyaInstallShielder","floor":13},{"not_picked":["PrismaMod:IllyaUncommonAOEAttack","PrismaMod:IllyaPoisonTippedWeapons","PrismaMod:IllyaMaid"],"picked":"SKIP","floor":14},{"not_picked":["PrismaMod:IllyaInstallSaber","PrismaMod:IllyaInstallRuler"],"picked":"PrismaMod:IllyaUberAttackChannel","floor":16},{"not_picked":["PrismaMod:IllyaUncommonEvoke","PrismaMod:IllyaFeed"],"picked":"PrismaMod:IllyaStunPoison","floor":18},{"not_picked":["PrismaMod:IllyaPoisoningPhantasm","PrismaMod:IllyaGrailKun"],"picked":"PrismaMod:IllyaGrail","floor":20},{"not_picked":["PrismaMod:IllyaAOECommonAttack","PrismaMod:IllyaBlindPoisonToss","PrismaMod:IllyaUberPoisonBlock+1"],"picked":"SKIP","floor":22},{"not_picked":["PrismaMod:IllyaDetonatingBlow","PrismaMod:IllyaPartialInstallAssassin"],"picked":"PrismaMod:IllyaUberChannel+1","floor":24},{"not_picked":["PrismaMod:IllyaUberPoisonChannel","PrismaMod:IllyaCarnivalDefend"],"picked":"PrismaMod:IllyaCarnivalOrbs","floor":33},{"not_picked":["PrismaMod:IllyaFeed+1","PrismaMod:IllyaFriendMaker","PrismaMod:IllyaStunPoison+1"],"picked":"SKIP","floor":35},{"not_picked":["PrismaMod:IllyaCommonEvoke+1","PrismaMod:IllyaPoisonBlock","PrismaMod:IllyaReinForce+1"],"picked":"SKIP","floor":36},{"not_picked":["PrismaMod:IllyaDetonatingBlow","PrismaMod:IllyaPoisoningPhantasm+1","PrismaMod:IllyaGrailKun"],"picked":"SKIP","floor":39},{"not_picked":["PrismaMod:IllyaSaphire+1","PrismaMod:IllyaAlice","PrismaMod:IllyaDevil+1"],"picked":"SKIP","floor":44},{"not_picked":["PrismaMod:IllyaPartialInstallAssassin","PrismaMod:IllyaFriendMaker+1","PrismaMod:IllyaAOECommonAttack+1"],"picked":"SKIP","floor":46},{"not_picked":["PrismaMod:IllyaUncommonEvoke","PrismaMod:IllyaUncommonAttack","PrismaMod:IllyaCommonEvoke+1"],"picked":"SKIP","floor":47},{"not_picked":["PrismaMod:IllyaDualEvoke+1","PrismaMod:IllyaInstallRider","PrismaMod:IllyaRussianRoulette"],"picked":"SKIP","floor":48}],"player_experience":178844,"relics_obtained":[{"floor":6,"key":"Pen Nib"},{"floor":9,"key":"Tiny Chest"},{"floor":10,"key":"Orichalcum"},{"floor":14,"key":"Letter Opener"},{"floor":21,"key":"PreservedInsect"},{"floor":24,"key":"Unceasing Top"},{"floor":26,"key":"MawBank"},{"floor":37,"key":"Bird Faced Urn"},{"floor":40,"key":"Old Coin"},{"floor":42,"key":"Shovel"},{"floor":43,"key":"HornCleat"},{"floor":44,"key":"Centennial Puzzle"},{"floor":45,"key":"Art of War"},{"floor":47,"key":"Lantern"}],"event_choices":[{"damage_healed":0,"gold_gain":0,"player_choice":"Donut","damage_taken":0,"max_hp_gain":5,"max_hp_loss":0,"event_name":"Big Fish","floor":2,"gold_loss":0},{"damage_healed":0,"gold_gain":0,"player_choice":"Trade","damage_taken":0,"relics_obtained":["FaceOfCleric"],"max_hp_gain":0,"max_hp_loss":0,"event_name":"FaceTrader","floor":3,"gold_loss":0},{"damage_healed":0,"gold_gain":0,"player_choice":"Bought 2 Potions","damage_taken":0,"max_hp_gain":0,"max_hp_loss":0,"event_name":"The Woman in Blue","floor":8,"gold_loss":0},{"damage_healed":0,"gold_gain":175,"player_choice":"AGREE","damage_taken":0,"max_hp_gain":0,"max_hp_loss":0,"event_name":"Liars Game","floor":12,"gold_loss":0,"cards_obtained":["Doubt"]},{"damage_healed":0,"gold_gain":0,"player_choice":"Read","damage_taken":0,"max_hp_gain":0,"max_hp_loss":0,"event_name":"The Library","floor":19,"gold_loss":0,"cards_obtained":["PrismaMod:IllyaCommandSeal"]},{"damage_healed":0,"gold_gain":0,"player_choice":"Joined the Cult","damage_taken":6,"max_hp_gain":0,"max_hp_loss":0,"event_name":"Nest","floor":30,"gold_loss":0,"cards_obtained":["RitualDagger"]},{"damage_healed":0,"gold_gain":0,"player_choice":"1 cards matched","damage_taken":0,"max_hp_gain":0,"max_hp_loss":0,"event_name":"Match and Keep!","floor":31,"gold_loss":0,"cards_obtained":["Mind Blast"]},{"damage_healed":0,"gold_gain":0,"player_choice":"Fight","damage_taken":0,"max_hp_gain":0,"max_hp_loss":0,"event_name":"MindBloom","floor":40,"gold_loss":0},{"cards_removed":["Mind Blast"],"damage_healed":0,"gold_gain":0,"player_choice":"Removed Attack","damage_taken":0,"max_hp_gain":0,"max_hp_loss":0,"event_name":"Falling","floor":41,"gold_loss":0},{"damage_healed":0,"gold_gain":0,"player_choice":"Fight","damage_taken":0,"max_hp_gain":0,"max_hp_loss":0,"event_name":"Mysterious Sphere","floor":42,"gold_loss":0}],"is_beta":false,"boss_relics":[{"not_picked":["Runic Dome","Busted Crown"],"picked":"Empty Cage"},{"not_picked":["Velvet Choker","Pandora\u0027s Box"],"picked":"Coffee Dripper"}],"items_purged_floors":[27,28],"is_endless":false,"potions_floor_spawned":[4,14,16,22,24,33,39,40,44,48],"ascension_level":0}}