{"host":"aj7el8l5kufbk20z","time":1611720596,"event":{"mods":["AchievementEnabler","BaseMod","Colored Map","Colored Powertips","Curses Come First","Highlight Path","Minty Spire (QoL Compilation)","Permanent Neow","Poor People Problems","Quick Restart","Rare Cards Sparkle","Relic Stats","StSLib","SuperFastMode","Waifu the Spire"],"gold_per_floor":[210,210,221,237,345,345,365,383,434,469,619,649,246,171,171,248,248,248],"floor_reached":17,"language":"ZHS","playtime":1029,"items_purged":["Strike_R","Doubt"],"score":330,"play_id":"3cbebcbe-a056-422d-baae-200490deba19","local_time":"20210127120956","is_ascension_mode":true,"campfire_choices":[{"data":"Armaments","floor":6,"key":"SMITH"},{"data":"Metallicize","floor":15,"key":"SMITH"}],"circlet_count":0,"master_deck":["AscendersBane","Strike_R","Defend_R","Defend_R","Defend_R","Metallicize+1","Disarm","Armaments+1","Spot Weakness","Juggernaut","Rampage","Heavy Blade","Flex","Berserk","Shrug It Off+1","Havoc+1","Pommel Strike+1"],"relics":["Burning Blood","CaptainsWheel","Blood Vial","Blue Candle","Centennial Puzzle","Singing Bowl","Astrolabe"],"acts_visited":["Exordium","TheCity"],"potions_floor_usage":[16,16],"damage_taken":[{"damage":1,"enemies":"Cultist","floor":1,"turns":3},{"damage":6,"enemies":"Jaw Worm","floor":3,"turns":8},{"damage":11,"enemies":"Small Slimes","floor":4,"turns":6},{"damage":2,"enemies":"Blue Slaver","floor":7,"turns":5},{"damage":4,"enemies":"2 Fungi Beasts","floor":8,"turns":4},{"damage":33,"enemies":"Gremlin Nob","floor":10,"turns":5},{"damage":19,"enemies":"3 Sentries","floor":12,"turns":8},{"damage":42,"enemies":"The Guardian","floor":16,"turns":11}],"seed_played":"5251077694137104284","potions_obtained":[{"floor":4,"key":"Regen Potion"},{"floor":7,"key":"Block Potion"}],"is_trial":false,"path_per_floor":["M","?","M","M","$","R","M","M","T","E","?","E","$","?","R","B",null],"character_chosen":"IRONCLAD","items_purchased":["Spot Weakness","CaptainsWheel","Juggernaut","Flex","Singing Bowl"],"campfire_rested":0,"item_purchase_floors":[5,5,5,13,13],"current_hp_per_floor":[73,73,73,68,68,68,72,74,74,54,54,68,68,68,68,49,69,69],"gold":248,"neow_bonus":"HUNDRED_GOLD","is_daily":false,"chose_seed":false,"campfire_upgraded":2,"win_rate":0.0,"timestamp":1611720596,"path_taken":["M","?","M","M","$","R","M","M","T","E","?","E","$","?","R","BOSS"],"items_purchased_type":["Card","Relic","Card","Card","Relic"],"build_version":"2020-12-22","purchased_purges":2,"victory":false,"max_hp_per_floor":[75,75,75,75,75,75,75,75,75,75,75,75,75,75,75,75,75,75],"relic_stats":{"Blood Vial":5,"Centennial Puzzle":[3],"Singing Bowl":0,"counters":[8,50],"Blue Candle":[1],"Astrolabe":["Shrug It Off","Havoc","Pommel Strike"],"obtain_stats":[{"Blood Vial":9,"CaptainsWheel":5,"Centennial Puzzle":12,"Singing Bowl":13,"Blue Candle":10,"Astrolabe":17,"Burning Blood":0},{"Blood Vial":5,"CaptainsWheel":3,"Centennial Puzzle":7,"Singing Bowl":7,"Blue Candle":6,"Astrolabe":8,"Burning Blood":0},{"Blood Vial":26,"CaptainsWheel":17,"Centennial Puzzle":39,"Singing Bowl":39,"Blue Candle":31,"Astrolabe":50,"Burning Blood":0}],"Burning Blood":48},"card_choices":[{"not_picked":["Havoc","True Grit"],"picked":"Metallicize","floor":1},{"not_picked":["Havoc","Pommel Strike"],"picked":"Disarm","floor":3},{"not_picked":["Pommel Strike","Headbutt"],"picked":"Armaments","floor":4},{"not_picked":["Pommel Strike","Blood for Blood"],"picked":"Rampage","floor":7},{"not_picked":["Clash","Double Tap"],"picked":"Heavy Blade","floor":8},{"not_picked":["Wild Strike","Perfected Strike","Combust"],"picked":"SKIP","floor":10},{"not_picked":["Rage","Thunderclap","Hemokinesis"],"picked":"SKIP","floor":12},{"not_picked":["Immolate","Impervious"],"picked":"Berserk","floor":16}],"player_experience":407934,"relics_obtained":[{"floor":9,"key":"Blood Vial"},{"floor":10,"key":"Blue Candle"},{"floor":12,"key":"Centennial Puzzle"}],"event_choices":[{"cards_removed":["Strike_R"],"damage_healed":0,"gold_gain":0,"player_choice":"Forget","damage_taken":0,"max_hp_gain":0,"max_hp_loss":0,"event_name":"Living Wall","floor":2,"gold_loss":0},{"damage_healed":0,"gold_gain":150,"player_choice":"AGREE","damage_taken":0,"max_hp_gain":0,"max_hp_loss":0,"event_name":"Liars Game","floor":11,"gold_loss":0,"cards_obtained":["Doubt"]},{"cards_removed":["Strike_R"],"damage_healed":0,"gold_gain":0,"player_choice":"Card Removal","damage_taken":0,"max_hp_gain":0,"max_hp_loss":0,"event_name":"The Cleric","floor":14,"gold_loss":75}],"is_beta":false,"boss_relics":[{"not_picked":["Sozu","SacredBark"],"picked":"Astrolabe"}],"items_purged_floors":[5,13],"is_endless":false,"potions_floor_spawned":[4,7,10],"ascension_level":20}}