{"host":"0buepsujecqpt684","time":1611717958,"event":{"mods":["AchievementEnabler","AlwaysNeverKeys","BaseMod","Bestiary","Better Altar","Better Match","Better Note","Better Sensory Stone","Better Skull","Better Third Choice","Better-Laid Plans","Dota2Spire","Downfall","GifTheSpireLib","GungeonMod","Hyrulean Relics","Ironclad Rager","Minty Spire (QoL Compilation)","Spicy Shops","StSLib","The Wild Card","Treasure Hunter"],"gold_per_floor":[153,8,8,0,15,15,15,15,15,28,41,61,76,146,146,247,247,237,256,256,256,270,270,281,281,281,281,281,6,17,17,17,116,116,126,126,140,155,155,155,173,173,173,187,187,187],"floor_reached":45,"language":"ENG","playtime":7471,"items_purged":[],"score":432,"play_id":"ff55e75a-d451-4b25-b165-c666158cafb1","local_time":"20210126222558","is_ascension_mode":false,"campfire_choices":[{"floor":6.0,"key":"REST"},{"floor":8.0,"key":"REST"},{"floor":15.0,"key":"REST"},{"floor":23.0,"key":"REST"},{"data":"ForeignInfluence","floor":25.0,"key":"SMITH"},{"data":"Eruption","floor":28.0,"key":"SMITH"},{"data":"Wish","floor":32.0,"key":"SMITH"},{"floor":40,"key":"REST"},{"floor":42,"key":"REST"}],"circlet_count":0,"master_deck":["Strike_P","Strike_P","Strike_P","Strike_P+1","Defend_P","Defend_P","Defend_P","Eruption+1","Vigilance+1","Conclude","Judgement+1","CurseOfTheBell","FollowUp","Wish+1","ForeignInfluence+1","DevaForm","Parasite"],"relics":["PureWater","Bronze Scales","betterThird:SlimedRelic","DemoMod:PoisonVial","Calling Bell","FossilizedHelix","DemoMod:SerJunkan","Tiny Chest","Dota2Spire:HeartOfTarrasque","Dota2Spire:BlackKingBar","DemoMod:MonsterBlood","TH:Strongbox","Busted Crown","Bottled Flame"],"acts_visited":["Exordium","TheCity","TheBeyond"],"potions_floor_usage":[],"damage_taken":[{"damage":9.0,"enemies":"Jaw Worm","floor":1.0,"turns":7.0},{"damage":0.0,"enemies":"Small Slimes","floor":5.0,"turns":2.0},{"damage":0.0,"enemies":"2 Louse","floor":10.0,"turns":3.0},{"damage":4.0,"enemies":"Exordium Thugs","floor":11.0,"turns":6.0},{"damage":7.0,"enemies":"3 Louse","floor":12.0,"turns":3.0},{"damage":10.0,"enemies":"Gremlin Gang","floor":13.0,"turns":3.0},{"damage":5.0,"enemies":"The Guardian","floor":16.0,"turns":10.0},{"damage":15.0,"enemies":"2 Thieves","floor":18.0,"turns":4.0},{"damage":0.0,"enemies":"Spheric Guardian","floor":19.0,"turns":2.0},{"damage":29.0,"enemies":"Centurion and Healer","floor":22.0,"turns":8.0},{"damage":0.0,"enemies":"Cultist and Chosen","floor":24.0,"turns":8.0},{"damage":6.0,"enemies":"3 Cultists","floor":30.0,"turns":4.0},{"damage":47.0,"enemies":"Champ","floor":33.0,"turns":12.0},{"damage":31.0,"enemies":"Orb Walker","floor":35.0,"turns":6.0},{"damage":0.0,"enemies":"3 Shapes","floor":37.0,"turns":5.0},{"damage":37,"enemies":"Transient","floor":38,"turns":5},{"damage":30,"enemies":"Jaw Worm Horde","floor":41,"turns":4},{"damage":14,"enemies":"Writhing Mass","floor":44,"turns":8},{"damage":49,"enemies":"Maw","floor":45,"turns":7}],"seed_played":"4339797601143001204","potions_obtained":[{"floor":0.0,"key":"SneckoOil"},{"floor":0.0,"key":"AttackPotion"},{"floor":0.0,"key":"champ:CounterPotion"},{"floor":10.0,"key":"DemoMod:LeadSkinPotion"},{"floor":12.0,"key":"PowerPotion"},{"floor":16.0,"key":"EssenceOfSteel"},{"floor":18.0,"key":"Dota2Spire:HealingSalve"},{"floor":24.0,"key":"FearPotion"},{"floor":33.0,"key":"hexamod:SoulburnPotion"},{"floor":35.0,"key":"SkillPotion"},{"floor":41,"key":"Guardian:BlockOnCardUsePotion"}],"is_trial":false,"path_per_floor":["M","$","?","?","M","R","$","R","T","M","M","M","M","?","R","B",null,"M","M","?","T","M","R","M","R","T","?","R","$","M","T","R","B",null,"M","?","M","M","?","R","M","R","T","M","M"],"character_chosen":"WATCHER","items_purchased":["Bronze Scales","DemoMod:LeadSkinPotion","DemoMod:MonsterBlood","champ:CounterPotion"],"campfire_rested":6,"item_purchase_floors":[2,29,29,29],"current_hp_per_floor":[63,63,49,38,38,59,59,72,72,72,68,61,51,51,72,67,72,57,57,57,65,36,60,80,80,80,80,80,87,81,81,81,40,87,56,56,64,27,27,53,23,49,49,43,0,0],"gold":187,"neow_bonus":"THREE_SMALL_POTIONS","is_daily":false,"chose_seed":false,"campfire_upgraded":3,"win_rate":0.0,"timestamp":1611717958,"path_taken":["M","$","?","?","M","R","?","R","T","M","M","M","M","?","R","BOSS","M","M","?","?","M","R","M","R","T","?","R","$","M","?","R","BOSS","M","?","M","M","?","R","M","R","T","M","M"],"items_purchased_type":["Relic","Undefined","Relic","Potion"],"build_version":"2020-12-22","purchased_purges":0,"victory":false,"max_hp_per_floor":[72,72,72,72,72,72,72,72,72,72,72,72,72,72,72,72,72,72,72,72,80,80,80,80,80,80,80,80,87,87,87,87,87,87,87,87,87,87,87,87,87,87,87,87,87,87],"card_choices":[{"not_picked":["WindmillStrike","Pray","Halt"],"picked":"SKIP","floor":1.0},{"not_picked":["ClearTheMind","Halt","Wallop"],"picked":"SKIP","floor":5.0},{"not_picked":["TH:CopperCoins","TH:CursedSword"],"picked":"SKIP","floor":9.0},{"not_picked":["Halt","InnerPeace","Study"],"picked":"SKIP","floor":10.0},{"not_picked":["Halt","MentalFortress","Indignation"],"picked":"SKIP","floor":11.0},{"not_picked":["ThirdEye","SpiritShield"],"picked":"Conclude","floor":12.0},{"not_picked":["Evaluate","JustLucky","SashWhip"],"picked":"SKIP","floor":13.0},{"not_picked":["MasterReality","Brilliance"],"picked":"Judgement","floor":16.0},{"not_picked":["DeceiveReality+1","Evaluate","Wireheading"],"picked":"SKIP","floor":18.0},{"not_picked":["JustLucky+1","Vengeance"],"picked":"FollowUp","floor":19.0},{"not_picked":["TH:BikiniMail","TH:Mimic"],"picked":"SKIP","floor":21.0},{"not_picked":["Pray","Halt"],"picked":"Wish","floor":22.0},{"not_picked":["WindmillStrike","FollowUp"],"picked":"ForeignInfluence","floor":24.0},{"not_picked":["TH:PixieDust","TH:ArmorSpikes"],"picked":"SKIP","floor":26.0},{"not_picked":["Indignation","Nirvana","WheelKick"],"picked":"SKIP","floor":30.0},{"not_picked":["TH:PixieDust","TH:ElvenBoots"],"picked":"SKIP","floor":31.0},{"not_picked":["Wish","LessonLearned"],"picked":"DevaForm","floor":33.0},{"not_picked":["Alpha"],"picked":"SKIP","floor":35.0},{"not_picked":["EmptyMind"],"picked":"SKIP","floor":37},{"not_picked":["Prostrate+1"],"picked":"SKIP","floor":38},{"not_picked":["ThirdEye"],"picked":"SKIP","floor":41},{"not_picked":["TH:EnergyPotion"],"picked":"SKIP","floor":43},{"not_picked":["TalkToTheHand+1"],"picked":"SKIP","floor":44}],"player_experience":263707,"relics_obtained":[{"floor":9.0,"key":"DemoMod:PoisonVial"},{"floor":17.0,"key":"FossilizedHelix"},{"floor":17.0,"key":"DemoMod:SerJunkan"},{"floor":17.0,"key":"Tiny Chest"},{"floor":21.0,"key":"Dota2Spire:HeartOfTarrasque"},{"floor":26.0,"key":"Dota2Spire:BlackKingBar"},{"floor":31.0,"key":"TH:Strongbox"},{"floor":43,"key":"Bottled Flame"}],"event_choices":[{"damage_healed":63.0,"max_hp_gain":0.0,"max_hp_loss":72.0,"gold_gain":0.0,"event_name":"betterThird:BetterShining","player_choice":"Upgrade","floor":3.0,"gold_loss":0.0,"damage_taken":14.0,"cards_upgraded":["Vigilance","Strike_P"]},{"damage_healed":0.0,"max_hp_gain":0.0,"max_hp_loss":0.0,"gold_gain":0.0,"event_name":"betterThird:BetterGoop","player_choice":"Slimed","floor":4.0,"gold_loss":8.0,"damage_taken":11.0},{"damage_healed":0.0,"max_hp_gain":0.0,"max_hp_loss":0.0,"gold_gain":70.0,"event_name":"Golden Wing","player_choice":"Gained Gold","floor":14.0,"gold_loss":0.0,"damage_taken":0.0},{"damage_healed":0.0,"max_hp_gain":0.0,"max_hp_loss":0.0,"gold_gain":0.0,"event_name":"Upgrade Shrine","player_choice":"Upgraded","floor":20.0,"gold_loss":0.0,"damage_taken":0.0,"cards_upgraded":["Judgement"]},{"cards_removed":["ForeignInfluence"],"damage_healed":0.0,"max_hp_gain":0.0,"max_hp_loss":0.0,"gold_gain":0.0,"event_name":"betterNote:BetterNote","player_choice":"Give","floor":27.0,"gold_loss":0.0,"damage_taken":0.0,"cards_obtained":["None"]},{"damage_healed":0.0,"max_hp_gain":0.0,"max_hp_loss":0.0,"gold_gain":3.0,"event_name":"betterStone:BetterStone","player_choice":"1","floor":36.0,"gold_loss":0.0,"damage_taken":0.0},{"cards_removed":["Defend_P"],"damage_healed":0,"gold_gain":0,"player_choice":"Offered Basic","damage_taken":0,"max_hp_gain":0,"max_hp_loss":0,"event_name":"Bonfire Elementals","floor":39,"gold_loss":0}],"is_beta":false,"boss_relics":[{"not_picked":["HolyWater","Sozu"],"picked":"Calling Bell"},{"not_picked":["Velvet Choker","Snecko Eye"],"picked":"Busted Crown"}],"items_purged_floors":[],"is_endless":false,"potions_floor_spawned":[1,10,12,16,18,24,30,33,35,41,44],"killed_by":"Maw","ascension_level":0}}