{"host":"3azvxbhvx7nk2p5g","time":1611761480,"event":{"mods":["BaseMod","Chen","Hermit","Minty Spire (QoL Compilation)","StSLib","WarShipGirlsR/’ΩΩ¢…Ÿ≈ÆR mod"],"gold_per_floor":[117,129,129,142,158,158,174,23,23,23,23,35,35,50,50,146,146,159,175,175,175,175],"floor_reached":21,"language":"ZHS","playtime":1078,"items_purged":[],"score":198,"play_id":"a4389f2a-08ac-4480-ade0-6f4a29d0ea01","local_time":"20210127233120","is_ascension_mode":false,"campfire_choices":[{"data":"Chen:Exploit","floor":6,"key":"SMITH"},{"data":"Chen:Frivolous","floor":13,"key":"SMITH"},{"data":"Chen:Unpredictable","floor":15,"key":"SMITH"}],"circlet_count":0,"master_deck":["Chen:Strike","Chen:Strike","Chen:Strike","Chen:Strike","Chen:Strike","Chen:Defend","Chen:Defend","Chen:Defend+1","Chen:Defend","Chen:PounceTurnTail","Chen:GlitterPoke+1","Chen:MisdirectSwipe","Chen:FollowUp","Chen:Exploit+1","Chen:MisdirectSwipe","Chen:Frivolous+1","Chen:Unpredictable+1","Chen:Flicker","Chen:PhoenixWings","Chen:UpperHand","Chen:Fadeout"],"relics":["Chen:Catnip","NeowsBlessing","Mango","SlaversCollar","Shuriken"],"acts_visited":["Exordium","TheCity"],"potions_floor_usage":[16,16],"damage_taken":[{"damage":0.0,"enemies":"Cultist","floor":1.0,"turns":1.0},{"damage":0.0,"enemies":"Jaw Worm","floor":2.0,"turns":1.0},{"damage":0.0,"enemies":"Small Slimes","floor":4.0,"turns":1.0},{"damage":4.0,"enemies":"Exordium Wildlife","floor":5.0,"turns":3.0},{"damage":17,"enemies":"Lots of Slimes","floor":7,"turns":7},{"damage":19,"enemies":"Blue Slaver","floor":12,"turns":3},{"damage":3,"enemies":"3 Louse","floor":14,"turns":6},{"damage":30,"enemies":"Slime Boss","floor":16,"turns":8},{"damage":33,"enemies":"Shell Parasite","floor":18,"turns":5},{"damage":11,"enemies":"Chosen","floor":19,"turns":5},{"damage":52,"enemies":"Masked Bandits","floor":21,"turns":3}],"seed_played":"5070624701533500823","potions_obtained":[{"floor":1.0,"key":"AttackPotion"},{"floor":14,"key":"BlessingOfTheForge"}],"is_trial":false,"path_per_floor":["M","M","?","M","M","R","M","$","T","?","$","M","R","M","R","B",null,"M","M","?","?"],"character_chosen":"CHEN","items_purchased":["Chen:Unpredictable","Chen:Flicker"],"campfire_rested":0,"item_purchase_floors":[8,8],"current_hp_per_floor":[70,70,56,56,52,52,35,35,49,54,54,35,35,32,32,2,89,56,45,45,0,0],"gold":175,"neow_bonus":"THREE_ENEMY_KILL","is_daily":false,"chose_seed":false,"campfire_upgraded":3,"win_rate":0.0,"timestamp":1611761480,"path_taken":["M","?","?","M","M","R","M","$","T","?","?","M","R","M","R","BOSS","M","?","?","?"],"items_purchased_type":["Card","Card"],"build_version":"2020-12-22","purchased_purges":0,"victory":false,"max_hp_per_floor":[70,70,70,70,70,70,70,70,84,89,89,89,89,89,89,89,89,89,89,89,89,89],"card_choices":[{"not_picked":["Chen:Tear","Chen:Instinct"],"picked":"Chen:MisdirectSwipe","floor":1.0},{"not_picked":["Chen:Sneak","Chen:TauntHiss"],"picked":"Chen:FollowUp","floor":2.0},{"not_picked":["Chen:ResistTemptation","Chen:TauntHiss"],"picked":"Chen:Exploit","floor":4.0},{"not_picked":["Chen:Barrier","Chen:Tear"],"picked":"Chen:MisdirectSwipe","floor":5.0},{"not_picked":["Chen:SurpriseAttack","Chen:GuardCounter"],"picked":"Chen:Frivolous","floor":7},{"not_picked":["Chen:Sweep","Chen:Gash","Chen:PentagramFlight"],"picked":"SKIP","floor":12},{"not_picked":["Chen:Sweep","Chen:Sidestep","Chen:Knockout"],"picked":"SKIP","floor":14},{"not_picked":["Chen:Stability","Chen:RapidfireEvasive"],"picked":"Chen:PhoenixWings","floor":16},{"not_picked":["Chen:Spray","Chen:MisdirectSwipe"],"picked":"Chen:UpperHand","floor":18},{"not_picked":["Chen:Scratch","Chen:MeditateFrenzy"],"picked":"Chen:Fadeout","floor":19}],"player_experience":76438,"relics_obtained":[{"floor":9,"key":"Mango"}],"event_choices":[{"damage_healed":0.0,"max_hp_gain":0.0,"max_hp_loss":0.0,"gold_gain":0.0,"event_name":"Shining Light","player_choice":"Entered Light","floor":3.0,"gold_loss":0.0,"damage_taken":14.0,"cards_upgraded":["Chen:Defend","Chen:GlitterPoke"]},{"damage_healed":0,"gold_gain":0,"player_choice":"Donut","damage_taken":0,"max_hp_gain":5,"max_hp_loss":0,"event_name":"Big Fish","floor":10,"gold_loss":0},{"damage_healed":0,"gold_gain":0,"player_choice":"Opened","damage_taken":0,"relics_obtained":["Shuriken"],"max_hp_gain":0,"max_hp_loss":0,"event_name":"The Mausoleum","floor":20,"gold_loss":0},{"damage_healed":0,"gold_gain":0,"player_choice":"Fought Bandits","damage_taken":0,"max_hp_gain":0,"max_hp_loss":0,"event_name":"Masked Bandits","floor":21,"gold_loss":0}],"is_beta":false,"boss_relics":[{"not_picked":["Runic Dome","Cursed Key"],"picked":"SlaversCollar"}],"items_purged_floors":[],"is_endless":false,"potions_floor_spawned":[1,14],"killed_by":"Masked Bandits","ascension_level":0}}