{"host":"8ef2eyqaps3igadt","time":1611765875,"event":{"mods":["AchievementEnabler","Act Like it!","Aspiration","BaseMod","Better Altar","Better Match","Better Skull","Better Third Choice","Better Vampires","BetterRewards","Conspire","Curses Come First","Defuse TimeMaze Blight","Disable Question Mark Monsters","Displayed Cursed Tome","Energized Spire","Fox Events","GifTheSpireLib","Hallownest","Highlight Path","Hubris","Infinite Spire","Marked Mod","Mimic Mod","Minty Spire (QoL Compilation)","Quick Restart","Replay The Spire","Shop Mod","Spicy Shops","Spikes Relics","StS++","StSLib","Stuff the Spire","SuperFastMode","The Marked","Trackpad","Unceasing Turn Reminder","Virulent Crown","Wandering Minibosses"],"gold_per_floor":[116,116,116,116,41,41,76,76,76,151,151,177,191,217,217,316,316,326,326,346,346,359,359,359,359],"floor_reached":24,"language":"ENG","playtime":419,"items_purged":["Delirium"],"score":286,"play_id":"1315d988-6fe2-4677-a4a3-7e2a52893574","local_time":"20210127174435","is_ascension_mode":true,"campfire_choices":[{"data":"Bash","floor":6,"key":"SMITH"},{"data":"Heavy Blade","floor":8,"key":"SMITH"},{"data":"BarbarianYell","floor":15,"key":"SMITH"},{"floor":23,"key":"REST"}],"circlet_count":0,"master_deck":["Strike_R","Strike_R","Strike_R","Strike_R","Strike_R","Defend_R","Defend_R","Defend_R","Defend_R","Bash+1","Heavy Blade+1","Sever Soul+1","Feel No Pain","BarbarianYell+1","Feed","Spot Weakness","Pummel"],"relics":["Burning Blood","NeowsBlessing","ReplayTheSpireMod:Ring of Exchange","Bag of Marbles","Anchor","StSpp:XCola","hubris:CuriousFeather","conspire:SeveredTorchhead"],"acts_visited":["Exordium","TheCity"],"potions_floor_usage":[22],"damage_taken":[{"damage":0,"enemies":"Cultist","floor":1,"turns":1},{"damage":0,"enemies":"Gremlin Nob","floor":7,"turns":1},{"damage":0,"enemies":"3 Sentries","floor":12,"turns":2},{"damage":23,"enemies":"Jaw Worm","floor":13,"turns":7},{"damage":26,"enemies":"Lagavulin","floor":14,"turns":5},{"damage":36,"enemies":"Hexaghost","floor":16,"turns":9},{"damage":0,"enemies":"Chosen","floor":18,"turns":4},{"damage":43,"enemies":"3 Byrds","floor":20,"turns":7},{"damage":36,"enemies":"Snake Plant","floor":22,"turns":6},{"damage":53,"enemies":"Book of Stabbing","floor":24,"turns":5}],"seed_played":"-2631901954667047574","potions_obtained":[{"floor":12,"key":"BlessingOfTheForge"},{"floor":14,"key":"Ancient Potion"},{"floor":18,"key":"Elixir"}],"is_trial":false,"path_per_floor":["M","?","?","?","$","R","E","R","T","?","?","E","M","E","R","B",null,"M","?","M","?","M","R","E"],"character_chosen":"IRONCLAD","items_purchased":[],"campfire_rested":1,"item_purchase_floors":[],"current_hp_per_floor":[80,80,80,80,80,80,80,80,80,69,69,75,58,38,38,8,80,83,83,49,54,27,53,0,0],"gold":359,"neow_bonus":"THREE_ENEMY_KILL","is_daily":false,"chose_seed":false,"campfire_upgraded":3,"win_rate":0.0,"timestamp":1611765875,"path_taken":["M","?","?","?","$","R","E","R","T","?","?","E","M","E","R","BOSS","M","?","M","?","?","R","E"],"items_purchased_type":[],"build_version":"2020-12-22","purchased_purges":1,"victory":false,"max_hp_per_floor":[80,80,80,80,80,80,80,80,80,80,80,80,80,80,80,80,80,83,83,86,86,89,89,89,89],"card_choices":[{"not_picked":["Pummel","StSpp:Succumb"],"picked":"Heavy Blade","floor":1},{"not_picked":["Life Link","Replay:Undeath\u0027s Touch"],"picked":"Sever Soul","floor":7},{"not_picked":["Second Wind","StuffTheSpire:Pyroclast"],"picked":"Feel No Pain","floor":12},{"not_picked":["StuffTheSpire:TitanForm","Body Slam","StSpp:MuscleMemory"],"picked":"SKIP","floor":13},{"not_picked":["Eclipse","Flex"],"picked":"BarbarianYell","floor":14},{"not_picked":["StSpp:IntoTheAbyss","Hemogenesis"],"picked":"Feed","floor":16},{"not_picked":["StSpp:TheBiggerTheyAre","Flex+1","Headbutt"],"picked":"SKIP","floor":18},{"not_picked":["Entrench","Uppercut"],"picked":"Spot Weakness","floor":20},{"not_picked":["True Grit","Anger"],"picked":"Pummel","floor":22}],"player_experience":4885,"relics_obtained":[{"floor":4,"key":"ReplayTheSpireMod:Ring of Exchange"},{"floor":7,"key":"Bag of Marbles"},{"floor":9,"key":"Anchor"},{"floor":12,"key":"StSpp:XCola"},{"floor":14,"key":"hubris:CuriousFeather"}],"event_choices":[{"damage_healed":0,"gold_gain":0,"player_choice":"Leave","damage_taken":0,"max_hp_gain":0,"max_hp_loss":0,"event_name":"The Cleric","floor":2,"gold_loss":0},{"damage_healed":0,"gold_gain":75,"player_choice":"Gold","damage_taken":11,"max_hp_gain":0,"max_hp_loss":0,"event_name":"betterThird:BetterGoop","floor":10,"gold_loss":0},{"damage_healed":0,"gold_gain":0,"player_choice":"Upgraded","damage_taken":0,"max_hp_gain":0,"max_hp_loss":0,"event_name":"Upgrade Shrine","floor":11,"gold_loss":0,"cards_upgraded":["Sever Soul"]},{"damage_healed":5,"gold_gain":0,"player_choice":"LEAVE ","damage_taken":0,"relics_obtained":[],"max_hp_gain":0,"max_hp_loss":0,"event_name":"betterSkull:BetterSkull","floor":21,"gold_loss":0,"cards_upgraded":[]}],"is_beta":false,"boss_relics":[{"not_picked":["aspiration:RitualDagger","SpikesRelics:SneckoPlush"],"picked":"conspire:SeveredTorchhead"}],"items_purged_floors":[5],"is_endless":false,"potions_floor_spawned":[12,14,18],"killed_by":"Book of Stabbing","ascension_level":2}}