{"host":"yyfz7fpozqrhk2m1","time":1611791587,"event":{"mods":["BaseMod","Minty Spire (QoL Compilation)"],"gold_per_floor":[123,148,180,192,204,216,248,285,297,309,321,347,359,385,397,504,516,539,562,592,619,91,125,125,154,154,154,165,165,165,199,199,294,294,311,321,98,113,113,139,67,67,67,87,87,87,122,132,132,132],"floor_reached":51,"language":"ENG","playtime":7179,"items_purged":["Strike_G","Well Laid Plans"],"score":722,"play_id":"715fb36d-d986-4ac9-b6bd-1764c979ac04","local_time":"20210127185307","is_ascension_mode":false,"campfire_choices":[{"data":"Deadly Poison","floor":6.0,"key":"SMITH"},{"data":"Survivor","floor":10.0,"key":"SMITH"},{"data":"Blade Dance","floor":13.0,"key":"SMITH"},{"floor":15.0,"key":"REST"},{"floor":24.0,"key":"REST"},{"floor":27.0,"key":"REST"},{"data":"Flechettes","floor":30.0,"key":"SMITH"},{"floor":32.0,"key":"REST"},{"data":"Caltrops","floor":42,"key":"SMITH"},{"data":"Noxious Fumes","floor":46,"key":"SMITH"},{"data":"Panacea","floor":49,"key":"SMITH"}],"circlet_count":0,"master_deck":["Strike_G","Defend_G","Defend_G","Defend_G","Defend_G","Survivor+1","Neutralize","Deadly Poison+1","Calculated Gamble","Dagger Spray+1","Blade Dance+1","Predator","Corpse Explosion","Noxious Fumes+1","Flechettes+1","Dash+1","Deadly Poison","Blade Dance+1","Infinite Blades","Prepared+1","PiercingWail","Adrenaline","Corpse Explosion+1","A Thousand Cuts+1","After Image+1","Finisher+1","Footwork+1","Caltrops+1","PiercingWail+1","Panacea+1","Escape Plan+1","Calculated Gamble"],"relics":["Ring of the Snake","MawBank","Mummified Hand","Du-Vu Doll","Runic Pyramid","Molten Egg 2","Sling","Thread and Needle","Centennial Puzzle","Mercury Hourglass","Enchiridion","Red Mask","Astrolabe","Torii","Strawberry","Letter Opener","Bag of Preparation"],"acts_visited":["Exordium","TheCity","TheBeyond"],"potions_floor_usage":[48,50],"damage_taken":[{"damage":0.0,"enemies":"Small Slimes","floor":1.0,"turns":4.0},{"damage":0.0,"enemies":"Cultist","floor":2.0,"turns":3.0},{"damage":1.0,"enemies":"2 Louse","floor":3.0,"turns":2.0},{"damage":6.0,"enemies":"Exordium Wildlife","floor":7.0,"turns":7.0},{"damage":23.0,"enemies":"3 Sentries","floor":8.0,"turns":8.0},{"damage":0.0,"enemies":"3 Louse","floor":12.0,"turns":1.0},{"damage":0.0,"enemies":"Looter","floor":14.0,"turns":3.0},{"damage":38.0,"enemies":"The Guardian","floor":16.0,"turns":12.0},{"damage":10.0,"enemies":"Shell Parasite","floor":18.0,"turns":6.0},{"damage":6.0,"enemies":"Spheric Guardian","floor":19.0,"turns":4.0},{"damage":7.0,"enemies":"Cultist and Chosen","floor":20.0,"turns":4.0},{"damage":1.0,"enemies":"Snecko","floor":21.0,"turns":4.0},{"damage":25.0,"enemies":"Slavers","floor":23.0,"turns":2.0},{"damage":15.0,"enemies":"Book of Stabbing","floor":25.0,"turns":5.0},{"damage":0.0,"enemies":"Snake Plant","floor":28.0,"turns":3.0},{"damage":0.0,"enemies":"Masked Bandits","floor":31.0,"turns":2.0},{"damage":59.0,"enemies":"Collector","floor":33.0,"turns":8.0},{"damage":0,"enemies":"3 Shapes","floor":35,"turns":3},{"damage":0,"enemies":"Orb Walker","floor":36,"turns":2},{"damage":0,"enemies":"4 Shapes","floor":38,"turns":3},{"damage":8,"enemies":"Reptomancer","floor":40,"turns":4},{"damage":0,"enemies":"3 Darklings","floor":44,"turns":2},{"damage":2,"enemies":"Giant Head","floor":47,"turns":7},{"damage":0,"enemies":"Writhing Mass","floor":48,"turns":3},{"damage":10,"enemies":"Donu and Deca","floor":50,"turns":5}],"seed_played":"-4790314589721905710","potions_obtained":[{"floor":2.0,"key":"FearPotion"},{"floor":7.0,"key":"FairyPotion"},{"floor":8.0,"key":"EssenceOfSteel"},{"floor":19.0,"key":"Explosive Potion"},{"floor":21.0,"key":"Weak Potion"},{"floor":23.0,"key":"LiquidBronze"},{"floor":28.0,"key":"Fire Potion"},{"floor":36,"key":"Fire Potion"},{"floor":40,"key":"BlessingOfTheForge"}],"is_trial":false,"path_per_floor":["M","M","M","$","?","R","M","E","T","R","?","M","R","M","R","B",null,"M","M","M","M","$","E","R","E","T","R","M","?","R","?","R","B",null,"M","M","$","M","?","E","?","R","T","M","$","R","E","M","R","B",null],"character_chosen":"THE_SILENT","items_purchased":["Molten Egg 2","Well Laid Plans","Sling","Caltrops","PowerPotion"],"campfire_rested":4,"item_purchase_floors":[22,22,22,37,37],"current_hp_per_floor":[70,70,69,69,69,69,63,40,40,40,40,40,40,40,61,23,70,60,54,47,46,46,21,42,27,27,48,48,32,32,32,53,21,70,70,70,70,70,70,62,69,69,69,69,69,69,67,67,67,57],"gold":132,"neow_bonus":"RANDOM_COMMON_RELIC","is_daily":false,"chose_seed":false,"campfire_upgraded":7,"win_rate":0.0,"timestamp":1611791587,"path_taken":["M","M","M","$","?","R","M","E","T","R","?","M","R","?","R","BOSS","M","M","M","M","$","E","R","E","T","R","M","?","R","?","R","BOSS","M","M","$","M","?","E","?","R","T","?","$","R","E","M","R","BOSS"],"items_purchased_type":["Relic","Card","Relic","Card","Potion"],"build_version":"2020-12-22","purchased_purges":2,"victory":true,"max_hp_per_floor":[70,70,70,70,70,70,70,70,70,70,70,70,70,70,70,70,70,70,70,70,70,70,70,70,70,70,70,70,70,70,70,70,70,70,70,70,70,70,70,70,77,77,77,77,77,77,77,77,77,77],"card_choices":[{"not_picked":["Eviscerate","Sucker Punch"],"picked":"Deadly Poison","floor":1.0},{"not_picked":["Choke","Prepared"],"picked":"Calculated Gamble","floor":2.0},{"not_picked":["Sucker Punch","Dodge and Roll"],"picked":"Dagger Spray","floor":3.0},{"not_picked":["Prepared","Heel Hook","Deflect"],"picked":"SKIP","floor":7.0},{"not_picked":["Flying Knee","Burst","Acrobatics"],"picked":"SKIP","floor":8.0},{"not_picked":["Deadly Poison","Dodge and Roll"],"picked":"Blade Dance","floor":12.0},{"not_picked":["Dagger Spray","Backflip"],"picked":"Predator","floor":14.0},{"not_picked":["Envenom","A Thousand Cuts"],"picked":"Corpse Explosion","floor":16.0},{"not_picked":["Deflect","Underhanded Strike"],"picked":"Noxious Fumes","floor":18.0},{"not_picked":["Blur","Slice"],"picked":"Flechettes","floor":19.0},{"not_picked":["Backflip","Acrobatics+1"],"picked":"Dash+1","floor":20.0},{"not_picked":["Bane","All Out Attack"],"picked":"Deadly Poison","floor":21.0},{"not_picked":["Burst","Escape Plan"],"picked":"Blade Dance+1","floor":23.0},{"not_picked":["Leg Sweep","Dodge and Roll"],"picked":"Infinite Blades","floor":25.0},{"not_picked":["Backflip","Eviscerate+1"],"picked":"Prepared+1","floor":28.0},{"not_picked":["Prepared","Concentrate"],"picked":"PiercingWail","floor":31.0},{"not_picked":["A Thousand Cuts","Glass Knife+1"],"picked":"Adrenaline","floor":33.0},{"not_picked":["Slice+1","PiercingWail+1"],"picked":"Finisher+1","floor":35},{"not_picked":["Noxious Fumes","Concentrate"],"picked":"Footwork+1","floor":36},{"not_picked":["Skewer+1","Backflip"],"picked":"PiercingWail+1","floor":38},{"not_picked":["Secret Weapon","Enlightenment"],"picked":"Panacea","floor":39},{"not_picked":["Noxious Fumes","Reflex+1"],"picked":"Escape Plan+1","floor":40},{"not_picked":["Underhanded Strike+1","Deadly Poison","Well Laid Plans+1"],"picked":"SKIP","floor":44},{"not_picked":["Slice+1","Dodge and Roll","Glass Knife+1"],"picked":"SKIP","floor":47},{"not_picked":["Expertise","Dagger Spray+1"],"picked":"Calculated Gamble","floor":48}],"player_experience":623231,"relics_obtained":[{"floor":8.0,"key":"Mummified Hand"},{"floor":9.0,"key":"Du-Vu Doll"},{"floor":23.0,"key":"Thread and Needle"},{"floor":25.0,"key":"Centennial Puzzle"},{"floor":26.0,"key":"Mercury Hourglass"},{"floor":29.0,"key":"Enchiridion"},{"floor":31.0,"key":"Red Mask"},{"floor":40,"key":"Torii"},{"floor":43,"key":"Letter Opener"},{"floor":47,"key":"Bag of Preparation"}],"event_choices":[{"damage_healed":0.0,"max_hp_gain":0.0,"max_hp_loss":0.0,"gold_gain":0.0,"event_name":"Living Wall","player_choice":"Grow","floor":5.0,"gold_loss":0.0,"damage_taken":0.0,"cards_upgraded":["Dagger Spray"]},{"cards_removed":["Strike_G"],"damage_healed":0.0,"max_hp_gain":0.0,"max_hp_loss":0.0,"gold_gain":0.0,"event_name":"Purifier","player_choice":"Purged","floor":11.0,"gold_loss":0.0,"damage_taken":0.0},{"damage_healed":0.0,"max_hp_gain":0.0,"max_hp_loss":0.0,"gold_gain":0.0,"event_name":"Cursed Tome","player_choice":"Obtained Book","floor":29.0,"gold_loss":0.0,"damage_taken":16.0},{"damage_healed":0.0,"max_hp_gain":0.0,"max_hp_loss":0.0,"gold_gain":0.0,"event_name":"Masked Bandits","player_choice":"Fought Bandits","floor":31.0,"gold_loss":0.0,"damage_taken":0.0},{"damage_healed":0,"gold_gain":0,"player_choice":"Memory 1","damage_taken":0,"max_hp_gain":0,"max_hp_loss":0,"event_name":"SensoryStone","floor":39,"gold_loss":0},{"damage_healed":0,"gold_gain":0,"player_choice":"Paid Gold","damage_taken":0,"relics_obtained":["Strawberry"],"max_hp_gain":0,"max_hp_loss":0,"event_name":"WeMeetAgain","floor":41,"gold_loss":72}],"is_beta":false,"boss_relics":[{"not_picked":["Fusion Hammer","Runic Dome"],"picked":"Runic Pyramid"},{"not_picked":["Pandora\u0027s Box","Velvet Choker"],"picked":"Astrolabe"}],"items_purged_floors":[22,37],"is_endless":false,"potions_floor_spawned":[2,7,8,12,14,19,21,23,28,36,40,44,47],"ascension_level":0}}