{"host":"hca6liskeo7s99fa","time":1611772057,"event":{"mods":["BaseMod","Downfall","Minty Spire (QoL Compilation)","Replay The Spire","StSLib","The Cursed"],"gold_per_floor":[119,119,84,84,101,101,129,129,183,183,240,240,33,43,43,148,148,167,167,185,204,223,249,249,249],"floor_reached":24,"language":"ENG","playtime":1371,"items_purged":["TheCursedMod:Strike_TheCursed"],"score":276,"play_id":"ba02aa5b-46a9-4788-8d7b-06bf1f925aef","local_time":"20210127132737","is_ascension_mode":true,"campfire_choices":[{"data":"TheCursedMod:SpreadPlague","floor":6,"key":"SMITH"},{"data":"TheCursedMod:Stigma","floor":8,"key":"SMITH"},{"data":"TheCursedMod:SaltUponWound","floor":10,"key":"SMITH"},{"data":"TheCursedMod:CircleOfCorruption","floor":12,"key":"SMITH"},{"data":"TheCursedMod:CircleOfCorruption","floor":15,"key":"SMITH"}],"circlet_count":0,"master_deck":["TheCursedMod:Strike_TheCursed","TheCursedMod:Strike_TheCursed","TheCursedMod:Strike_TheCursed","TheCursedMod:Defend_TheCursed","TheCursedMod:Defend_TheCursed","TheCursedMod:Defend_TheCursed","TheCursedMod:Defend_TheCursed","TheCursedMod:CursedWand+1","TheCursedMod:CleanUpWorkshop","TheCursedMod:Wield","TheCursedMod:SpreadPlague+1","TheCursedMod:Stigma+1","TheCursedMod:SaltUponWound+1","TheCursedMod:CircleOfCorruption+1","TheCursedMod:SaltUponWound","Finesse","TheCursedMod:CircleOfCorruption+1","TheCursedMod:OutForBlood","TheCursedMod:SpreadPlague","TheCursedMod:VitalStrike","TheCursedMod:SoulReap"],"relics":["TheCursedMod:BlackMagic101","InkBottle","Replay:Bottled Steam","Ancient Tea Set","Replay:Rubber Ducky","BargainBundle","SlaversCollar","Spirit Poop","Pet Ghost"],"acts_visited":["Exordium","TheCity"],"potions_floor_usage":[7,16,16,18,21,23,24],"damage_taken":[{"damage":2,"enemies":"Small Slimes","floor":1,"turns":4},{"damage":0,"enemies":"Cultist","floor":5,"turns":3},{"damage":9,"enemies":"3 Sentries","floor":7,"turns":8},{"damage":8,"enemies":"Gremlin Nob","floor":11,"turns":4},{"damage":1,"enemies":"Jaw Worm","floor":14,"turns":2},{"damage":0,"enemies":"Slime Boss","floor":16,"turns":3},{"damage":6,"enemies":"3 Byrds","floor":18,"turns":3},{"damage":28,"enemies":"2 Thieves","floor":20,"turns":4},{"damage":6,"enemies":"Snake Plant","floor":21,"turns":2},{"damage":26,"enemies":"Shelled Parasite and Fungi","floor":22,"turns":4},{"damage":13,"enemies":"Replay:Snechameleon","floor":23,"turns":3},{"damage":13,"enemies":"3 Cultists","floor":24,"turns":3}],"seed_played":"7215892600084651242","potions_obtained":[{"floor":1,"key":"Doom Potion"},{"floor":5,"key":"SteroidPotion"},{"floor":14,"key":"Adrenaline Potion"},{"floor":16,"key":"Regen Potion"},{"floor":20,"key":"sneckomod:MuddlingPotion"},{"floor":22,"key":"Energy Potion"},{"floor":23,"key":"Reflective Coating"}],"is_trial":false,"path_per_floor":["M","?","$","T","M","R","E","R","T","R","?","R","$","M","R","B",null,"M","?","M","M","M","E","M"],"character_chosen":"THE_CURSED","items_purchased":["TheCursedMod:SpreadPlague","BargainBundle","TheCursedMod:SaltUponWound","Finesse","Regen Potion","hexamod:SoulburnPotion"],"campfire_rested":0,"item_purchase_floors":[3,13,13,13,13,13],"current_hp_per_floor":[80,80,80,80,80,80,71,71,71,71,63,63,63,62,62,62,82,80,80,52,46,20,12,0,0],"gold":249,"neow_bonus":"TEN_PERCENT_HP_BONUS","is_daily":false,"chose_seed":false,"campfire_upgraded":5,"win_rate":0.0,"timestamp":1611772057,"path_taken":["M","?","?","?","?","R","E","R","T","R","?","R","$","M","R","BOSS","M","?","?","M","M","E","M"],"items_purchased_type":["Card","Relic","Card","Card","Potion","Potion"],"build_version":"2020-12-22","purchased_purges":1,"victory":false,"max_hp_per_floor":[82,82,82,82,82,82,82,82,82,82,82,82,82,82,82,82,82,82,82,82,82,82,82,82,82],"card_choices":[{"not_picked":["TheCursedMod:Mangle","TheCursedMod:Obscuration"],"picked":"TheCursedMod:Wield","floor":1},{"not_picked":["TheCursedMod:CircleOfFocus","TheCursedMod:PrepareRite"],"picked":"TheCursedMod:Stigma","floor":5},{"not_picked":["TheCursedMod:BloodBarrier","TheCursedMod:WearCloak"],"picked":"TheCursedMod:SaltUponWound","floor":7},{"not_picked":["TheCursedMod:CircleOfFlame","TheCursedMod:Grudge"],"picked":"TheCursedMod:CircleOfCorruption","floor":11},{"not_picked":["TheCursedMod:CircleOfBlood","TheCursedMod:Stretching"],"picked":"TheCursedMod:CircleOfCorruption","floor":14},{"not_picked":["TheCursedMod:CursedRelics","TheCursedMod:DemonSword"],"picked":"TheCursedMod:OutForBlood","floor":16},{"not_picked":["TheCursedMod:RapidMovement+1","TheCursedMod:Evocation","TheCursedMod:TroublousMinions"],"picked":"SKIP","floor":18},{"not_picked":["TheCursedMod:Obscuration","TheCursedMod:PrepareRite"],"picked":"TheCursedMod:SpreadPlague","floor":20},{"not_picked":["TheCursedMod:Torture","TheCursedMod:Obscuration+1"],"picked":"TheCursedMod:VitalStrike","floor":21},{"not_picked":["TheCursedMod:WearCloak","TheCursedMod:RapidMovement"],"picked":"TheCursedMod:SoulReap","floor":22},{"not_picked":["TheCursedMod:CircleOfWindfury","TheCursedMod:Stigma","TheCursedMod:CollectTribute"],"picked":"SKIP","floor":23}],"player_experience":289020,"relics_obtained":[{"floor":4,"key":"InkBottle"},{"floor":7,"key":"Replay:Bottled Steam"},{"floor":9,"key":"Ancient Tea Set"},{"floor":11,"key":"Replay:Rubber Ducky"},{"floor":23,"key":"Pet Ghost"}],"event_choices":[{"damage_healed":0,"gold_gain":0,"player_choice":"Upgraded","damage_taken":0,"max_hp_gain":0,"max_hp_loss":0,"event_name":"Upgrade Shrine","floor":2,"gold_loss":0,"cards_upgraded":["TheCursedMod:CursedWand"]},{"damage_healed":0,"gold_gain":0,"player_choice":"Searched \u00271\u0027 times","damage_taken":0,"max_hp_gain":0,"max_hp_loss":0,"event_name":"Dead Adventurer","floor":11,"gold_loss":0},{"cards_removed":["TheCursedMod:Dregs"],"damage_healed":0,"gold_gain":0,"player_choice":"Offered Curse","damage_taken":0,"relics_obtained":["Spirit Poop"],"max_hp_gain":0,"max_hp_loss":0,"event_name":"Bonfire Elementals","floor":19,"gold_loss":0}],"is_beta":false,"boss_relics":[{"not_picked":["Runic Dome","Kintsugi"],"picked":"SlaversCollar"}],"items_purged_floors":[13],"is_endless":false,"potions_floor_spawned":[1,5,14,16,20,22,23],"killed_by":"3 Cultists","ascension_level":1}}