{"host":"mi0eibewekhugwl1","time":1611734394,"event":{"mods":["AchievementEnabler","BaseMod","Colored Map","Colored Powertips","DeckTracker","Keyboard Shortcuts","Minty Spire (QoL Compilation)","Quick Restart","Rare Cards Sparkle","Relic Stats","StSLib","SuperFastMode","everything is the same but u backflip on backflip"],"gold_per_floor":[110,125,125,135,152,179,179,206,206,232,243,255,15,32,32,109,109,122,122,392,235,246,246,256,12,60,60,8,26,26,36,36,110,110,129,129,129,129,142,142,142,142],"floor_reached":41,"language":"KOR","playtime":1254,"items_purged":["Strike_P","Strike_P"],"score":876,"play_id":"8a3e6e17-eea4-4716-8621-7a1b13f13900","local_time":"20210127165954","is_ascension_mode":true,"campfire_choices":[{"data":"TalkToTheHand","floor":7.0,"key":"SMITH"},{"data":"SandsOfTime","floor":15.0,"key":"SMITH"},{"floor":23.0,"key":"REST"},{"floor":30.0,"key":"REST"},{"floor":32.0,"key":"REST"},{"floor":40,"key":"REST"}],"circlet_count":0,"master_deck":["AscendersBane","Strike_P","Defend_P","Defend_P","Defend_P","Eruption+1","Vigilance","Evaluate","TalkToTheHand+1","SandsOfTime+1","EmptyFist","Wallop","Ragnarok","Study","SashWhip","Indignation","Finesse","ConjureBlade","Vault","MentalFortress","Finesse"],"relics":["PureWater","Strawberry","Vajra","TeardropLocket","Pocketwatch","Medical Kit","Black Star","Membership Card","Bag of Preparation","Happy Flower","Sozu"],"acts_visited":["Exordium","TheCity","TheBeyond"],"potions_floor_usage":[],"damage_taken":[{"damage":0.0,"enemies":"2 Louse","floor":1.0,"turns":3.0},{"damage":2.0,"enemies":"Jaw Worm","floor":2.0,"turns":3.0},{"damage":0.0,"enemies":"Cultist","floor":4.0,"turns":2.0},{"damage":8.0,"enemies":"Blue Slaver","floor":5.0,"turns":3.0},{"damage":5.0,"enemies":"Lagavulin","floor":6.0,"turns":5.0},{"damage":0.0,"enemies":"Gremlin Nob","floor":8.0,"turns":2.0},{"damage":5.0,"enemies":"3 Sentries","floor":10.0,"turns":6.0},{"damage":0.0,"enemies":"Large Slime","floor":11.0,"turns":4.0},{"damage":0.0,"enemies":"Looter","floor":12.0,"turns":3.0},{"damage":0.0,"enemies":"3 Louse","floor":14.0,"turns":4.0},{"damage":5.0,"enemies":"The Guardian","floor":16.0,"turns":11.0},{"damage":13.0,"enemies":"3 Byrds","floor":18.0,"turns":4.0},{"damage":9.0,"enemies":"2 Thieves","floor":22.0,"turns":4.0},{"damage":24.0,"enemies":"Centurion and Healer","floor":24.0,"turns":8.0},{"damage":0.0,"enemies":"Snake Plant","floor":29.0,"turns":2.0},{"damage":18.0,"enemies":"Chosen and Byrds","floor":31.0,"turns":5.0},{"damage":21.0,"enemies":"Champ","floor":33.0,"turns":6.0},{"damage":22.0,"enemies":"3 Darklings","floor":35.0,"turns":6.0},{"damage":19.0,"enemies":"3 Shapes","floor":39.0,"turns":4.0},{"damage":59,"enemies":"Nemesis","floor":41,"turns":3}],"seed_played":"1392620836875410349","potions_obtained":[{"floor":1.0,"key":"Ambrosia"},{"floor":2.0,"key":"AttackPotion"},{"floor":5.0,"key":"PowerPotion"},{"floor":11.0,"key":"BottledMiracle"},{"floor":12.0,"key":"SteroidPotion"},{"floor":22.0,"key":"Ancient Potion"},{"floor":24.0,"key":"LiquidMemories"}],"is_trial":false,"path_per_floor":["M","M","?","M","M","E","R","E","T","E","M","M","$","M","R","B",null,"M","?","?","$","M","R","M","$","T","?","$","M","R","M","R","B",null,"M","?","?","?","M","R","E"],"character_chosen":"WATCHER","items_purchased":["Medical Kit","SkillPotion","Membership Card","Bag of Preparation","Finesse"],"campfire_rested":4,"item_purchase_floors":[13,21,25,25,28],"current_hp_per_floor":[61,59,64,64,56,58,58,58,58,53,53,53,53,53,53,48,72,59,59,32,32,23,47,23,23,23,23,23,23,47,29,53,32,68,46,46,46,36,17,39,0,0],"gold":142,"neow_bonus":"UPGRADE_CARD","is_daily":false,"chose_seed":false,"campfire_upgraded":2,"win_rate":0.0,"timestamp":1611734394,"path_taken":["M","M","?","M","M","E","R","E","T","E","M","M","$","M","R","BOSS","M","?","?","$","M","R","?","$","T","?","$","M","R","M","R","BOSS","M","?","?","?","M","R","E"],"items_purchased_type":["Relic","Potion","Relic","Relic","Card"],"build_version":"2020-12-22","purchased_purges":2,"victory":false,"max_hp_per_floor":[68,68,73,73,73,80,80,80,80,80,80,80,80,80,80,80,80,80,80,80,80,80,80,80,80,80,80,80,80,80,80,80,80,80,80,76,76,76,76,76,76,76],"relic_stats":{"Sozu":0,"Happy Flower":[8],"counters":[20,88],"Black Star":0,"Bag of Preparation":[12],"Medical Kit":[0],"obtain_stats":[{"Sozu":34,"Happy Flower":26,"Strawberry":6,"Vajra":8,"Black Star":17,"Bag of Preparation":25,"TeardropLocket":9,"Membership Card":25,"PureWater":0,"Medical Kit":13,"Pocketwatch":10},{"Sozu":17,"Happy Flower":14,"Strawberry":5,"Vajra":6,"Black Star":11,"Bag of Preparation":14,"TeardropLocket":6,"Membership Card":14,"PureWater":0,"Medical Kit":9,"Pocketwatch":7},{"Sozu":75,"Happy Flower":62,"Strawberry":16,"Vajra":18,"Black Star":46,"Bag of Preparation":62,"TeardropLocket":18,"Membership Card":62,"PureWater":0,"Medical Kit":31,"Pocketwatch":24}],"Pocketwatch":[72]},"card_choices":[{"not_picked":["InnerPeace","ThirdEye"],"picked":"Evaluate","floor":1.0},{"not_picked":["Conclude","WreathOfFlame"],"picked":"TalkToTheHand","floor":2.0},{"not_picked":["JustLucky","Conclude","Nirvana"],"picked":"SKIP","floor":4.0},{"not_picked":["ThirdEye","BowlingBash"],"picked":"SandsOfTime","floor":5.0},{"not_picked":["DeceiveReality","PathToVictory"],"picked":"EmptyFist","floor":6.0},{"not_picked":["Prostrate","BattleHymn"],"picked":"Wallop","floor":8.0},{"not_picked":["FollowUp","BowlingBash","Collect"],"picked":"SKIP","floor":10.0},{"not_picked":["Halt","Sanctity","CarveReality"],"picked":"SKIP","floor":11.0},{"not_picked":["CarveReality","FlurryOfBlows","Swivel"],"picked":"SKIP","floor":12.0},{"not_picked":["Protect","FlurryOfBlows","Evaluate"],"picked":"SKIP","floor":14.0},{"not_picked":["DevaForm","Judgement"],"picked":"Ragnarok","floor":16.0},{"not_picked":["ThirdEye","PathToVictory","Evaluate"],"picked":"SKIP","floor":18.0},{"not_picked":["EmptyFist","SignatureMove"],"picked":"Indignation","floor":22.0},{"not_picked":["PathToVictory+1","Crescendo","SashWhip"],"picked":"SKIP","floor":24.0},{"not_picked":["Prostrate","FlurryOfBlows","JustLucky"],"picked":"SKIP","floor":29.0},{"not_picked":["FlurryOfBlows+1","JustLucky"],"picked":"ConjureBlade","floor":31.0},{"not_picked":["Ragnarok","DevaForm"],"picked":"Vault","floor":33.0},{"not_picked":["EmptyBody","WreathOfFlame"],"picked":"MentalFortress","floor":35.0},{"not_picked":["The Bomb","Jack Of All Trades"],"picked":"Finesse","floor":38.0},{"not_picked":["Prostrate+1","EmptyFist","Halt"],"picked":"SKIP","floor":39}],"player_experience":1770530,"relics_obtained":[{"floor":6.0,"key":"Strawberry"},{"floor":8.0,"key":"Vajra"},{"floor":9.0,"key":"TeardropLocket"},{"floor":10.0,"key":"Pocketwatch"},{"floor":26.0,"key":"Happy Flower"}],"event_choices":[{"damage_healed":0.0,"max_hp_gain":5.0,"max_hp_loss":0.0,"gold_gain":0.0,"event_name":"Big Fish","player_choice":"Donut","floor":3.0,"gold_loss":0.0,"damage_taken":0.0},{"damage_healed":0.0,"max_hp_gain":0.0,"max_hp_loss":0.0,"gold_gain":0.0,"cards_transformed":["Strike_P","Defend_P"],"event_name":"Drug Dealer","player_choice":"Became Test Subject","floor":19.0,"gold_loss":0.0,"damage_taken":0.0,"cards_obtained":["Study","SashWhip"]},{"damage_healed":0.0,"max_hp_gain":0.0,"max_hp_loss":0.0,"gold_gain":270.0,"event_name":"Knowing Skull","player_choice":"GOLD GOLD GOLD ","floor":20.0,"potions_obtained":[],"gold_loss":0.0,"damage_taken":27.0,"cards_obtained":[]},{"damage_healed":0.0,"max_hp_gain":0.0,"max_hp_loss":0.0,"gold_gain":0.0,"event_name":"Ghosts","player_choice":"Ignored","floor":27.0,"gold_loss":0.0,"damage_taken":0.0},{"damage_healed":0.0,"max_hp_gain":0.0,"max_hp_loss":4.0,"gold_gain":0.0,"event_name":"Winding Halls","player_choice":"Max HP","floor":36.0,"gold_loss":0.0,"damage_taken":0.0},{"damage_healed":0.0,"max_hp_gain":0.0,"max_hp_loss":0.0,"gold_gain":0.0,"event_name":"Mysterious Sphere","player_choice":"Ignored","floor":37.0,"gold_loss":0.0,"damage_taken":0.0},{"damage_healed":0.0,"max_hp_gain":0.0,"max_hp_loss":0.0,"gold_gain":0.0,"event_name":"SensoryStone","player_choice":"Memory 3","floor":38.0,"gold_loss":0.0,"damage_taken":10.0}],"is_beta":false,"boss_relics":[{"not_picked":["Snecko Eye","Runic Dome"],"picked":"Black Star"},{"not_picked":["Velvet Choker","Calling Bell"],"picked":"Sozu"}],"items_purged_floors":[13,21],"is_endless":false,"potions_floor_spawned":[1,2,5,11,12,14,22,24,29],"killed_by":"Nemesis","ascension_level":20}}