{"host":"74uvi6kym3vf3uk6","time":1611733203,"event":{"mods":["AchievementEnabler","BaseMod","Better Altar","Better Match","Better Note","Better Sensory Stone","Better Skull","Better Third Choice","CatGirl Mod","Colored Map","Colored Powertips","Custom Start","Dark Map","Highlight Path","Minty Spire (QoL Compilation)","Permanent Neow","Rare Cards Sparkle","Shop Mod","StSLib","The Elementalist","The Exalted","The Runesmith","The Servant 0.9.4"],"gold_per_floor":[110,126,139,156,170,205,205,234,234,234,234,250,261,280,280,354,354,371,382,401,420,438,463,480,480,480,493,493,493,493,493,493,566,566,580,580,598,598,617,617,617,629,629,629,629,629,643,656,656,656,656],"floor_reached":52,"language":"ENG","playtime":1926,"items_purged":[],"score":2434,"play_id":"25786bdc-f584-4695-bdde-e2153af86a24","local_time":"20210127014003","daily_mods":["Time Dilation","Flight","Lethality"],"is_ascension_mode":true,"campfire_choices":[{"data":"theCatGirl:PerfectBlock","floor":7,"key":"SMITH"},{"data":"theCatGirl:Claws","floor":10,"key":"SMITH"},{"floor":11,"key":"REST"},{"floor":15,"key":"REST"},{"floor":25,"key":"REST"},{"floor":28,"key":"REST"},{"floor":30,"key":"REST"},{"floor":32,"key":"REST"},{"floor":40,"key":"REST"},{"floor":41,"key":"REST"},{"floor":44,"key":"REST"},{"floor":45,"key":"REST"},{"floor":46,"key":"REST"},{"floor":49,"key":"REST"}],"circlet_count":0,"master_deck":["theCatGirl:PerfectBlock+1","theCatGirl:Claws+1"],"relics":["Unceasing Top"],"acts_visited":["Exordium","TheCity","TheBeyond"],"potions_floor_usage":[],"damage_taken":[{"damage":0,"enemies":"Cultist","floor":1,"turns":1},{"damage":0,"enemies":"Small Slimes","floor":2,"turns":1},{"damage":0,"enemies":"Jaw Worm","floor":3,"turns":1},{"damage":0,"enemies":"Red Slaver","floor":4,"turns":1},{"damage":0,"enemies":"Exordium Wildlife","floor":5,"turns":1},{"damage":0,"enemies":"Gremlin Nob","floor":6,"turns":1},{"damage":0,"enemies":"Lagavulin","floor":8,"turns":1},{"damage":0,"enemies":"Large Slime","floor":12,"turns":1},{"damage":0,"enemies":"2 Fungi Beasts","floor":13,"turns":1},{"damage":0,"enemies":"Looter","floor":14,"turns":1},{"damage":0,"enemies":"Hexaghost","floor":16,"turns":1},{"damage":0,"enemies":"Spheric Guardian","floor":18,"turns":1},{"damage":0,"enemies":"2 Thieves","floor":19,"turns":1},{"damage":0,"enemies":"3 Cultists","floor":20,"turns":1},{"damage":0,"enemies":"Snake Plant","floor":21,"turns":1},{"damage":0,"enemies":"Cultist and Chosen","floor":22,"turns":1},{"damage":0,"enemies":"Slavers","floor":23,"turns":1},{"damage":0,"enemies":"3 Cultists","floor":24,"turns":1},{"damage":0,"enemies":"Centurion and Healer","floor":27,"turns":1},{"damage":0,"enemies":"Collector","floor":33,"turns":1},{"damage":0,"enemies":"3 Shapes","floor":35,"turns":1},{"damage":0,"enemies":"Orb Walker","floor":37,"turns":1},{"damage":0,"enemies":"Maw","floor":39,"turns":1},{"damage":0,"enemies":"Spire Growth","floor":42,"turns":1},{"damage":0,"enemies":"Jaw Worm Horde","floor":47,"turns":1},{"damage":0,"enemies":"3 Darklings","floor":48,"turns":1},{"damage":0,"enemies":"Awakened One","floor":50,"turns":2},{"damage":0,"enemies":"Donu and Deca","floor":51,"turns":1}],"seed_played":"4335214108133991021","potions_obtained":[{"floor":27,"key":"FairyPotion"}],"is_trial":true,"path_per_floor":["M","M","M","M","M","E","R","E","T","R","R","M","M","M","R","B",null,"M","M","M","M","M","E","M","R","T","M","R","$","R","$","R","B",null,"M","$","M","$","M","R","R","M","T","R","R","R","M","M","R","B","B",null],"character_chosen":"THE_CATGIRL","items_purchased":[],"campfire_rested":12,"item_purchase_floors":[],"current_hp_per_floor":[63,63,63,63,63,63,63,63,63,63,70,70,70,70,70,70,70,70,70,70,70,70,70,70,70,70,70,70,70,70,70,70,70,70,70,70,70,70,70,70,70,70,70,70,70,70,70,70,70,70,70],"gold":656,"neow_bonus":"","is_daily":false,"chose_seed":false,"campfire_upgraded":2,"win_rate":0.0,"timestamp":1611733203,"path_taken":["M","M","M","M","M","E","R","E","T","R","R","M","M","M","R","BOSS","M","M","M","M","M","E","M","R","T","M","R","$","R","$","R","BOSS","M","$","M","$","M","R","R","M","T","R","R","R","M","M","R","BOSS","BOSS"],"items_purchased_type":[],"build_version":"2020-12-22","purchased_purges":0,"victory":true,"max_hp_per_floor":[70,70,70,70,70,70,70,70,70,70,70,70,70,70,70,70,70,70,70,70,70,70,70,70,70,70,70,70,70,70,70,70,70,70,70,70,70,70,70,70,70,70,70,70,70,70,70,70,70,70,70],"card_choices":[{"not_picked":["theCatGirl:Slip","theCatGirl:BloodBath","theCatGirl:DecliningDefenses"],"picked":"SKIP","floor":1},{"not_picked":["theCatGirl:LuckyBlow","theCatGirl:DefensiveStance","theCatGirl:RageClaws"],"picked":"SKIP","floor":2},{"not_picked":["theCatGirl:KeepAlert","theCatGirl:BodyBlow","theCatGirl:FumblingBlow"],"picked":"SKIP","floor":3},{"not_picked":["theCatGirl:ClenchYourTeeth","theCatGirl:FinishingMove","theCatGirl:TrainWreck"],"picked":"SKIP","floor":4},{"not_picked":["theCatGirl:RageClaws","theCatGirl:ComboAttack","theCatGirl:Growl"],"picked":"SKIP","floor":5},{"not_picked":["theCatGirl:RageClaws","theCatGirl:Stalk","theCatGirl:GoddessOfMisfortune"],"picked":"SKIP","floor":6},{"not_picked":["theCatGirl:AngryForm","theCatGirl:FinishingMove","theCatGirl:ClawScratch"],"picked":"SKIP","floor":8},{"not_picked":["theCatGirl:TrainWreck","theCatGirl:BloodBath","theCatGirl:SearchBackpack"],"picked":"SKIP","floor":12},{"not_picked":["theCatGirl:Claws","theCatGirl:Slip","theCatGirl:ClawScratch"],"picked":"SKIP","floor":13},{"not_picked":["theCatGirl:LearnThePattern","theCatGirl:DecliningDefenses","theCatGirl:RageClaws"],"picked":"SKIP","floor":14},{"not_picked":["theCatGirl:TripLunge+1","theCatGirl:Counterattack+1","theCatGirl:ExtremeSpeed+1"],"picked":"SKIP","floor":18},{"not_picked":["theCatGirl:DefensiveStance","theCatGirl:ShockedWitness","theCatGirl:LostTrinket+1"],"picked":"SKIP","floor":19},{"not_picked":["theCatGirl:RageClaws","theCatGirl:PilingErrors+1","theCatGirl:GoddessOfMisfortune"],"picked":"SKIP","floor":20},{"not_picked":["theCatGirl:LostTrinket","theCatGirl:QuickStrike+1","theCatGirl:AccidentalSlap"],"picked":"SKIP","floor":21},{"not_picked":["theCatGirl:ShockedWitness","theCatGirl:Meow","theCatGirl:AllIn"],"picked":"SKIP","floor":22},{"not_picked":["theCatGirl:GoddessOfMisfortune+1","theCatGirl:PlayAround","theCatGirl:ComboAttack"],"picked":"SKIP","floor":23},{"not_picked":["theCatGirl:RageClaws+1","theCatGirl:PoisedStrike","theCatGirl:Stalk"],"picked":"SKIP","floor":24},{"not_picked":["theCatGirl:Insane","theCatGirl:KeepAlert+1","theCatGirl:ElegantStrike"],"picked":"SKIP","floor":27},{"not_picked":["theCatGirl:ClawScratch","theCatGirl:ChangeOfPlans","theCatGirl:ClenchYourTeeth"],"picked":"SKIP","floor":35},{"not_picked":["theCatGirl:Insane","theCatGirl:RunningWithDaggers","theCatGirl:ScratchFlurry+1"],"picked":"SKIP","floor":37},{"not_picked":["theCatGirl:SearchBackpack+1","theCatGirl:PlayAround","theCatGirl:ElegantStrike"],"picked":"SKIP","floor":39},{"not_picked":["theCatGirl:ScratchFlurry","theCatGirl:FumblingBlow","theCatGirl:ShockedWitness+1"],"picked":"SKIP","floor":42},{"not_picked":["theCatGirl:PlayAround+1","theCatGirl:Stalk","theCatGirl:FumblingBlow"],"picked":"SKIP","floor":47},{"not_picked":["theCatGirl:BloodBath","theCatGirl:ScratchFlurry","theCatGirl:PlayAround"],"picked":"SKIP","floor":48}],"player_experience":188752,"relics_obtained":[],"event_choices":[],"is_beta":false,"boss_relics":[{"not_picked":["Velvet Choker","SacredBark","Pandora\u0027s Box"]},{"not_picked":["Velvet Choker","SacredBark","Pandora\u0027s Box"]}],"items_purged_floors":[],"is_endless":false,"potions_floor_spawned":[2,4,6,8,16,20,21,23,27,35,42,47,48],"ascension_level":20}}