{"host":"hbel9g7s7ibv8po6","time":1611764668,"event":{"mods":["BaseMod","Duelist Mod","Minty Spire (QoL Compilation)","StSLib"],"gold_per_floor":[136,152,77,77,91,119,137,152,152,152,52,64,78,78,78,183,183,193,211,221,241,257,284,75,75,99,14,14,14,34,34,34,131,131,147,162,12,22,42,93,143,143,143,0,19,19,34,59,59,59],"floor_reached":51,"language":"ENG","playtime":2864,"items_purged":["theDuelist:Sparks","theDuelist:CastleWalls","theDuelist:BeaverWarrior","theDuelist:BeaverWarrior"],"score":878,"play_id":"14f73bb1-cd8c-4215-a92a-4654fd59163d","local_time":"20210128002428","is_ascension_mode":false,"campfire_choices":[{"data":"theDuelist:GridRod","floor":10,"key":"SMITH"},{"data":"theDuelist:Terraforming","floor":15,"key":"SMITH"},{"data":"theDuelist:PotGreed","floor":28,"key":"SMITH"},{"floor":32,"key":"REST"},{"data":"theDuelist:InstantFusion","floor":42,"key":"SMITH"},{"floor":46,"key":"REST"},{"floor":49,"key":"REST"}],"circlet_count":0,"master_deck":["theDuelist:GridRod+1","theDuelist:ScrapFactory","theDuelist:DummyGolem+1","theDuelist:GiantSoldier","theDuelist:RainbowKuriboh","theDuelist:YamiForm+1","theDuelist:WhiteNinja","theDuelist:PotGreed+1","theDuelist:KamionTimelord","theDuelist:PowerGiant+1","theDuelist:Kuribohrn","theDuelist:FinalFlame","theDuelist:HappyLover","theDuelist:LightningBlade","theDuelist:Reinforcements","theDuelist:Terraforming+1","theDuelist:GiantSoldier","theDuelist:InstantFusion+1","theDuelist:SwordsRevealing","theDuelist:BlackPendant+1","theDuelist:ForbiddenLance+3","theDuelist:SummoningCurse","theDuelist:EarthquakeGiant+1","theDuelist:FluteKuriboh+1"],"relics":["theDuelist:MillenniumPuzzle","theDuelist:CardPoolRelic","theDuelist:CardPoolBasicRelic","theDuelist:BoosterPackPoolRelic","theDuelist:CardPoolAddRelic","theDuelist:CardPoolMinusRelic","theDuelist:CardPoolSaveRelic","theDuelist:CardPoolOptionsRelic","Lantern","Snake Skull","Letter Opener","Empty Cage","Toy Ornithopter","Anchor","theDuelist:WhiteBowlRelic","theDuelist:TributeEggRelic","Cursed Key","Thread and Needle","theDuelist:ResummonBranch","theDuelist:DuelistLetterOpener","Red Mask","Bag of Preparation"],"acts_visited":["Exordium","TheCity","TheBeyond"],"potions_floor_usage":[16,50,50,50],"damage_taken":[{"damage":4.0,"enemies":"Jaw Worm","floor":1.0,"turns":4.0},{"damage":1.0,"enemies":"Cultist","floor":2.0,"turns":4.0},{"damage":6.0,"enemies":"Small Slimes","floor":5.0,"turns":3.0},{"damage":11,"enemies":"Gremlin Nob","floor":6,"turns":4},{"damage":5,"enemies":"3 Louse","floor":7,"turns":3},{"damage":0,"enemies":"Exordium Wildlife","floor":8,"turns":4},{"damage":0,"enemies":"Looter","floor":12,"turns":2},{"damage":0,"enemies":"Large Slime","floor":13,"turns":4},{"damage":1,"enemies":"Hexaghost","floor":16,"turns":9},{"damage":14,"enemies":"2 Thieves","floor":18,"turns":3},{"damage":4,"enemies":"Shell Parasite","floor":19,"turns":7},{"damage":2,"enemies":"Centurion and Healer","floor":20,"turns":6},{"damage":0,"enemies":"Sentry and Sphere","floor":21,"turns":6},{"damage":14,"enemies":"Snake Plant","floor":22,"turns":5},{"damage":13,"enemies":"theDuelist:KaibaA2","floor":23,"turns":6},{"damage":17,"enemies":"Shelled Parasite and Fungi","floor":30,"turns":6},{"damage":9,"enemies":"Champ","floor":33,"turns":8},{"damage":0,"enemies":"3 Darklings","floor":35,"turns":4},{"damage":8,"enemies":"Orb Walker","floor":36,"turns":4},{"damage":0,"enemies":"4 Shapes","floor":38,"turns":6},{"damage":21,"enemies":"3 Darklings","floor":39,"turns":5},{"damage":27,"enemies":"2 Orb Walkers","floor":40,"turns":6},{"damage":0,"enemies":"Mind Bloom Boss Battle","floor":41,"turns":6},{"damage":23,"enemies":"Sphere and 2 Shapes","floor":45,"turns":6},{"damage":0,"enemies":"Writhing Mass","floor":47,"turns":5},{"damage":0,"enemies":"Giant Head","floor":48,"turns":5},{"damage":0,"enemies":"Time Eater","floor":50,"turns":3}],"seed_played":"3320734553383044721","potions_obtained":[{"floor":6,"key":"theDuelist:IcePotion"},{"floor":7,"key":"SkillPotion"},{"floor":16,"key":"theDuelist:VoidBottle"},{"floor":19,"key":"theDuelist:ReducerPotion"}],"is_trial":false,"path_per_floor":["M","M","$","?","M","E","M","M","T","R","$","M","M","$","R","B",null,"M","M","M","M","M","E","$","?","T","?","R","?","M","?","R","B",null,"M","M","$","M","M","?","?","R","T","?","M","R","M","E","R","B",null],"character_chosen":"THE_DUELIST","items_purchased":["theDuelist:PotGreed"],"campfire_rested":3,"item_purchase_floors":[24],"current_hp_per_floor":[76,75,75,75,69,58,53,53,53,53,53,53,53,53,53,52,80,66,62,60,60,46,33,33,33,33,33,33,33,16,16,40,31,80,80,72,72,72,51,24,24,24,24,24,1,25,25,25,49,68],"gold":59,"neow_bonus":"RANDOM_COMMON_RELIC","is_daily":false,"chose_seed":false,"campfire_upgraded":4,"win_rate":0.0,"timestamp":1611764668,"path_taken":["M","M","$","?","?","E","M","M","T","R","$","M","M","?","R","BOSS","M","M","M","M","M","E","$","?","T","?","R","?","?","?","R","BOSS","M","M","$","M","M","?","?","R","T","?","M","R","M","E","R","BOSS"],"items_purchased_type":["Card"],"build_version":"2020-12-22","purchased_purges":4,"victory":true,"max_hp_per_floor":[80,80,80,80,80,80,80,80,80,80,80,80,80,80,80,80,80,80,80,80,80,80,80,80,80,80,80,80,80,80,80,80,80,80,80,80,80,80,80,80,80,80,80,80,80,80,80,80,80,80],"card_choices":[{"not_picked":["theDuelist:SparkBlaster","theDuelist:BigKoala","theDuelist:WhiteHowling","theDuelist:ChaosSeed"],"picked":"theDuelist:WhiteNinja","floor":1.0},{"not_picked":["theDuelist:SparkBlaster","theDuelist:CharcoalInpachi","theDuelist:Sangan","theDuelist:BlackPendant"],"picked":"theDuelist:LightningBlade","floor":2.0},{"not_picked":["theDuelist:RainbowNeos","theDuelist:HappyLover","theDuelist:Eva","theDuelist:RainbowOverdragon"],"picked":"theDuelist:RainbowKuriboh","floor":5.0},{"not_picked":["theDuelist:Hinotama","theDuelist:Eva","theDuelist:SpiritHarp","theDuelist:MagnumShield","theDuelist:SilverApples"],"picked":"SKIP","floor":6},{"not_picked":["theDuelist:WhiteMagicalHat","theDuelist:SangaEarth","theDuelist:MythicalBeast","theDuelist:RainbowNeos"],"picked":"theDuelist:HappyLover","floor":7},{"not_picked":["theDuelist:BigFire","theDuelist:DarkBurningAttack","theDuelist:SpiritHarp","theDuelist:PowerKaishin","theDuelist:SilentDoom"],"picked":"SKIP","floor":8},{"not_picked":["theDuelist:Graverobber","theDuelist:Downbeat","theDuelist:AfterTheStorm","theDuelist:EgoBoost"],"picked":"theDuelist:Reinforcements","floor":12},{"not_picked":["theDuelist:ClearKuriboh","theDuelist:PreventRat","theDuelist:GreyGreedOni","theDuelist:EarthEffigy"],"picked":"theDuelist:Terraforming","floor":13},{"not_picked":["theDuelist:YamiForm","theDuelist:Wildfire","theDuelist:SwordsConcealing","theDuelist:PineappleBlast"],"picked":"theDuelist:KamionTimelord","floor":16},{"not_picked":["theDuelist:GreenGraveOni","theDuelist:RainbowOverdragon","theDuelist:RainbowBridge","theDuelist:DarkHole"],"picked":"theDuelist:PowerGiant+1","floor":18},{"not_picked":["theDuelist:AttackTheMoon","theDuelist:Fissure","theDuelist:FuryFire","theDuelist:GaiaMidNightSun","theDuelist:SolemnStrike"],"picked":"SKIP","floor":19},{"not_picked":["theDuelist:Hinotama+1","theDuelist:MirrorForce","theDuelist:DarklordSuperbia","theDuelist:MagicalStone+1"],"picked":"theDuelist:DummyGolem+1","floor":20},{"not_picked":["theDuelist:Hinotama+1","theDuelist:SilverApples","theDuelist:Tuningware","theDuelist:Downbeat","theDuelist:OnslaughtFireKings"],"picked":"SKIP","floor":21},{"not_picked":["theDuelist:FuryFire","theDuelist:RainbowLife+1","theDuelist:WingedKuriboh","theDuelist:HeavyStorm+1","theDuelist:DianKeto"],"picked":"SKIP","floor":22},{"not_picked":["theDuelist:SwordsRevealing","theDuelist:LightLaser+1","theDuelist:GridRod","theDuelist:AmuletAmbition"],"picked":"theDuelist:YamiForm+1","floor":23},{"not_picked":["theDuelist:RainbowNeos+1","theDuelist:HappyLover","theDuelist:Eva","theDuelist:BlueBloodedOni","theDuelist:RainbowKuriboh"],"picked":"SKIP","floor":30},{"not_picked":["theDuelist:Raigeki","theDuelist:GridRod+1","theDuelist:MillenniumShield","theDuelist:KamionTimelord"],"picked":"theDuelist:InstantFusion","floor":33},{"not_picked":["theDuelist:VenomShot+2","theDuelist:UnderworldCannon","theDuelist:Raigeki+1"],"picked":"SKIP","floor":35},{"not_picked":["theDuelist:LightLaser+1","theDuelist:Mathematician+1"],"picked":"theDuelist:SwordsRevealing","floor":36},{"not_picked":["theDuelist:FrontierWiseman","theDuelist:Tuningware","theDuelist:PreventRat+1","theDuelist:PotDichotomy"],"picked":"theDuelist:BlackPendant+1","floor":38},{"not_picked":["theDuelist:BlueBloodedOni","theDuelist:GreenGraveOni+1","theDuelist:GreyGreedOni+1","theDuelist:PurplePainOni+1","theDuelist:RedHeadedOni"],"picked":"SKIP","floor":39},{"not_picked":["theDuelist:FuryFire+1","theDuelist:VendreadCharge+1","theDuelist:SpiralSpearStrike+2","theDuelist:GravityBlaster"],"picked":"theDuelist:ForbiddenLance+3","floor":41},{"not_picked":["theDuelist:AttackTheMoon+1","theDuelist:Fissure","theDuelist:GaiaMidNightSun","theDuelist:Hinotama+1"],"picked":"theDuelist:EarthquakeGiant+1","floor":45},{"not_picked":["theDuelist:CoreBlaster+1","theDuelist:ScrapFactory+1","theDuelist:Eva","theDuelist:MagnumShield","theDuelist:CombinationAttack"],"picked":"SKIP","floor":47},{"not_picked":["theDuelist:DoubleTool","theDuelist:BigFire","theDuelist:Invigoration","theDuelist:EgoBoost"],"picked":"theDuelist:FluteKuriboh+1","floor":48}],"player_experience":105714,"relics_obtained":[{"floor":6,"key":"Snake Skull"},{"floor":9,"key":"Letter Opener"},{"floor":23,"key":"Toy Ornithopter"},{"floor":26,"key":"Anchor"},{"floor":40,"key":"Thread and Needle"},{"floor":41,"key":"theDuelist:ResummonBranch"},{"floor":43,"key":"theDuelist:DuelistLetterOpener"},{"floor":48,"key":"Bag of Preparation"}],"event_choices":[{"damage_healed":0.0,"max_hp_gain":0.0,"max_hp_loss":0.0,"gold_gain":0.0,"event_name":"Match and Keep!","player_choice":"2 cards matched","floor":4.0,"gold_loss":0.0,"damage_taken":0.0,"cards_obtained":["theDuelist:Kuribohrn","theDuelist:GridRod"]},{"damage_healed":0,"gold_gain":0,"player_choice":"Leave","duelist":true,"damage_taken":0,"max_hp_gain":0,"max_hp_loss":0,"event_name":"Relic Duplicator","floor":25,"gold_loss":0},{"damage_healed":0,"gold_gain":0,"player_choice":"Obtained Relic","damage_taken":0,"relics_obtained":["theDuelist:WhiteBowlRelic"],"max_hp_gain":0,"max_hp_loss":0,"event_name":"Addict","floor":27,"gold_loss":85},{"damage_healed":0,"gold_gain":0,"player_choice":"Ignored","damage_taken":0,"max_hp_gain":0,"max_hp_loss":0,"event_name":"Ghosts","floor":29,"gold_loss":0},{"damage_healed":0,"gold_gain":0,"player_choice":"Opened","damage_taken":0,"relics_obtained":["theDuelist:TributeEggRelic"],"max_hp_gain":0,"max_hp_loss":0,"event_name":"The Mausoleum","floor":31,"gold_loss":0},{"damage_healed":0,"gold_gain":0,"player_choice":"Fight","damage_taken":0,"max_hp_gain":0,"max_hp_loss":0,"event_name":"Mysterious Sphere","floor":40,"gold_loss":0},{"damage_healed":0,"gold_gain":0,"player_choice":"Fight","damage_taken":0,"max_hp_gain":0,"max_hp_loss":0,"event_name":"MindBloom","floor":41,"gold_loss":0},{"damage_healed":0,"gold_gain":0,"player_choice":"Paid","damage_taken":0,"relics_obtained":["Red Mask"],"max_hp_gain":0,"max_hp_loss":0,"event_name":"Tomb of Lord Red Mask","floor":44,"gold_loss":143}],"is_beta":false,"boss_relics":[{"not_picked":["HoveringKite","Inserter"],"picked":"Empty Cage"},{"not_picked":["Runic Dome","Runic Pyramid"],"picked":"Cursed Key"}],"items_purged_floors":[3,11,24,37],"is_endless":false,"potions_floor_spawned":[6,7,16,19,20,30,40,41,45,47],"ascension_level":0}}