{"host":"sav7uxregyirlf69","time":1611735550,"event":{"mods":["AchievementEnabler","BaseMod","Colored Map","DeckTracker","Keyboard Shortcuts","Minty Spire (QoL Compilation)","READ ME - Guardian Mod","StSLib","SuperFastMode"],"gold_per_floor":[153,153,153,189,224,224,262,262,262,262,262,262,39,110,110,110,110],"floor_reached":16,"language":"KOR","playtime":180,"items_purged":["Strike_R"],"score":196,"play_id":"9622aac0-8590-47a8-9d22-ea84f1ecaaea","local_time":"20210127171910","is_ascension_mode":true,"campfire_choices":[{"data":"HandOfGreed","floor":6.0,"key":"SMITH"},{"data":"Corruption","floor":8,"key":"SMITH"},{"floor":11,"key":"REST"},{"data":"Flash of Steel","floor":15,"key":"SMITH"}],"circlet_count":0,"master_deck":["AscendersBane","Strike_R","Strike_R","Strike_R","Strike_R","Defend_R","Defend_R","Defend_R","Defend_R","Bash","HandOfGreed+1","Dropkick","Corruption+1","Flash of Steel+1","Thunderclap"],"relics":["Burning Blood","Golden Idol","Oddly Smooth Stone","Ornamental Fan"],"acts_visited":["Exordium"],"potions_floor_usage":[],"damage_taken":[{"damage":4.0,"enemies":"2 Louse","floor":1.0,"turns":4.0},{"damage":9.0,"enemies":"Jaw Worm","floor":4.0,"turns":3.0},{"damage":2.0,"enemies":"Cultist","floor":5.0,"turns":4.0},{"damage":32.0,"enemies":"Gremlin Nob","floor":7.0,"turns":4.0},{"damage":5,"enemies":"Exordium Thugs","floor":14,"turns":4},{"damage":46,"enemies":"Slime Boss","floor":16,"turns":6}],"seed_played":"-7837657662777143061","potions_obtained":[{"floor":5.0,"key":"Dexterity Potion"},{"floor":7,"key":"BloodPotion"}],"is_trial":false,"path_per_floor":["M","?","?","M","M","R","E","R","T","?","R","?","$","M","R","B"],"character_chosen":"IRONCLAD","items_purchased":["Flash of Steel","Thunderclap"],"campfire_rested":1,"item_purchase_floors":[13,13],"current_hp_per_floor":[68,45,45,42,46,46,20,20,20,20,40,40,40,41,41,0,0],"gold":110,"neow_bonus":"RANDOM_COLORLESS_2","is_daily":false,"chose_seed":false,"campfire_upgraded":3,"win_rate":0.0,"timestamp":1611735550,"path_taken":["M","?","?","M","M","R","E","R","T","?","R","?","$","?","R","BOSS"],"items_purchased_type":["Card","Card"],"build_version":"2020-12-22","purchased_purges":1,"victory":false,"max_hp_per_floor":[68,68,68,68,68,68,68,68,68,68,68,68,68,68,68,68,68],"card_choices":[{"not_picked":["Secret Technique","Sadistic Nature"],"picked":"HandOfGreed","floor":0.0},{"not_picked":["Pommel Strike","Headbutt"],"picked":"Dropkick","floor":1.0},{"not_picked":["Body Slam","Spot Weakness","Twin Strike"],"picked":"SKIP","floor":4.0},{"not_picked":["Twin Strike","Perfected Strike","Clothesline"],"picked":"SKIP","floor":5.0},{"not_picked":["Anger","Sword Boomerang"],"picked":"Corruption","floor":7},{"not_picked":["Ghostly Armor","Warcry","Bloodletting"],"picked":"SKIP","floor":14}],"player_experience":1392484,"relics_obtained":[{"floor":9,"key":"Oddly Smooth Stone"}],"event_choices":[{"damage_healed":0.0,"max_hp_gain":0.0,"max_hp_loss":0.0,"gold_gain":0.0,"event_name":"Golden Idol","player_choice":"Take Damage","floor":2.0,"gold_loss":0.0,"damage_taken":23.0,"relics_obtained":["Golden Idol"]},{"damage_healed":0.0,"max_hp_gain":0.0,"max_hp_loss":0.0,"gold_gain":0.0,"event_name":"Liars Game","player_choice":"Ignored","floor":3.0,"gold_loss":0.0,"damage_taken":0.0},{"damage_healed":0,"gold_gain":0,"player_choice":"Searched \u00270\u0027 times","damage_taken":0,"max_hp_gain":0,"max_hp_loss":0,"event_name":"Dead Adventurer","floor":10,"gold_loss":0},{"damage_healed":0,"gold_gain":0,"player_choice":"Gave Potion","damage_taken":0,"relics_obtained":["Ornamental Fan"],"max_hp_gain":0,"max_hp_loss":0,"event_name":"WeMeetAgain","floor":12,"gold_loss":0}],"is_beta":false,"boss_relics":[],"items_purged_floors":[13],"is_endless":false,"potions_floor_spawned":[5,7],"killed_by":"Slime Boss","ascension_level":20}}