{"host":"sav7uxregyirlf69","time":1611735741,"event":{"mods":["AchievementEnabler","BaseMod","Colored Map","DeckTracker","Keyboard Shortcuts","Minty Spire (QoL Compilation)","READ ME - Guardian Mod","StSLib","SuperFastMode"],"gold_per_floor":[109,34,34,34,46,46,63,63,63,88,88,108,8,8,8,8,8],"floor_reached":16,"language":"KOR","playtime":182,"items_purged":["Pain","Defend_R"],"score":196,"play_id":"7e8c3ee1-53b2-4be1-839f-69d6f8d753f9","local_time":"20210127172221","is_ascension_mode":true,"campfire_choices":[{"data":"Whirlwind","floor":6,"key":"SMITH"},{"data":"Shockwave","floor":8,"key":"SMITH"},{"floor":11,"key":"RECALL"},{"data":"Uppercut","floor":15,"key":"SMITH"}],"circlet_count":0,"master_deck":["AscendersBane","Strike_R","Strike_R","Defend_R","Defend_R","Defend_R","Bash","Headbutt","Dual Wield","Whirlwind+1","Cleave","Shockwave+1","Shrug It Off","Uppercut+1"],"relics":["Burning Blood","StrikeDummy","Nunchaku"],"acts_visited":["Exordium"],"potions_floor_usage":[],"damage_taken":[{"damage":12,"enemies":"Jaw Worm","floor":1,"turns":3},{"damage":6,"enemies":"Cultist","floor":5,"turns":3},{"damage":0,"enemies":"2 Louse","floor":7,"turns":2},{"damage":29,"enemies":"Gremlin Nob","floor":10,"turns":4},{"damage":0,"enemies":"Exordium Thugs","floor":12,"turns":4},{"damage":51,"enemies":"Hexaghost","floor":16,"turns":9}],"seed_played":"-441969754503186166","potions_obtained":[{"floor":1,"key":"BlessingOfTheForge"},{"floor":7,"key":"SteroidPotion"}],"is_trial":false,"path_per_floor":["M","$","?","$","M","R","M","R","T","E","R","M","$","?","R","B"],"character_chosen":"IRONCLAD","items_purchased":[],"campfire_rested":0,"item_purchase_floors":[],"current_hp_per_floor":[62,62,62,62,62,62,68,68,68,45,45,51,51,51,51,0,0],"gold":8,"neow_bonus":"TRANSFORM_TWO_CARDS","is_daily":false,"chose_seed":false,"campfire_upgraded":3,"win_rate":0.0,"timestamp":1611735741,"path_taken":["M","$","?","$","M","R","M","R","T","E","R","?","$","?","R","BOSS"],"items_purchased_type":[],"build_version":"2020-12-22","purchased_purges":2,"victory":false,"max_hp_per_floor":[75,75,75,75,75,75,75,75,75,75,75,75,75,75,75,75,75],"card_choices":[{"not_picked":["True Grit","Body Slam"],"picked":"Whirlwind","floor":1},{"not_picked":["Clash","Havoc"],"picked":"Cleave","floor":5},{"not_picked":["Wild Strike","Intimidate"],"picked":"Shockwave","floor":7},{"not_picked":["Clothesline","Exhume"],"picked":"Shrug It Off","floor":10},{"not_picked":["Armaments","Warcry"],"picked":"Uppercut","floor":12}],"player_experience":1392664,"relics_obtained":[{"floor":9,"key":"StrikeDummy"},{"floor":10,"key":"Nunchaku"}],"event_choices":[{"cards_removed":["Strike_R"],"damage_healed":0,"gold_gain":0,"player_choice":"Offered Basic","damage_taken":0,"max_hp_gain":0,"max_hp_loss":0,"event_name":"Bonfire Elementals","floor":3,"gold_loss":0},{"damage_healed":0,"gold_gain":0,"player_choice":"Ignored","damage_taken":0,"max_hp_gain":0,"max_hp_loss":0,"event_name":"Liars Game","floor":14,"gold_loss":0}],"is_beta":false,"boss_relics":[],"items_purged_floors":[2,13],"is_endless":false,"potions_floor_spawned":[1,7],"killed_by":"Hexaghost","ascension_level":20}}