{"host":"njo8qgvy2a57fcny","time":1611735964,"event":{"mods":["Aspiration","BaseMod","BetterRewards","CCEM2","Colored Map","Colored Powertips","Conspire","Custom Start","Downfall","Energized Spire","GifTheSpireLib","Halation","Hermit","Hubris","Infinite Spire","Jedi Mod","Jorbs\u0027s Wanderer Trilogy","Mimic Mod","Minty Spire (QoL Compilation)","Quick Restart","Random Character Button","Random Character Mod","Rare Cards Sparkle","Relic Sorter","Replay The Spire","Shop Mod","StSLib","Stuff the Spire","The Animator","The Jungle","The Runesmith","The Servant 0.9.4","Unceasing Turn Reminder","thorton"],"gold_per_floor":[99,119,138,157,157,167,193,293,47,109,137,237,237,267,285,383,433,333,346,359,378,378,378,423,436,236,252,280,33,33,59,76,171,171,171,191,205,217,235,269,295,328,328,340,360,360,360,360],"floor_reached":46,"language":"ENG","playtime":3468,"items_purged":[],"score":866,"play_id":"f8e5d0b4-fe57-4ba2-b226-58134741d6ec","local_time":"20210127192604","is_ascension_mode":true,"campfire_choices":[{"data":"Slimebound:CorrosiveSpit","floor":1,"key":"SMITH"},{"data":"Apotheosis","floor":13,"key":"SMITH"},{"floor":18,"key":"RECALL"},{"data":"Slimebound:SelfFormingGoo","floor":26,"key":"SMITH"},{"data":"jedi:BattleThirst","floor":35,"key":"SMITH"},{"data":"Slimebound:TagTeam","floor":43,"key":"SMITH"}],"circlet_count":0,"master_deck":["Slimebound:Strike_Slimebound+1","Slimebound:Strike_Slimebound","Slimebound:Strike_Slimebound","Slimebound:Tackle","Slimebound:Defend_Slimebound","Slimebound:Split","Slimebound:CorrosiveSpit+1","Slimebound:LivingWall","Slimebound:LeechingTouch","Slimebound:Teamwork+1","Slimebound:MinionMaster","Sickly","Slimebound:PressTheAttack","Slimebound:GrowthPunch","Slimebound:SplitLeeching","Apotheosis+1","Slimebound:Repurpose","Slimebound:GoopSpray","Slimebound:TagTeam+1","downfall:Haunted","downfall:Haunted","Languid","Parasite","ReplayTheSpireMod:Restless Dread","Slimebound:OozeBath","Slimebound:SplitAcid","Slimebound:SlimeSpikes+1","Slimebound:SelfFormingGoo+1","Slimebound:LeechEnergy","Slimebound:SplitBruiser+1","Slimebound:SplitMire","Slimebound:SplitLeeching+1","Slimebound:Equalize+1","Slimebound:Equalize","Slimebound:Equalize","Slimebound:SplitLeeching+1","Sadistic Nature","Slimebound:LeadByExample+1","Slimebound:LevelUp","Slimebound:SplitSpecialist","Slimebound:TagTeam+1","Slimebound:SlimeBarrage","Slimebound:PressTheAttack","Slimebound:SlimeSpikes","Parasite","Slimebound:PressTheAttack","Slimebound:Teamwork","Slimebound:AcidTongue+1","Slimebound:ServeAndProtect","Slimebound:SplitBruiser"],"relics":["Slimebound:AbsorbEndCombat","Orichalcum","Pen Nib","aspiration:ChemicalBlood","Du-Vu Doll","Pet Ghost","Tiny House","downfall:HeartBlessingGreen","Magic Flower","downfall:HeartBlessingBlue","downfall:HeartBlessingRed","Potion Belt","halation:PrussianBluePaint","halation:HeavySnake","CCEMRelics:CocoNut","Slimebound:StickyStick","StuffTheSpire:Barrel"],"acts_visited":["Exordium","Exordium","TheBeyond"],"potions_floor_usage":[6,6,9,16,16,20,20,21,25,27,28,28,28,28,29,31,31,32,33,33,37,38,39,40,40,40,40,40,42,44,44,44,45,45],"damage_taken":[{"damage":3,"enemies":"2 Louse","floor":2,"turns":3},{"damage":0,"enemies":"Cultist","floor":3,"turns":3},{"damage":2,"enemies":"Small Slimes","floor":4,"turns":3},{"damage":10,"enemies":"3 Louse","floor":6,"turns":3},{"damage":0,"enemies":"downfall:FleeingMerchant","floor":9,"turns":4},{"damage":14,"enemies":"3 Sentries","floor":10,"turns":7},{"damage":42,"enemies":"Gremlin Nob","floor":11,"turns":5},{"damage":12,"enemies":"Lagavulin","floor":14,"turns":5},{"damage":0,"enemies":"2 Fungi Beasts","floor":15,"turns":4},{"damage":17,"enemies":"DF_ARCHETYPE_STREAMLINE","floor":16,"turns":6},{"damage":2,"enemies":"theJungle:MUSHROOMGANG","floor":19,"turns":4},{"damage":18,"enemies":"theJungle:5_Spyders","floor":20,"turns":7},{"damage":21,"enemies":"theJungle:SlimyTreeVines","floor":21,"turns":4},{"damage":28,"enemies":"theJungle:2_Flameangoes","floor":25,"turns":5},{"damage":15,"enemies":"theJungle:Lyon","floor":27,"turns":6},{"damage":48,"enemies":"theJungle:Cassacara","floor":28,"turns":6},{"damage":0,"enemies":"downfall:FleeingMerchant","floor":29,"turns":4},{"damage":27,"enemies":"theJungle:2_Phrogs","floor":31,"turns":6},{"damage":0,"enemies":"theJungle:2_Snecko_Cultists","floor":32,"turns":2},{"damage":33,"enemies":"WA_ARCHETYPE_CALM","floor":33,"turns":8},{"damage":10,"enemies":"Orb Walker","floor":36,"turns":2},{"damage":10,"enemies":"3 Shapes","floor":37,"turns":2},{"damage":29,"enemies":"3 Darklings","floor":38,"turns":3},{"damage":21,"enemies":"Writhing Mass","floor":39,"turns":4},{"damage":50,"enemies":"Reptomancer","floor":40,"turns":5},{"damage":54,"enemies":"Nemesis","floor":42,"turns":4},{"damage":34,"enemies":"Jaw Worm Horde","floor":44,"turns":5},{"damage":15,"enemies":"Spire Growth","floor":45,"turns":5},{"damage":50,"enemies":"Reptomancer","floor":46,"turns":3}],"seed_played":"5167164360039044605","potions_obtained":[{"floor":2,"key":"Weak Potion"},{"floor":3,"key":"Adrenaline Potion"},{"floor":6,"key":"Slimebound:SlimedPotion"},{"floor":14,"key":"Regen Potion"},{"floor":15,"key":"Energy Potion"},{"floor":17,"key":"conspire:TimeTravelPotion"},{"floor":19,"key":"Slimebound:SlimedPotion"},{"floor":20,"key":"jedi:holywater"},{"floor":20,"key":"Swift Potion"},{"floor":25,"key":"Elixir"},{"floor":27,"key":"BlessingOfTheForge"},{"floor":31,"key":"Explosive Potion"},{"floor":32,"key":"Fire Potion"},{"floor":36,"key":"AttackPotion"},{"floor":38,"key":"Adrenaline Potion"},{"floor":39,"key":"Slimebound:SlimyTonguePotion"},{"floor":44,"key":"FearPotion"}],"is_trial":false,"path_per_floor":["R","M","M","M","?","M","T","?","$","?","E","?","R","E","M","B",null,"R","M","M","M","?","?","T","M","R","M","E","$","?","E","M","B",null,"R","M","M","M","M","E","T","E","R","M","M","E"],"character_chosen":"SLIMEBOUND","items_purchased":["Apotheosis","Slimebound:Repurpose","Sadistic Nature","Slimebound:LeadByExample"],"campfire_rested":0,"item_purchase_floors":[9,9,29,29],"current_hp_per_floor":[71,70,71,71,71,63,63,63,69,61,25,30,30,22,28,32,81,81,81,71,59,59,59,59,75,85,73,55,73,91,70,70,58,91,91,84,84,82,64,49,49,34,34,18,21,0,0,0],"gold":360,"neow_bonus":"TEN_PERCENT_HP_BONUS","is_daily":false,"chose_seed":false,"campfire_upgraded":5,"win_rate":0.0,"timestamp":1611735964,"path_taken":["R","M","M","M","?","?","T","?","$","?","E","?","R","E","M","BOSS","R","M","M","M","?","?","T","?","R","M","E","?","?","E","M","BOSS","R","M","M","?","?","E","T","E","R","M","M","E"],"items_purchased_type":["Card","Card","Card","Card"],"build_version":"2020-12-22","purchased_purges":0,"victory":false,"max_hp_per_floor":[71,71,71,71,71,71,71,71,71,71,71,76,76,76,76,76,81,81,81,81,81,81,81,81,81,91,91,91,91,91,91,91,91,91,91,91,91,91,91,96,96,96,96,96,96,96,96,96],"card_choices":[{"not_picked":["Slimebound:Replication","Slimebound:Dissolve"],"picked":"Slimebound:LivingWall","floor":2},{"not_picked":["Slimebound:ComboTackle","Slimebound:LivingWall"],"picked":"Slimebound:LeechingTouch","floor":3},{"not_picked":["Slimebound:FormOfPuddle","Slimebound:LeechingTouch","Slimebound:GoopTackle"],"picked":"SKIP","floor":4},{"not_picked":["Slimebound:TongueLash","Slimebound:LivingWall"],"picked":"Slimebound:GrowthPunch","floor":6},{"not_picked":["Slimebound:Schlurp","Slimebound:Prepare"],"picked":"Slimebound:SplitLeeching","floor":9},{"not_picked":["Slimebound:LeechingTouch","Slimebound:ItLooksTasty"],"picked":"Slimebound:GoopSpray","floor":10},{"not_picked":["Slimebound:MinionMaster","Slimebound:SplitBruiser"],"picked":"Slimebound:TagTeam","floor":11},{"not_picked":["Slimebound:SplitLeeching","Slimebound:ViciousTackle"],"picked":"Slimebound:SplitAcid","floor":14},{"not_picked":["Slimebound:SplitBruiser","Slimebound:Schlurp"],"picked":"Slimebound:SlimeSpikes","floor":15},{"not_picked":["Slimebound:LeechLife","Slimebound:Overexert"],"picked":"Slimebound:SelfFormingGoo","floor":16},{"not_picked":["Slimebound:TongueLash","Slimebound:ComboTackle"],"picked":"Slimebound:LeechEnergy","floor":17},{"not_picked":["Slimebound:HauntingLick+1","Slimebound:ItLooksTasty"],"picked":"Slimebound:SplitBruiser+1","floor":19},{"not_picked":["Slimebound:TongueLash","Slimebound:ItLooksTasty+1"],"picked":"Slimebound:SplitMire","floor":20},{"not_picked":["Slimebound:HauntingLick","Slimebound:ComboTackle+1"],"picked":"Slimebound:SplitLeeching+1","floor":21},{"not_picked":["Slimebound:SlimeSlap","Slimebound:MegaLick"],"picked":"Slimebound:Equalize","floor":25},{"not_picked":["Slimebound:SplitLeeching","Slimebound:TongueLash"],"picked":"Slimebound:Equalize","floor":27},{"not_picked":["Slimebound:FinishingTackle","Slimebound:ComboTackle"],"picked":"Slimebound:Equalize","floor":28},{"not_picked":["Slimebound:GoopTackle","Slimebound:GrowthPunch"],"picked":"Slimebound:SplitLeeching+1","floor":29},{"not_picked":["Slimebound:HauntingLick","Slimebound:GoopSpray"],"picked":"Slimebound:LevelUp","floor":31},{"not_picked":["Slimebound:Schlurp","Slimebound:ProtectTheBoss"],"picked":"Slimebound:SplitSpecialist","floor":32},{"not_picked":["Slimebound:DouseInSlime","Slimebound:PrepareCrush"],"picked":"Slimebound:TagTeam","floor":33},{"not_picked":["Slimebound:RollThrough+1","Slimebound:FinishingTackle+1"],"picked":"Slimebound:SlimeBarrage","floor":36},{"not_picked":["Slimebound:ServeAndProtect+1","Slimebound:TongueLash"],"picked":"Slimebound:PressTheAttack","floor":37},{"not_picked":["Slimebound:SamplingLick","Slimebound:LeechingTouch"],"picked":"Slimebound:SlimeSpikes","floor":38},{"not_picked":["Slimebound:Gluttony+1","Slimebound:Schlurp+1"],"picked":"Slimebound:PressTheAttack","floor":39},{"not_picked":["Slimebound:LeechEnergy+1","Slimebound:ServeAndProtect+1"],"picked":"Slimebound:Teamwork","floor":40},{"not_picked":["Slimebound:GoopTackle+1","Slimebound:RainOfGoop"],"picked":"Slimebound:AcidTongue+1","floor":42},{"not_picked":["Slimebound:ItLooksTasty+1","Slimebound:LeechingTouch"],"picked":"Slimebound:ServeAndProtect","floor":44},{"not_picked":["Slimebound:BestDefense+1","Slimebound:SlimeSpikes"],"picked":"Slimebound:SplitBruiser","floor":45}],"player_experience":725375,"relics_obtained":[{"floor":7,"key":"Orichalcum"},{"floor":10,"key":"Pen Nib"},{"floor":11,"key":"aspiration:ChemicalBlood"},{"floor":14,"key":"Pet Ghost"},{"floor":28,"key":"Potion Belt"},{"floor":31,"key":"halation:PrussianBluePaint"},{"floor":40,"key":"CCEMRelics:CocoNut"},{"floor":41,"key":"Slimebound:StickyStick"},{"floor":42,"key":"StuffTheSpire:Barrel"}],"event_choices":[{"damage_healed":18,"gold_gain":0,"player_choice":"Full Heal","damage_taken":0,"max_hp_gain":0,"max_hp_loss":0,"event_name":"Wheel of Change","floor":30,"gold_loss":0}],"is_beta":false,"boss_relics":[{"not_picked":["halation:Risk","infinitespire:Cupcake"],"picked":"Tiny House"},{"not_picked":["hubris:ScarierMask","hubris:TerracottaHorce"],"picked":"halation:HeavySnake"}],"items_purged_floors":[],"is_endless":false,"potions_floor_spawned":[2,3,6,14,15,19,20,27,31,32,36,38,39,44],"killed_by":"Reptomancer","ascension_level":4}}