{"host":"44ptf306keujqm0c","time":1611743796,"event":{"mods":["Aspiration","BaseMod","Marisa（F雨　魔理沙）","Minty Spire (QoL Compilation)","StSLib","The Administrix","The Construct","The Cursed","The Servant 0.9.4","WarShipGirlsR/战舰少女R mod"],"gold_per_floor":[112,124,78,78,153,182,194,211,211,220,231,231,231,258,258,370,370,391,407,426,525,534,534,559,568,592,620,629,649,649,666,666,666,666],"floor_reached":33,"language":"ZHS","playtime":1574,"items_purged":[],"score":276,"play_id":"a3686844-2db6-4fa6-92d8-03196bd9108a","local_time":"20210127183636","is_ascension_mode":false,"campfire_choices":[{"data":"TheCursedMod:RavingStaff","floor":12.0,"key":"SMITH"},{"floor":15.0,"key":"REST"},{"floor":23.0,"key":"REST"},{"floor":32.0,"key":"REST"}],"circlet_count":0,"master_deck":["TheCursedMod:Strike_TheCursed","TheCursedMod:Strike_TheCursed","TheCursedMod:Defend_TheCursed","TheCursedMod:Defend_TheCursed","TheCursedMod:Defend_TheCursed","TheCursedMod:Defend_TheCursed","TheCursedMod:CursedWand","TheCursedMod:CleanUpWorkshop","TheCursedMod:Dregs","TheCursedMod:RavingStaff+1","TheCursedMod:PrepareRite","TheCursedMod:SurpriseAttack","TheCursedMod:CircleOfCorruption+1","TheCursedMod:SurpriseAttack","Regret","TheCursedMod:CircleOfCorruption+1","TheCursedMod:ManaCirculation","TheCursedMod:CircleOfFocus+1","TheCursedMod:SurpriseAttack","Necronomicurse","TheCursedMod:WearCloak+1","TheCursedMod:CollectTribute","TheCursedMod:CircleOfCorruption+1","Decay","TheCursedMod:SpitefulPlan"],"relics":["TheCursedMod:BlackMagic101","NeowsBlessing","InkBottle","Toxic Egg 2","Shuriken","CeramicFish","Sozu","Necronomicon","Ancient Tea Set"],"acts_visited":["Exordium","TheCity"],"potions_floor_usage":[],"damage_taken":[{"damage":0.0,"enemies":"Cultist","floor":1.0,"turns":1.0},{"damage":0.0,"enemies":"Jaw Worm","floor":2.0,"turns":1.0},{"damage":0.0,"enemies":"Lagavulin","floor":6.0,"turns":1.0},{"damage":0.0,"enemies":"Small Slimes","floor":7.0,"turns":3.0},{"damage":7.0,"enemies":"Exordium Thugs","floor":8.0,"turns":3.0},{"damage":7.0,"enemies":"Blue Slaver","floor":11.0,"turns":2.0},{"damage":9.0,"enemies":"2 Fungi Beasts","floor":14.0,"turns":3.0},{"damage":28.0,"enemies":"The Guardian","floor":16.0,"turns":8.0},{"damage":3.0,"enemies":"Chosen","floor":18.0,"turns":2.0},{"damage":20.0,"enemies":"2 Thieves","floor":19.0,"turns":3.0},{"damage":0.0,"enemies":"Cultist and Chosen","floor":20.0,"turns":4.0},{"damage":27.0,"enemies":"3 Cultists","floor":24.0,"turns":4.0},{"damage":4.0,"enemies":"Shelled Parasite and Fungi","floor":27.0,"turns":2.0},{"damage":0.0,"enemies":"Sentry and Sphere","floor":29.0,"turns":1.0},{"damage":0.0,"enemies":"3 Cultists","floor":31.0,"turns":3.0},{"damage":51,"enemies":"Champ","floor":33,"turns":6}],"seed_played":"4480188282475531334","potions_obtained":[{"floor":1.0,"key":"Strength Potion"},{"floor":6.0,"key":"CultistPotion"},{"floor":14.0,"key":"Explosive Potion"}],"is_trial":false,"path_per_floor":["M","M","$","T","?","E","M","M","T","?","M","R","?","M","R","B",null,"M","M","M","?","?","R","M","?","T","M","?","M","?","M","R","B"],"character_chosen":"THE_CURSED","items_purchased":["TheCursedMod:SurpriseAttack"],"campfire_rested":3,"item_purchase_floors":[3],"current_hp_per_floor":[75,75,75,75,64,64,64,57,57,57,50,50,50,41,63,35,75,72,52,52,52,36,58,31,31,31,27,27,27,27,27,49,0,0],"gold":666,"neow_bonus":"THREE_ENEMY_KILL","is_daily":false,"chose_seed":false,"campfire_upgraded":1,"win_rate":0.0,"timestamp":1611743796,"path_taken":["M","?","$","?","?","E","M","M","T","?","?","R","?","M","R","BOSS","M","M","M","?","?","R","M","?","T","M","?","?","?","M","R","BOSS"],"items_purchased_type":["Card"],"build_version":"2020-12-22","purchased_purges":0,"victory":false,"max_hp_per_floor":[75,75,75,75,75,75,75,75,75,75,75,75,75,75,75,75,75,75,75,75,75,75,75,75,75,75,75,75,75,75,75,75,75,75],"card_choices":[{"not_picked":["TheCursedMod:ManaBullet","TheCursedMod:CircleOfAmplification"],"picked":"TheCursedMod:RavingStaff","floor":1.0},{"not_picked":["TheCursedMod:SoulReap","TheCursedMod:TacticalStrike"],"picked":"TheCursedMod:PrepareRite","floor":2.0},{"not_picked":["TheCursedMod:DoubleShield+1","TheCursedMod:Torture+1"],"picked":"TheCursedMod:CircleOfCorruption+1","floor":6.0},{"not_picked":["TheCursedMod:TacticalStrike","TheCursedMod:Wield"],"picked":"TheCursedMod:SurpriseAttack","floor":7.0},{"not_picked":["TheCursedMod:CircleOfWindfury+1","TheCursedMod:CircleOfAmplification+1","TheCursedMod:Evocation+1"],"picked":"SKIP","floor":8.0},{"not_picked":["TheCursedMod:Wield","TheCursedMod:RavingStaff","TheCursedMod:CircleOfWindfury+1"],"picked":"SKIP","floor":11.0},{"not_picked":["TheCursedMod:CursedMace","TheCursedMod:TacticalStrike"],"picked":"TheCursedMod:CircleOfCorruption+1","floor":14.0},{"not_picked":["TheCursedMod:StunningStrike","TheCursedMod:UltimatePain+1"],"picked":"TheCursedMod:ManaCirculation","floor":16.0},{"not_picked":["TheCursedMod:Wield","TheCursedMod:CircleOfBlood+1"],"picked":"TheCursedMod:CircleOfFocus+1","floor":18.0},{"not_picked":["TheCursedMod:Torture+1","TheCursedMod:ManaBullet","TheCursedMod:CursedShiv+1"],"picked":"SKIP","floor":19.0},{"not_picked":["TheCursedMod:Hemoplague+1","TheCursedMod:RavingStaff"],"picked":"TheCursedMod:SurpriseAttack","floor":20.0},{"not_picked":["TheCursedMod:Stretching+1","TheCursedMod:CircleOfBlood+1"],"picked":"TheCursedMod:WearCloak+1","floor":24.0},{"not_picked":[],"picked":"TheCursedMod:CollectTribute","floor":25.0},{"not_picked":["TheCursedMod:FuryStrike","TheCursedMod:CircleOfBlood+1"],"picked":"TheCursedMod:CircleOfCorruption+1","floor":27.0},{"not_picked":["TheCursedMod:VitalStrike","TheCursedMod:SmokeScreen+1"],"picked":"TheCursedMod:SpitefulPlan","floor":29.0},{"not_picked":["TheCursedMod:DoubleShield+1","TheCursedMod:DemonicPact","TheCursedMod:ManaBullet"],"picked":"SKIP","floor":31.0}],"player_experience":38470,"relics_obtained":[{"floor":4.0,"key":"InkBottle"},{"floor":6.0,"key":"Toxic Egg 2"},{"floor":9.0,"key":"Shuriken"},{"floor":22.0,"key":"Necronomicon"},{"floor":26.0,"key":"Ancient Tea Set"}],"event_choices":[{"damage_healed":0.0,"max_hp_gain":0.0,"max_hp_loss":0.0,"gold_gain":75.0,"event_name":"World of Goop","player_choice":"Gather Gold","floor":5.0,"gold_loss":0.0,"damage_taken":11.0},{"damage_healed":0.0,"max_hp_gain":0.0,"max_hp_loss":0.0,"gold_gain":0.0,"event_name":"Big Fish","player_choice":"Box","floor":10.0,"gold_loss":0.0,"damage_taken":0.0,"relics_obtained":["CeramicFish"],"cards_obtained":["Regret"]},{"cards_removed":["TheCursedMod:Strike_TheCursed"],"damage_healed":0.0,"max_hp_gain":0.0,"max_hp_loss":0.0,"gold_gain":0.0,"event_name":"Living Wall","player_choice":"Forget","floor":13.0,"gold_loss":0.0,"damage_taken":0.0},{"damage_healed":0.0,"max_hp_gain":0.0,"max_hp_loss":0.0,"gold_gain":99.0,"event_name":"Nest","player_choice":"Stole From Cult","floor":21.0,"gold_loss":0.0,"damage_taken":0.0},{"damage_healed":0.0,"max_hp_gain":0.0,"max_hp_loss":0.0,"gold_gain":0.0,"event_name":"Cursed Tome","player_choice":"Obtained Book","floor":22.0,"gold_loss":0.0,"damage_taken":16.0},{"damage_healed":0.0,"max_hp_gain":0.0,"max_hp_loss":0.0,"gold_gain":0.0,"event_name":"Wheel of Change","player_choice":"Cursed","floor":28.0,"gold_loss":0.0,"damage_taken":0.0,"cards_obtained":["Decay"]},{"cards_removed":["TheCursedMod:Strike_TheCursed"],"damage_healed":0.0,"max_hp_gain":0.0,"max_hp_loss":0.0,"gold_gain":0.0,"event_name":"Back to Basics","player_choice":"Elegance","floor":30.0,"gold_loss":0.0,"damage_taken":0.0}],"is_beta":false,"boss_relics":[{"not_picked":["Tiny House","Runic Dome"],"picked":"Sozu"}],"items_purged_floors":[],"is_endless":false,"potions_floor_spawned":[1,6,14,18,20,27,31],"killed_by":"Champ","ascension_level":0}}