{"host":"juoup3p5tvzzktl5","time":1611720945,"event":{"mods":["Aspiration","BaseMod","Better Vampires","BetterRewards","Colored Map","Colored Powertips","Friendly Minions","GifTheSpireLib","Hermit","Hubris","Infinite Spire","KinomotoSakuraMod(ƒæ÷Æ±æ”£)","Koishi","KomeijiMod","Marisa£®ÏF”Í°°ƒß¿Ì…≥£©","Minty Spire (QoL Compilation)","Quick Restart","Reimu£®≤©¿ˆ¡È√Œ£©","Replay The Spire","Shop Mod","StSLib","The Administrix","The Alterego","The Bug Knight","The Construct","The Cursed","The Jungle","The Mystic","The Runesmith","The Senshi","Youmu£®ªÍ∆«—˝√Œ£©","Yuyuko"],"gold_per_floor":[118,58,74,74,94,94,94,124,139,191,191,39,55,55,87,87,87,161,161,172,172,183,252,264,264,292,29,46,46,46,56,88,88,3,31,31,105,105,125,125,125,139,156,184,184,217,217,230,240,240,240,250,250,250,250,250],"floor_reached":57,"language":"ZHS","playtime":3863,"items_purged":["Defend_R","Confused"],"score":2068,"play_id":"d30c0506-0839-4868-a4a4-2dc511d6481c","local_time":"20210127131545","is_ascension_mode":true,"campfire_choices":[{"data":"True Grit","floor":7.0,"key":"SMITH"},{"data":"Eruption","floor":14.0,"key":"SMITH"},{"data":"hubris:InfiniteBlow","floor":17.0,"key":"SMITH"},{"data":"VanishingEverything+1","floor":25.0,"key":"SWEEP"},{"data":"hubris:InfiniteBlow+1","floor":33.0,"key":"SMITH"},{"data":"hubris:InfiniteBlow+2","floor":36.0,"key":"SMITH"},{"data":"hubris:InfiniteBlow+3","floor":45.0,"key":"SMITH"},{"data":"hubris:InfiniteBlow+4","floor":54,"key":"SMITH"}],"circlet_count":0,"master_deck":["AscendersBane","Strike_R","Strike_R","Strike_R","Strike_R","Strike_R","Defend_R","Defend_R","Defend_R","Hemokinesis","Flex","True Grit+1","Reaper","Shrug It Off","Warcry","Eruption+1","Inflame","ReplayTheSpireMod:Muscle Training","Searing Blow","hubris:InfiniteBlow+5","Limit Break","ReplayTheSpireMod:Limb From Limb+1","Spot Weakness","VanishingEverything+1","Blood for Blood","ReplayTheSpireMod:Corrosion Curse+1","hubris:SharpeningStone","Pommel Strike","hubris:SharpeningStone+1"],"relics":["PaintedHorse:ReiMu","hubris:IronBody","Ginger","ReplayTheSpireMod:TigerMarble","Replay:M_SmolderingBlood","Ornamental Fan","aspiration:PoetsPen_weak","Mercury Hourglass","Lantern","ReplayTheSpireMod:Ninjato","Pet Ghost","Iron Hammer","PureWhite:ReiMu","Gremlin Food","Red Skull","Sozu","infinitespire:ShieldingShard","hubris:BottledRain","ReplayTheSpireMod:Shallot","hubris:AstralHammer","Philosopher\u0027s Stone","hubris:Towel"],"acts_visited":["Exordium","TheCity","TheBeyond"],"potions_floor_usage":[56],"damage_taken":[{"damage":12.0,"enemies":"Small Slimes","floor":1.0,"turns":3.0},{"damage":14.0,"enemies":"Jaw Worm","floor":3.0,"turns":2.0},{"damage":2.0,"enemies":"2 Louse","floor":5.0,"turns":2.0},{"damage":29.0,"enemies":"Gremlin Nob","floor":8.0,"turns":4.0},{"damage":2.0,"enemies":"2 Fungi Beasts","floor":9.0,"turns":4.0},{"damage":12.0,"enemies":"3 Louse","floor":13.0,"turns":5.0},{"damage":3.0,"enemies":"3 Sentries","floor":15.0,"turns":3.0},{"damage":44.0,"enemies":"Hexaghost","floor":18.0,"turns":5.0},{"damage":11.0,"enemies":"Shell Parasite","floor":20.0,"turns":2.0},{"damage":16.0,"enemies":"Chosen","floor":22.0,"turns":3.0},{"damage":9.0,"enemies":"Snake Plant","floor":24.0,"turns":3.0},{"damage":70.0,"enemies":"Gremlin Leader","floor":26.0,"turns":4.0},{"damage":1.0,"enemies":"Cultist and Chosen","floor":28.0,"turns":4.0},{"damage":7.0,"enemies":"3 Cultists","floor":31.0,"turns":3.0},{"damage":34.0,"enemies":"Book of Stabbing","floor":32.0,"turns":3.0},{"damage":21.0,"enemies":"Replay:Snechameleon","floor":35.0,"turns":3.0},{"damage":3.0,"enemies":"Champ","floor":37.0,"turns":3.0},{"damage":10.0,"enemies":"3 Darklings","floor":39.0,"turns":3.0},{"damage":0.0,"enemies":"Orb Walker","floor":42.0,"turns":1.0},{"damage":2.0,"enemies":"Sphere and 2 Shapes","floor":43.0,"turns":2.0},{"damage":19.0,"enemies":"Giant Head","floor":44.0,"turns":3.0},{"damage":0.0,"enemies":"Reptomancer","floor":46.0,"turns":2.0},{"damage":0.0,"enemies":"Maw","floor":48.0,"turns":3.0},{"damage":30.0,"enemies":"3 Darklings","floor":49.0,"turns":3.0},{"damage":45.0,"enemies":"Sphere and 2 Shapes","floor":50.0,"turns":3.0},{"damage":0.0,"enemies":"Writhing Mass","floor":52.0,"turns":2.0},{"damage":6,"enemies":"hubris:GrandSnecko","floor":55,"turns":3},{"damage":27,"enemies":"Time Eater","floor":56,"turns":4}],"seed_played":"-257903515026534310","potions_obtained":[{"floor":1.0,"key":"Dexterity Potion"},{"floor":5.0,"key":"SpeedPotion"},{"floor":9.0,"key":"ColorlessPotion"},{"floor":13.0,"key":"PowerPotion"},{"floor":20.0,"key":"GamblersBrew"},{"floor":26.0,"key":"SteroidPotion"},{"floor":37.0,"key":"ColorlessPotion"}],"is_trial":false,"path_per_floor":["M","?","M","T","M","?","R","E","M","T","?","$","M","R","E","?","R_BF","B",null,"M","?","M","T","M","R","E","$","M","T","T","M","E","R","?","E","R","B",null,"M","?","?","M","M","E","R","E","T","M","M","M","AVR","M","?","R","B","B",null],"character_chosen":"IRONCLAD","items_purchased":["Hemokinesis","Inflame","ReplayTheSpireMod:Ninjato"],"campfire_rested":0,"item_purchase_floors":[0,12,27],"current_hp_per_floor":[62,62,54,54,58,58,58,39,53,53,53,53,47,47,73,54,54,24,62,51,51,35,35,38,45,20,20,33,33,33,48,27,27,27,20,20,17,61,65,65,69,69,67,54,54,75,75,75,73,64,64,64,64,64,73,62],"gold":250,"neow_bonus":"","is_daily":false,"chose_seed":false,"campfire_upgraded":7,"win_rate":0.0,"timestamp":1611720945,"path_taken":["M","?","M","?","M","?","R","E","M","T","?","$","M","R","E","?","R_BF","BOSS","M","?","M","?","M","R","E","$","M","T","T","M","E","R","?","E","R","BOSS","M","?","?","?","M","E","R","E","T","M","?","M","AVR","M","?","R","BOSS","BOSS"],"items_purchased_type":["Card","Card","Relic"],"build_version":"2020-12-22","purchased_purges":2,"victory":true,"max_hp_per_floor":[75,75,75,75,75,75,75,75,75,75,75,75,75,75,75,75,75,75,75,75,75,75,75,75,75,75,75,75,75,75,75,75,75,75,75,75,75,75,75,75,75,75,75,75,75,75,75,75,75,75,75,75,75,75,75,75],"card_choices":[{"not_picked":["Seeing Red","Twin Strike"],"picked":"Flex","floor":1.0},{"not_picked":["ReplayTheSpireMod:Strike From Hell","Twin Strike"],"picked":"True Grit","floor":3.0},{"not_picked":["Run Through","Iron Wave"],"picked":"Reaper","floor":5.0},{"not_picked":["Sword Boomerang","Perfected Strike"],"picked":"Shrug It Off","floor":8.0},{"not_picked":["Combust","True Grit"],"picked":"Warcry","floor":9.0},{"not_picked":["Anger","EmptyFist"],"picked":"ReplayTheSpireMod:Muscle Training","floor":13.0},{"not_picked":["Carnage","Combust"],"picked":"Searing Blow","floor":15.0},{"not_picked":["infinitespire:FinalStrike","ReplayTheSpireMod:Echoes of Time"],"picked":"hubris:InfiniteBlow","floor":16.0},{"not_picked":["Impervious","hubris:StunningStrike"],"picked":"Limit Break","floor":18.0},{"not_picked":["Iron Wave","Havoc"],"picked":"ReplayTheSpireMod:Limb From Limb+1","floor":20.0},{"not_picked":["Dual Wield+1","Replay:Undeath\u0027s Touch"],"picked":"Spot Weakness","floor":22.0},{"not_picked":["Searing Blow","Battle Trance","Warcry"],"picked":"SKIP","floor":24.0},{"not_picked":["ReplayTheSpireMod:Stacked","Bludgeon","Metallicize"],"picked":"SKIP","floor":26.0},{"not_picked":["Fire Breathing","Iron Wave","Wild Strike"],"picked":"SKIP","floor":28.0},{"not_picked":["Flex","Whirlwind"],"picked":"Blood for Blood","floor":31.0},{"not_picked":["Ghostly Armor","Body Slam","Perfected Strike"],"picked":"SKIP","floor":32.0},{"not_picked":["Immolate","Disarm"],"picked":"ReplayTheSpireMod:Corrosion Curse+1","floor":35.0},{"not_picked":["Wild Strike","Rampage","Twin Strike"],"picked":"SKIP","floor":39.0},{"not_picked":["Halt","Body Slam","Dark Embrace"],"picked":"SKIP","floor":42.0},{"not_picked":["Anger","Intimidate+1","Impervious"],"picked":"SKIP","floor":43.0},{"not_picked":["FollowUp+1","Second Wind"],"picked":"hubris:SharpeningStone","floor":44.0},{"not_picked":["Thunderclap","Havoc"],"picked":"Pommel Strike","floor":46.0},{"not_picked":["Dual Wield","EmptyFist"],"picked":"hubris:SharpeningStone+1","floor":48.0},{"not_picked":["Wild Strike+1","Dual Wield","Searing Blow"],"picked":"SKIP","floor":49.0},{"not_picked":["Iron Wave","Combust","Replay:Undeath\u0027s Touch+1"],"picked":"SKIP","floor":50.0},{"not_picked":["ReplayReversal","True Grit+1","Replay:Undeath\u0027s Touch"],"picked":"SKIP","floor":52}],"player_experience":1027172,"relics_obtained":[{"floor":4.0,"key":"hubris:IronBody"},{"floor":8.0,"key":"Ginger"},{"floor":10.0,"key":"ReplayTheSpireMod:TigerMarble"},{"floor":15.0,"key":"Ornamental Fan"},{"floor":23.0,"key":"Mercury Hourglass"},{"floor":26.0,"key":"Lantern"},{"floor":29.0,"key":"Pet Ghost"},{"floor":30.0,"key":"Iron Hammer"},{"floor":32.0,"key":"PureWhite:ReiMu"},{"floor":35.0,"key":"Red Skull"},{"floor":44.0,"key":"infinitespire:ShieldingShard"},{"floor":46.0,"key":"hubris:BottledRain"},{"floor":47.0,"key":"ReplayTheSpireMod:Shallot"}],"event_choices":[{"damage_healed":0.0,"max_hp_gain":0.0,"max_hp_loss":0.0,"gold_gain":0.0,"event_name":"yidonshenshe","player_choice":"»˚«Æ","floor":2.0,"gold_loss":60.0,"damage_taken":0.0,"relics_obtained":["PaintedHorse:ReiMu"]},{"damage_healed":0.0,"max_hp_gain":0.0,"max_hp_loss":0.0,"gold_gain":0.0,"event_name":"Addict","player_choice":"Obtained Relic","floor":34.0,"gold_loss":85.0,"damage_taken":0.0,"relics_obtained":["Gremlin Food"]}],"is_beta":false,"boss_relics":[{"not_picked":["hubris:BlackHole","aspiration:WatcherSkillbook"],"picked":"aspiration:PoetsPen_weak"},{"not_picked":["aspiration:SilentSkillbook","Coffee Dripper"],"picked":"Sozu"}],"items_purged_floors":[12,51],"is_endless":false,"potions_floor_spawned":[1,5,9,13,20,24,26,32,37,44,46,49,52],"ascension_level":20}}