{"host":"rhn4lzew0xv07oqp","time":1611740473,"event":{"mods":["BaseMod","Colored Map","Minty Spire (QoL Compilation)","Relic Filter Mod","Spicy Shops","StSLib"],"gold_per_floor":[117,67,67,67,67,92,92,122,122,138,138,158,11,45,45,140,140,156,71,71,21,21,21],"floor_reached":22,"language":"ZHS","playtime":523,"items_purged":["Strike_B"],"score":285,"play_id":"5750c8e9-0270-4b90-9821-1c7ba6fd2019","local_time":"20210127174113","is_ascension_mode":true,"campfire_choices":[{"data":"Self Repair","floor":7,"key":"SMITH"},{"data":"Consume","floor":11,"key":"SMITH"},{"floor":15,"key":"REST"}],"circlet_count":0,"master_deck":["Strike_B","Strike_B","Defend_B","Defend_B","Defend_B","Defend_B","Zap","Dualcast","Self Repair+1","Consume+1","Self Repair","Buffer","Ball Lightning"],"relics":["Cracked Core","NeowsBlessing","Lizard Tail","Regal Pillow","Bottled Tornado","PreservedInsect","Omamori","Smiling Mask","Black Star","Toxic Egg 2"],"acts_visited":["Exordium","TheCity"],"potions_floor_usage":[8,16,16],"damage_taken":[{"damage":0,"enemies":"Small Slimes","floor":1,"turns":1},{"damage":0,"enemies":"3 Sentries","floor":6,"turns":1},{"damage":0,"enemies":"Lagavulin","floor":8,"turns":2},{"damage":18,"enemies":"2 Louse","floor":10,"turns":3},{"damage":12,"enemies":"Jaw Worm","floor":12,"turns":5},{"damage":30,"enemies":"Gremlin Nob","floor":14,"turns":4},{"damage":93,"enemies":"Slime Boss","floor":16,"turns":13},{"damage":71,"enemies":"3 Byrds","floor":18,"turns":6},{"damage":53,"enemies":"Shell Parasite","floor":22,"turns":5}],"seed_played":"1971203577834884446","potions_obtained":[{"floor":6,"key":"BlessingOfTheForge"},{"floor":8,"key":"Energy Potion"},{"floor":12,"key":"Swift Potion"}],"is_trial":false,"path_per_floor":["M","?","$","?","T","E","R","E","T","M","R","M","$","E","R","B",null,"M","?","?","$","M"],"character_chosen":"DEFECT","items_purchased":["Omamori"],"campfire_rested":1,"item_purchase_floors":[13],"current_hp_per_floor":[75,75,75,75,75,75,75,75,75,67,67,65,65,45,75,47,75,21,21,46,46,0,0],"gold":21,"neow_bonus":"THREE_ENEMY_KILL","is_daily":false,"chose_seed":false,"campfire_upgraded":2,"win_rate":0.0,"timestamp":1611740473,"path_taken":["M","?","$","?","?","E","R","E","T","M","R","M","?","E","R","BOSS","M","?","?","$","M"],"items_purchased_type":["Relic"],"build_version":"2020-12-22","purchased_purges":1,"victory":false,"max_hp_per_floor":[75,75,75,75,75,75,75,75,75,75,75,75,75,75,75,75,75,75,75,75,75,75,75],"card_choices":[{"not_picked":["Barrage","Rebound"],"picked":"Self Repair","floor":1},{"not_picked":["Hyperbeam","Coolheaded","Turbo"],"picked":"SKIP","floor":6},{"not_picked":["Leap","Conserve Battery","Steam"],"picked":"SKIP","floor":8},{"not_picked":["Gash","Beam Cell"],"picked":"Consume","floor":10},{"not_picked":["Sunder","Hologram","Conserve Battery"],"picked":"SKIP","floor":12},{"not_picked":["White Noise","Rebound"],"picked":"Self Repair","floor":14},{"not_picked":["Fission","Creative AI"],"picked":"Buffer","floor":16},{"not_picked":["Leap+1","Conserve Battery"],"picked":"Ball Lightning","floor":18}],"player_experience":187456,"relics_obtained":[{"floor":5,"key":"Lizard Tail"},{"floor":6,"key":"Regal Pillow"},{"floor":8,"key":"Bottled Tornado"},{"floor":9,"key":"PreservedInsect"},{"floor":14,"key":"Smiling Mask"}],"event_choices":[{"cards_removed":["Strike_B"],"damage_healed":0,"gold_gain":0,"player_choice":"Card Removal","damage_taken":0,"max_hp_gain":0,"max_hp_loss":0,"event_name":"The Cleric","floor":2,"gold_loss":50},{"damage_healed":0,"gold_gain":0,"player_choice":"Ignored","damage_taken":0,"max_hp_gain":0,"max_hp_loss":0,"event_name":"Shining Light","floor":4,"gold_loss":0},{"damage_healed":0,"gold_gain":0,"player_choice":"Obtained Relic","damage_taken":0,"relics_obtained":["Toxic Egg 2"],"max_hp_gain":0,"max_hp_loss":0,"event_name":"Addict","floor":19,"gold_loss":85},{"damage_healed":25,"gold_gain":0,"player_choice":"Heal","damage_taken":0,"max_hp_gain":0,"max_hp_loss":0,"event_name":"The Library","floor":20,"gold_loss":0}],"is_beta":false,"boss_relics":[{"not_picked":["Sozu","SlaversCollar"],"picked":"Black Star"}],"items_purged_floors":[21],"is_endless":false,"potions_floor_spawned":[6,8,12],"killed_by":"Shell Parasite","ascension_level":3}}