{"host":"sum4dy402bbv9y4o","time":1611790205,"event":{"mods":["Aspiration","BaseMod","Conspire","Highlight Path","Minty Spire (QoL Compilation)","StSLib"],"gold_per_floor":[119,3,3,22,22,22,54,54,54,54,86,97,109,140,140,211,211,225,239,253,267,282,313,225,244,270,288,288,308,327,337,337,409,409,419,56,56,106,120,120,120,120],"floor_reached":41,"language":"ENG","playtime":1353,"items_purged":["conspire:GhostlyStrike","conspire:GhostlyStrike"],"score":1074,"play_id":"c5e5c8b9-e5b1-453f-99f7-6411f1fc78a4","local_time":"20210128023005","is_ascension_mode":true,"campfire_choices":[{"data":"Eruption","floor":6,"key":"SMITH"},{"data":"Consecrate","floor":8,"key":"SMITH"},{"data":"FlurryOfBlows","floor":10,"key":"SMITH"},{"data":"SashWhip","floor":15,"key":"SMITH"},{"data":"Halt","floor":28,"key":"SMITH"},{"data":"Protect","floor":32,"key":"SMITH"},{"data":"Protect","floor":40,"key":"SMITH"}],"circlet_count":0,"master_deck":["AscendersBane","conspire:GhostlyDefend","conspire:GhostlyDefend","conspire:GhostlyDefend","Eruption+1","Vigilance","FollowUp","FearNoEvil","CutThroughFate","Consecrate+1","FlurryOfBlows+1","Tantrum","FlyingSleeves","SashWhip+1","Weave","Brilliance","Protect+1","WheelKick","ThirdEye","FlurryOfBlows","Halt+1","CutThroughFate","EmptyFist","FlurryOfBlows","Protect+1","Dramatic Entrance"],"relics":["PureWater","Pen Nib","Eternal Feather","Shuriken","Incense Burner","Empty Cage","MawBank","conspire:TopHat","HornCleat"],"acts_visited":["Exordium","TheCity","TheBeyond"],"potions_floor_usage":[7,7,14,18,22,25,31,33,39,41],"damage_taken":[{"damage":0,"enemies":"Small Slimes","floor":1,"turns":2},{"damage":1,"enemies":"conspire:RoseBush","floor":4,"turns":2},{"damage":0,"enemies":"3 Sentries","floor":7,"turns":4},{"damage":12,"enemies":"Lagavulin","floor":11,"turns":4},{"damage":0,"enemies":"Cultist","floor":12,"turns":2},{"damage":2,"enemies":"Exordium Wildlife","floor":13,"turns":2},{"damage":0,"enemies":"3 Sentries","floor":14,"turns":3},{"damage":0,"enemies":"Slime Boss","floor":16,"turns":2},{"damage":9,"enemies":"3 Byrds","floor":18,"turns":3},{"damage":0,"enemies":"conspire:FuzzyDice","floor":19,"turns":4},{"damage":7,"enemies":"Snake Plant","floor":20,"turns":2},{"damage":1,"enemies":"Snecko","floor":21,"turns":3},{"damage":49,"enemies":"Shelled Parasite and Fungi","floor":22,"turns":2},{"damage":1,"enemies":"conspire:SneckoGhost","floor":23,"turns":3},{"damage":0,"enemies":"Centurion and Healer","floor":25,"turns":2},{"damage":0,"enemies":"Cultist and Chosen","floor":27,"turns":3},{"damage":3,"enemies":"Snecko","floor":29,"turns":3},{"damage":5,"enemies":"Snake Plant","floor":30,"turns":3},{"damage":6,"enemies":"Shelled Parasite and Fungi","floor":31,"turns":2},{"damage":18,"enemies":"Automaton","floor":33,"turns":5},{"damage":0,"enemies":"Orb Walker","floor":35,"turns":2},{"damage":0,"enemies":"3 Darklings","floor":39,"turns":3},{"damage":81,"enemies":"Giant Head","floor":41,"turns":5}],"seed_played":"5643283096708390860","potions_obtained":[{"floor":1,"key":"ColorlessPotion"},{"floor":5,"key":"AttackPotion"},{"floor":5,"key":"SteroidPotion"},{"floor":11,"key":"BlessingOfTheForge"},{"floor":12,"key":"Dexterity Potion"},{"floor":13,"key":"Fire Potion"},{"floor":16,"key":"PowerPotion"},{"floor":20,"key":"conspire:TimeTravelPotion"},{"floor":22,"key":"Swift Potion"},{"floor":23,"key":"AttackPotion"},{"floor":30,"key":"SkillPotion"},{"floor":31,"key":"Fruit Juice"},{"floor":33,"key":"Weak Potion"},{"floor":35,"key":"DuplicationPotion"}],"is_trial":false,"path_per_floor":["M","$","?","M","?","R","E","R","T","R","E","M","M","E","R","B",null,"M","M","M","M","M","E","$","M","T","M","R","M","M","M","R","B",null,"M","$","?","?","M","R","E"],"character_chosen":"WATCHER","items_purchased":["FearNoEvil","CutThroughFate","EmptyFist","HornCleat"],"campfire_rested":0,"item_purchase_floors":[2,2,24,36],"current_hp_per_floor":[61,61,61,60,60,60,60,60,60,68,56,56,54,54,63,63,67,58,58,51,50,50,49,49,49,49,49,64,61,56,55,70,52,68,68,68,68,68,68,73,0,0],"gold":120,"neow_bonus":"REMOVE_CARD","is_daily":false,"chose_seed":false,"campfire_upgraded":7,"win_rate":0.0,"timestamp":1611790205,"path_taken":["M","$","?","M","?","R","E","R","T","R","E","M","M","E","R","BOSS","M","M","M","?","M","E","$","M","T","M","R","M","M","M","R","BOSS","M","$","?","?","?","R","E"],"items_purchased_type":["Card","Card","Card","Relic"],"build_version":"2020-12-22","purchased_purges":2,"victory":false,"max_hp_per_floor":[68,68,68,68,68,68,68,68,68,68,68,68,68,68,68,68,68,68,68,68,68,68,68,68,68,68,68,68,68,68,73,73,73,73,73,73,73,73,73,73,73,73],"card_choices":[{"not_picked":["FlyingSleeves","Study"],"picked":"FollowUp","floor":1},{"not_picked":["Worship","ClearTheMind"],"picked":"Consecrate","floor":4},{"not_picked":["Prostrate","Wireheading"],"picked":"FlurryOfBlows","floor":7},{"not_picked":["Wireheading","WheelKick"],"picked":"Tantrum","floor":11},{"not_picked":["CrushJoints","Sanctity"],"picked":"FlyingSleeves","floor":12},{"not_picked":["JustLucky","EmptyFist"],"picked":"SashWhip","floor":13},{"not_picked":["LikeWater","Worship"],"picked":"Weave","floor":14},{"not_picked":["ConjureBlade","MasterReality"],"picked":"Brilliance","floor":16},{"not_picked":["Prostrate","WaveOfTheHand"],"picked":"Protect","floor":18},{"not_picked":["ClearTheMind","Worship"],"picked":"WheelKick","floor":19},{"not_picked":["CrushJoints","BowlingBash"],"picked":"ThirdEye","floor":20},{"not_picked":["Protect","Halt"],"picked":"FlurryOfBlows","floor":21},{"not_picked":["DeusExMachina","JustLucky"],"picked":"Halt","floor":22},{"not_picked":["Study+1","Crescendo"],"picked":"CutThroughFate","floor":23},{"not_picked":["FollowUp","WreathOfFlame","SashWhip"],"picked":"SKIP","floor":25},{"not_picked":["BowlingBash","SashWhip+1"],"picked":"FlurryOfBlows","floor":27},{"not_picked":["Swivel","Brilliance"],"picked":"Protect","floor":29},{"not_picked":["PathToVictory","Prostrate+1","FollowUp"],"picked":"SKIP","floor":30},{"not_picked":["WheelKick","FlyingSleeves","FearNoEvil+1"],"picked":"SKIP","floor":31},{"not_picked":["SashWhip","Fasting2","PathToVictory"],"picked":"SKIP","floor":35},{"not_picked":["Secret Technique","Dark Shackles"],"picked":"Dramatic Entrance","floor":37},{"not_picked":["Crescendo","InnerPeace","Prostrate"],"picked":"SKIP","floor":39}],"player_experience":3005110,"relics_obtained":[{"floor":7,"key":"Pen Nib"},{"floor":9,"key":"Eternal Feather"},{"floor":11,"key":"Shuriken"},{"floor":14,"key":"Incense Burner"},{"floor":23,"key":"MawBank"},{"floor":26,"key":"conspire:TopHat"}],"event_choices":[{"damage_healed":0,"gold_gain":0,"player_choice":"Agree","damage_taken":0,"max_hp_gain":0,"max_hp_loss":0,"event_name":"conspire:LoneGhost","floor":3,"gold_loss":0},{"damage_healed":0,"gold_gain":0,"player_choice":"Got Potions","damage_taken":0,"max_hp_gain":0,"max_hp_loss":0,"event_name":"Lab","floor":5,"gold_loss":0},{"damage_healed":0,"gold_gain":0,"player_choice":"Memory 1","damage_taken":0,"max_hp_gain":0,"max_hp_loss":0,"event_name":"SensoryStone","floor":37,"gold_loss":0},{"damage_healed":0,"gold_gain":50,"player_choice":"Pray","damage_taken":0,"max_hp_gain":0,"max_hp_loss":0,"event_name":"Golden Shrine","floor":38,"gold_loss":0}],"is_beta":false,"boss_relics":[{"not_picked":["aspiration:SilentSkillbook","Pandora\u0027s Box"],"picked":"Empty Cage"},{"not_picked":["aspiration:FutureDiary","conspire:RoyalGoblet","conspire:SeveredTorchhead"]}],"items_purged_floors":[24,36],"is_endless":false,"potions_floor_spawned":[1,11,12,13,16,20,22,23,30,31,33,35],"killed_by":"Giant Head","ascension_level":20}}