{"host":"pgm1p3lvdjflie30","time":1611718556,"event":{"mods":["AchievementEnabler","Bard","BaseMod","Colored Map","Colored Powertips","Conspire","Dark Map","Energized Spire","Gremlin Mod","GungeonMod","HornydragonMod","Minty Spire (QoL Compilation)","Nova Terra(?娃·泰拉)","Reimu（博???）","Robot Space Explorer","SOS（斯巴?之子）","StSLib","The Bug Knight","The Dragon Tamer","The Gatherer","The IronCluck","The Jungle","The Runesmith","The Saiyan","The Senshi","The Servant 0.9.4","TheHeartMod","Waifu the Spire","【?物卡牌】REMEMod"],"gold_per_floor":[117,133,58,70,70,70,145,159,159,179,79,109,123,134,134,231,231,248,259,459,471,471,471,471],"floor_reached":22,"language":"ZHS","playtime":846,"items_purged":["Gatherer:Defend_Gatherer","Normality"],"score":230,"play_id":"eddb0bba-33b8-4f5d-9e90-8290c63b52d0","local_time":"20210127113556","is_ascension_mode":false,"metric_token":1877,"campfire_choices":[{"floor":6,"key":"RECALL"},{"floor":15,"key":"REST"}],"circlet_count":0,"master_deck":["Gatherer:Strike_Gatherer","Gatherer:Strike_Gatherer","Gatherer:Strike_Gatherer","Gatherer:Defend_Gatherer","Gatherer:Defend_Gatherer","Gatherer:Defend_Gatherer","Gatherer:Centralize","Gatherer:FlowerWhip","Immolate","Gatherer:BambuSword","Gatherer:DrugPower","Gatherer:Duality","Gatherer:FlowerBeam","Gatherer:CursedBlade","Gatherer:FragileHammer","Gatherer:CarefulStrike","Gatherer:FlowerFalling","Gatherer:Overflowing","Gatherer:FlowerBeam","Gatherer:SealedBomb","Gatherer:EnergyBasket+1"],"relics":["Gatherer:AlchemyBag","REME_ComplimentaryCards","Strawberry","SlaversCollar"],"acts_visited":["Exordium","TheCity"],"potions_floor_usage":[8,10,16,16,16,16,22],"damage_taken":[{"damage":0,"enemies":"Cultist","floor":1,"turns":2},{"damage":6,"enemies":"conspire:RoseBush","floor":2,"turns":2},{"damage":0,"enemies":"Small Slimes","floor":4,"turns":2},{"damage":7,"enemies":"Exordium Wildlife","floor":8,"turns":2},{"damage":2,"enemies":"2 Fungi Beasts","floor":10,"turns":2},{"damage":4,"enemies":"Red Slaver","floor":12,"turns":5},{"damage":13,"enemies":"Red Slaver","floor":13,"turns":2},{"damage":9,"enemies":"Blue Slaver","floor":14,"turns":2},{"damage":0,"enemies":"Slime Boss","floor":16,"turns":3},{"damage":10,"enemies":"Spheric Guardian","floor":18,"turns":3},{"damage":9,"enemies":"Chosen","floor":19,"turns":2},{"damage":16,"enemies":"Snake Plant","floor":21,"turns":2},{"damage":49,"enemies":"conspire:MimicChest","floor":22,"turns":5}],"seed_played":"1197791149706533335","potions_obtained":[{"floor":4,"key":"EssenceOfSteel"},{"floor":8,"key":"Explosive Potion"},{"floor":13,"key":"EntropicBrew"},{"floor":21,"key":"BottledMiracle"}],"is_trial":false,"path_per_floor":["M","M","$","M","?","R","?","M","T","M","$","?","M","M","R","B",null,"M","M","?","M","?"],"character_chosen":"THE_GATHERER","items_purchased":[],"campfire_rested":1,"item_purchase_floors":[],"current_hp_per_floor":[51,45,45,45,45,45,34,27,27,25,25,28,15,6,29,29,79,69,60,60,44,0,0,0],"gold":471,"neow_bonus":"REMOVE_TWO","is_daily":false,"chose_seed":false,"campfire_upgraded":0,"win_rate":0.0,"timestamp":1611718556,"path_taken":["M","?","$","M","?","R","?","M","T","M","?","?","M","M","R","BOSS","M","M","?","?","?"],"items_purchased_type":[],"build_version":"2020-12-22","purchased_purges":2,"victory":false,"max_hp_per_floor":[72,72,72,72,72,72,72,72,72,72,72,79,79,79,79,79,79,79,79,79,79,79,79,79],"card_choices":[{"not_picked":["Gatherer:Convert","Gatherer:SaveValuables"],"picked":"Gatherer:BambuSword","floor":1},{"not_picked":["Gatherer:CollectorsShot","Gatherer:Convert"],"picked":"Gatherer:DrugPower","floor":2},{"not_picked":["Gatherer:AcidicSpray","Gatherer:Misfortune"],"picked":"Gatherer:Duality","floor":4},{"not_picked":["Gatherer:Frenzy","Gatherer:Liquidism"],"picked":"Gatherer:FlowerBeam","floor":8},{"not_picked":["Gatherer:AcidicSpray","Gatherer:UpgradeBag"],"picked":"Gatherer:CursedBlade","floor":10},{"not_picked":["Gatherer:Pollute","Gatherer:Polymorphism"],"picked":"Gatherer:FragileHammer","floor":12},{"not_picked":["Gatherer:WoolGloves","Gatherer:Duplicator"],"picked":"Gatherer:CarefulStrike","floor":13},{"not_picked":["Gatherer:AcidicSpray","Gatherer:Duality"],"picked":"Gatherer:FlowerFalling","floor":14},{"not_picked":["Gatherer:Photoscythe","Gatherer:FlamingBottle"],"picked":"Gatherer:Overflowing","floor":16},{"not_picked":["Gatherer:TreeGrowth","Gatherer:CollectorsShot"],"picked":"Gatherer:FlowerBeam","floor":18},{"not_picked":["Gatherer:AlchemyTrial","Gatherer:Polymorphism"],"picked":"Gatherer:SealedBomb","floor":19},{"not_picked":["Gatherer:Misfortune+1","Gatherer:GlowingPlant"],"picked":"Gatherer:EnergyBasket+1","floor":21}],"player_experience":303303,"relics_obtained":[{"floor":12,"key":"Strawberry"}],"event_choices":[{"cards_removed":["Gatherer:Strike_Gatherer"],"damage_healed":0,"gold_gain":0,"player_choice":"Forget","damage_taken":0,"max_hp_gain":0,"max_hp_loss":0,"event_name":"Living Wall","floor":5,"gold_loss":0},{"damage_healed":0,"gold_gain":75,"player_choice":"Gather Gold","damage_taken":11,"max_hp_gain":0,"max_hp_loss":0,"event_name":"World of Goop","floor":7,"gold_loss":0},{"damage_healed":0,"gold_gain":200,"player_choice":"Gold","damage_taken":0,"max_hp_gain":0,"max_hp_loss":0,"event_name":"Wheel of Change","floor":20,"gold_loss":0}],"is_beta":false,"boss_relics":[{"not_picked":["conspire:RoyalGoblet","Busted Crown"],"picked":"SlaversCollar"}],"items_purged_floors":[3,11],"is_endless":false,"potions_floor_spawned":[4,8,13,21],"killed_by":"conspire:MimicChest","ascension_level":0}}