{"host":"4kmvpqjeiacgn1pr","time":1611710015,"event":{"mods":["AchievementEnabler","BaseMod","Better Altar","Better Match","Better Note","Better Sensory Stone","Better Skull","Better Third Choice","Colored Map","Colored Powertips","Curses Come First","Highlight Path","Minty Spire (QoL Compilation)","Permanent Neow","Rare Cards Sparkle","Replay The Spire","Spicy Shops","StSLib"],"gold_per_floor":[11,105,116,76,91,91,107,123,123,123,161,124,143,186,186,307,307,328,328,341,341,54,98,118,132,158,158,174,99,99,115,115,234,234,257,257,257,282,302,302,302,302],"floor_reached":41,"language":"ENG","playtime":2468,"items_purged":["Injury"],"score":744,"play_id":"270be8a9-4cd9-4536-bb39-034b82a6d2c9","local_time":"20210126201335","is_ascension_mode":true,"campfire_choices":[{"data":"Thunderclap","floor":6,"key":"SMITH"},{"data":"Juggernaut","floor":15,"key":"SMITH"},{"data":"Combust","floor":27,"key":"SMITH"},{"data":"Sever Soul","floor":30,"key":"PURGE"},{"data":"Replay:Many Hands","floor":32,"key":"PURGE"},{"data":"Sickly","floor":40,"key":"PURGE"}],"circlet_count":0,"master_deck":["Defend_R","Bash","Armaments","Second Wind+1","Combust+1","Thunderclap+1","Juggernaut+1","Clash","Bludgeon","Carnage","Feed","Brutality","CurseOfTheBell","Pummel+1","Armaments+1","Bite","Bite","Bite","Bite","Bite","Rage+1","Replay:Undeath\u0027s Touch+1","Carnage","Defy Death","Specialist+1","ReplayTheSpireMod:Private Reserves+1","Entrench+1","Juggernaut","Bloodletting","Combust+1","Dark Embrace","ReplayTheSpireMod:Limb From Limb+1","Defy Death"],"relics":["Burning Blood","TungstenRod","CaptainsWheel","Golden Idol","Letter Opener","betterThird:SlimedRelic","Replay:PocketPolymizer","Replay:Grab Bag","Ooze Armor","Electric Blood","Calling Bell","Red Skull","Replay:Accelerometer","Peace Pipe","Ancient Tea Set","ClockworkSouvenir","Replay:Rubber Ducky","War Paint","ReplayTheSpireMod:Lightbulb","Honey Jar","ReplayTheSpireMod:Ring of Challenge","ReplayTheSpireMod:Ring of Exchange"],"acts_visited":["Exordium","TheCity","TheBeyond"],"potions_floor_usage":[7,7,13,14,16,28,31,41,41],"damage_taken":[{"damage":13,"enemies":"Small Slimes","floor":1,"turns":4},{"damage":0,"enemies":"Cultist","floor":3,"turns":4},{"damage":0,"enemies":"2 Louse","floor":5,"turns":2},{"damage":5,"enemies":"Looter","floor":7,"turns":3},{"damage":8,"enemies":"Lots of Slimes","floor":8,"turns":2},{"damage":4,"enemies":"Gremlin Nob","floor":11,"turns":4},{"damage":4,"enemies":"Large Slime","floor":13,"turns":3},{"damage":4,"enemies":"3 Sentries","floor":14,"turns":7},{"damage":25,"enemies":"Hexaghost","floor":16,"turns":10},{"damage":19,"enemies":"2 Thieves","floor":18,"turns":4},{"damage":0,"enemies":"3 Byrds","floor":20,"turns":4},{"damage":21,"enemies":"Slavers","floor":23,"turns":5},{"damage":7,"enemies":"Snake Plant","floor":24,"turns":3},{"damage":13,"enemies":"Sentry and Sphere","floor":25,"turns":4},{"damage":4,"enemies":"3 Cultists","floor":28,"turns":4},{"damage":16,"enemies":"Snake Plant","floor":31,"turns":3},{"damage":12,"enemies":"Pondfish","floor":33,"turns":7},{"damage":5,"enemies":"Orb Walker","floor":35,"turns":2},{"damage":7,"enemies":"3 Shapes","floor":38,"turns":3},{"damage":4,"enemies":"Spire Growth","floor":39,"turns":4},{"damage":101,"enemies":"Nemesis","floor":41,"turns":4}],"seed_played":"3767418998938360324","potions_obtained":[{"floor":4,"key":"Elixir"},{"floor":4,"key":"Strength Potion"},{"floor":4,"key":"DistilledChaos"},{"floor":8,"key":"Fire Potion"},{"floor":13,"key":"LiquidMemories"},{"floor":14,"key":"AttackPotion"},{"floor":16,"key":"FearPotion"},{"floor":24,"key":"FearPotion"},{"floor":25,"key":"AttackPotion"},{"floor":33,"key":"GamblersBrew"}],"is_trial":false,"path_per_floor":["M","?","M","?","M","R","M","M","T","?","E","?","M","E","R","B",null,"M","?","M","?","$","E","M","M","T","R","M","?","R","M","R","B",null,"M","?","?","M","M","R","E"],"character_chosen":"IRONCLAD","items_purchased":["ClockworkSouvenir","Replay:Rubber Ducky"],"campfire_rested":0,"item_purchase_floors":[22,22],"current_hp_per_floor":[73,73,79,79,80,80,80,78,78,59,61,51,53,55,55,36,69,59,59,69,60,60,55,59,65,65,65,67,67,67,57,57,62,66,67,67,67,67,67,67,0,0],"gold":302,"neow_bonus":"ONE_RARE_RELIC","is_daily":false,"chose_seed":false,"campfire_upgraded":3,"win_rate":0.0,"timestamp":1611710015,"path_taken":["M","?","?","?","?","R","M","M","T","?","E","?","M","E","R","BOSS","M","?","?","?","$","E","M","M","T","R","M","?","R","M","R","BOSS","M","?","?","M","?","R","E"],"items_purchased_type":["Relic","Relic"],"build_version":"2020-12-22","purchased_purges":1,"victory":false,"max_hp_per_floor":[80,80,80,80,80,80,80,80,80,80,80,80,80,80,80,80,80,83,83,87,60,60,64,64,67,67,67,67,67,67,67,67,67,67,67,67,67,67,67,67,67,67],"card_choices":[{"not_picked":["Headbutt","Clothesline"],"picked":"Armaments","floor":1},{"not_picked":["Flex","Power Through"],"picked":"Second Wind","floor":2},{"not_picked":["Armaments","Abandon"],"picked":"Combust","floor":2},{"not_picked":["Cleave","Heavy Blade"],"picked":"Thunderclap","floor":2},{"not_picked":["Uppercut","Run Through"],"picked":"ReplayTheSpireMod:Strike From Hell","floor":3},{"not_picked":["Warcry","Body Slam","True Grit"],"picked":"SKIP","floor":5},{"not_picked":["Sword Boomerang","Headbutt"],"picked":"Juggernaut","floor":7},{"not_picked":["Pommel Strike","Warcry"],"picked":"Clash","floor":8},{"not_picked":["Run Through","Body Slam"],"picked":"Bludgeon","floor":11},{"not_picked":["Flex","Heavy Blade"],"picked":"Carnage","floor":13},{"not_picked":["Wild Strike","Anger","Replay:Undeath\u0027s Touch"],"picked":"SKIP","floor":14},{"not_picked":["Exhume","Immolate"],"picked":"Brutality","floor":16},{"not_picked":["Heavy Blade","Armaments"],"picked":"Pummel+1","floor":18},{"not_picked":["Wild Strike","Warcry"],"picked":"Armaments","floor":20},{"not_picked":["Replay:Undeath\u0027s Touch","Metallicize"],"picked":"Rage+1","floor":23},{"not_picked":["Heavy Blade","Perfected Strike"],"picked":"Replay:Undeath\u0027s Touch+1","floor":24},{"not_picked":["Run Through","Power Through","Havoc"],"picked":"SKIP","floor":25},{"not_picked":["Life Link","Second Wind"],"picked":"Defy Death","floor":28},{"not_picked":["Good Instincts+1","Replay:Sssssssssstrike+1"],"picked":"Specialist+1","floor":29},{"not_picked":["Replay:Parry+1","ReplayTheSpireMod:Trickstab+1"],"picked":"ReplayTheSpireMod:Private Reserves+1","floor":29},{"not_picked":["Warcry+1","ReplayTheSpireMod:Stacked"],"picked":"Entrench+1","floor":31},{"not_picked":["Immolate","Berserk"],"picked":"Juggernaut","floor":33},{"not_picked":["Flex","Perfected Strike+1","ReplayTheSpireMod:Strike From Hell+1"],"picked":"Bloodletting","floor":35},{"not_picked":["Clash","Seeing Red","Clothesline+1"],"picked":"Dark Embrace","floor":38},{"not_picked":["Wild Strike","Havoc","Anger"],"picked":"ReplayTheSpireMod:Limb From Limb+1","floor":39}],"player_experience":356084,"relics_obtained":[{"floor":9,"key":"CaptainsWheel"},{"floor":11,"key":"Letter Opener"},{"floor":14,"key":"Replay:PocketPolymizer"},{"floor":17,"key":"Red Skull"},{"floor":17,"key":"Replay:Accelerometer"},{"floor":17,"key":"Peace Pipe"},{"floor":23,"key":"War Paint"},{"floor":26,"key":"ReplayTheSpireMod:Lightbulb"},{"floor":36,"key":"ReplayTheSpireMod:Ring of Challenge"},{"floor":36,"key":"ReplayTheSpireMod:Ring of Exchange"}],"event_choices":[{"damage_healed":0,"gold_gain":0,"player_choice":"Bought 3 Potions","damage_taken":0,"max_hp_gain":0,"max_hp_loss":0,"event_name":"The Woman in Blue","floor":4,"gold_loss":0},{"damage_healed":0,"gold_gain":0,"player_choice":"Take Damage","damage_taken":20,"relics_obtained":["Golden Idol"],"max_hp_gain":0,"max_hp_loss":0,"event_name":"Golden Idol","floor":10,"gold_loss":0},{"damage_healed":0,"gold_gain":0,"player_choice":"Slimed","damage_taken":11,"max_hp_gain":0,"max_hp_loss":0,"event_name":"betterThird:BetterGoop","floor":12,"gold_loss":37},{"damage_healed":0,"gold_gain":0,"player_choice":"Gave Potion","damage_taken":0,"relics_obtained":["Ancient Tea Set"],"max_hp_gain":0,"max_hp_loss":0,"event_name":"WeMeetAgain","floor":19,"gold_loss":0},{"damage_healed":0,"gold_gain":0,"player_choice":"Became a vampire","damage_taken":0,"max_hp_gain":0,"max_hp_loss":27,"event_name":"Vampires","floor":21,"gold_loss":0,"cards_obtained":["Bite","Bite","Bite","Bite","Bite"]},{"damage_healed":0,"gold_gain":0,"player_choice":"2","damage_taken":0,"max_hp_gain":0,"max_hp_loss":0,"event_name":"betterMatch:BetterMatch","floor":29,"gold_loss":0,"cards_obtained":["betterMatch:ColorlessUncommonCard","betterMatch:ColorlessUncommonCard"]},{"damage_healed":0,"gold_gain":0,"player_choice":"Copied","damage_taken":0,"max_hp_gain":0,"max_hp_loss":0,"event_name":"Duplicator","floor":37,"gold_loss":0,"cards_obtained":["Combust"]}],"is_beta":false,"boss_relics":[{"not_picked":["Tiny House","Ring of Chaos"],"picked":"Replay:Grab Bag"},{"not_picked":["Replay:Wanted Poster","Painkiller Herb"],"picked":"Ooze Armor"},{"not_picked":["Sozu","ReplayTheSpireMod:DimensionalGlitch"],"picked":"Electric Blood"},{"not_picked":["Replay:Drink Me","Black Star"],"picked":"Calling Bell"},{"not_picked":["Runic Dome","ChewingGum"],"picked":"Honey Jar"}],"items_purged_floors":[22],"is_endless":false,"potions_floor_spawned":[8,13,14,16,24,25,33],"killed_by":"Nemesis","ascension_level":5}}