{"host":"takgv9cv6xf64vhq","time":1611732327,"event":{"mods":["BaseMod","Colored Powertips","Hubris","LagranYue(拉格朗・月)","Marisa（F雨　魔理沙）","Minty Spire (QoL Compilation)","Replay The Spire","StSLib","The Animator","The Cursed","The Jungle","TheHeartMod"],"gold_per_floor":[113,124,124,124,140,171,171,183,183,210,210,229,229,229,229,332,332,349,366,366,164,180,208,208,208,208,219,219,229,263,282,282,378,378,393,404,415,59,77,77,112,131,158,184,184,201,201,216,216,216,216,216,59,88,88],"floor_reached":56,"language":"ZHS","playtime":6211,"items_purged":[],"score":1594,"play_id":"eb6afa7b-e0b3-4d77-8186-4294259c38ff","local_time":"20210127152527","is_ascension_mode":true,"campfire_choices":[{"data":"TheCursedMod:CursedBlade","floor":7.0,"key":"SMITH"},{"data":"TheCursedMod:CursedWand","floor":11.0,"key":"SMITH"},{"data":"TheCursedMod:FleshFromBone","floor":15.0,"key":"SMITH"},{"data":"TheCursedMod:HellsGateOpen","floor":24.0,"key":"SMITH"},{"data":"TheCursedMod:CircleOfAbyss","floor":32.0,"key":"SMITH"},{"floor":40.0,"key":"RECALL"},{"data":"TheCursedMod:NeowsMight","floor":49,"key":"SMITH"},{"data":"TheCursedMod:NeowsMight","floor":52,"key":"SMITH"}],"circlet_count":0,"master_deck":["TheCursedMod:CursedWand+1","TheCursedMod:CleanUpWorkshop","TheCursedMod:Dregs","TheCursedMod:CursedBlade+1","TheCursedMod:NeowsMight+1","TheCursedMod:Hemoplague","TheCursedMod:CursedArmor","TheCursedMod:FleshFromBone+1","TheCursedMod:SurpriseAttack+1","TheCursedMod:CursedBlade+1","TheCursedMod:CircleOfAbyss+1","TheCursedMod:CursedStaff+1","TheCursedMod:SoulCrush+1","TheCursedMod:CursedSpellbook","TheCursedMod:NeowsMight+1","TheCursedMod:ManaBullet+1","TheCursedMod:ReleasedKnowledge","TheCursedMod:SurpriseAttack+1","TheCursedMod:SoulReap+1","TheCursedMod:CursedMace+1","TheCursedMod:Hemoplague+1","Shame","TheCursedMod:HellsGateOpen+1","TheCursedMod:NeowsMight","TheCursedMod:Stretching+1","TheCursedMod:CursedAmulet","TheCursedMod:SurpriseAttack+1","Ghostly","Ghostly","Ghostly","Ghostly","Ghostly","TheCursedMod:CursedMace+1","Writhe","TheCursedMod:CursedShiv+1","TheCursedMod:SmokeScreen+1","TheCursedMod:CursedSpellbook+1","TheCursedMod:ForbiddenAlchemy+1","TheCursedMod:SmokeScreen+1","TheCursedMod:DarkBarrier+1","TheCursedMod:ManaCirculation+1","TheCursedMod:ManaCirculation+1","TheCursedMod:DemonSword+1","TheCursedMod:CircleOfBlood+1","TheCursedMod:Hemoplague+1","TheCursedMod:CursedShiv+1","TheCursedMod:CursedMace+1","TheCursedMod:SpitefulPray","TheCursedMod:DarkBarrier+1","TheCursedMod:SpitefulPray+1"],"relics":["TheCursedMod:BlackMagic101","NeowsBlessing","hubris:Towel","Simple Rune","Molten Egg 2","Eternal Feather","Dead Branch","Membership Card","Bronze Scales","Replay:Bottled Snecko","Pandora\u0027s Box","Happy Flower","DollysMirror","Blue Doll","Golden Egg","Pet Ghost","Replay:Bottled Flurry","Anchor","SacredBark","ReplayTheSpireMod:TigerMarble","Incense Burner","Lantern","LagranYue:MagicReflectiveArmorRelic","Calipers","hubris:Icosahedron","Nunchaku","ClockworkSouvenir","ReplayTheSpireMod:Lightbulb"],"acts_visited":["Exordium","TheCity","TheBeyond","TheEnding"],"potions_floor_usage":[48,48,50,54,55,55,55,55,55,55,55,55,55,55,55,55],"damage_taken":[{"damage":0.0,"enemies":"2 Louse","floor":1.0,"turns":1.0},{"damage":0.0,"enemies":"Jaw Worm","floor":2.0,"turns":1.0},{"damage":0.0,"enemies":"Cultist","floor":5.0,"turns":1.0},{"damage":17.0,"enemies":"Lagavulin","floor":6.0,"turns":3.0},{"damage":8.0,"enemies":"Lots of Slimes","floor":8.0,"turns":2.0},{"damage":19.0,"enemies":"Gremlin Nob","floor":10.0,"turns":4.0},{"damage":2.0,"enemies":"Exordium Wildlife","floor":12.0,"turns":3.0},{"damage":3.0,"enemies":"The Guardian","floor":16.0,"turns":8.0},{"damage":0.0,"enemies":"3 Byrds","floor":18.0,"turns":1.0},{"damage":0.0,"enemies":"Shell Parasite","floor":19.0,"turns":1.0},{"damage":0.0,"enemies":"Snake Plant","floor":22.0,"turns":3.0},{"damage":0.0,"enemies":"Slavers","floor":23.0,"turns":3.0},{"damage":3.0,"enemies":"Cultist and Chosen","floor":27.0,"turns":3.0},{"damage":3.0,"enemies":"Centurion and Healer","floor":29.0,"turns":3.0},{"damage":5.0,"enemies":"Gremlin Leader","floor":30.0,"turns":4.0},{"damage":0.0,"enemies":"3 Cultists","floor":31.0,"turns":2.0},{"damage":1.0,"enemies":"Champ","floor":33.0,"turns":9.0},{"damage":0.0,"enemies":"3 Darklings","floor":35.0,"turns":3.0},{"damage":0.0,"enemies":"Orb Walker","floor":36.0,"turns":1.0},{"damage":4.0,"enemies":"Transient","floor":37.0,"turns":5.0},{"damage":0.0,"enemies":"Spire Growth","floor":39.0,"turns":2.0},{"damage":2.0,"enemies":"R_Hoarder","floor":41.0,"turns":3.0},{"damage":0.0,"enemies":"3 Darklings","floor":42.0,"turns":2.0},{"damage":0.0,"enemies":"Nemesis","floor":44.0,"turns":5.0},{"damage":0,"enemies":"Sphere and 2 Shapes","floor":46,"turns":3},{"damage":0,"enemies":"Jaw Worm Horde","floor":48,"turns":3},{"damage":0,"enemies":"Awakened One","floor":50,"turns":9},{"damage":0,"enemies":"Shield and Spear","floor":54,"turns":2},{"damage":0,"enemies":"The Heart","floor":55,"turns":5}],"seed_played":"8924548399050067977","potions_obtained":[{"floor":2.0,"key":"Toxic Potion"},{"floor":4.0,"key":"LiquidBronze"},{"floor":4.0,"key":"Death Potion"},{"floor":5.0,"key":"DistilledChaos"},{"floor":12.0,"key":"Explosive Potion"},{"floor":16.0,"key":"SkillPotion"},{"floor":27.0,"key":"AttackPotion"},{"floor":30.0,"key":"PowerPotion"},{"floor":31.0,"key":"Swift Potion"},{"floor":35.0,"key":"AttackPotion"},{"floor":37.0,"key":"LiquidBronze"},{"floor":42.0,"key":"PowerPotion"}],"is_trial":false,"path_per_floor":["M","M","?","?","M","E","R","M","T","E","R","M","T","$","R","B",null,"M","M","?","$","M","E","R","?","T","M","?","M","E","M","R","B",null,"M","M","M","$","M","R","E","M","T","E","?","M","T","M","R","B",null,"R","$","E","B",null],"character_chosen":"THE_CURSED","items_purchased":["Membership Card","Bronze Scales","Replay:Bottled Snecko","TheCursedMod:HellsGateOpen","DollysMirror","Blue Doll","TheCursedMod:Stretching+1","ReplayTheSpireMod:TigerMarble","Incense Burner","TheCursedMod:ManaCirculation","TheCursedMod:DemonSword+1","Nunchaku","ClockworkSouvenir"],"campfire_rested":0,"item_purchase_floors":[14,14,14,21,21,21,21,38,38,38,38,53,53],"current_hp_per_floor":[75,75,75,75,75,58,58,50,50,31,40,38,38,3,12,9,75,75,75,75,75,75,75,75,37,37,36,36,36,36,36,37,36,37,37,37,37,37,37,37,37,37,37,37,37,37,37,37,37,37,37,37,37,37,37],"gold":88,"neow_bonus":"THREE_ENEMY_KILL","is_daily":false,"chose_seed":false,"campfire_upgraded":7,"win_rate":0.0,"timestamp":1611732327,"path_taken":["M","M","?","?","M","E","R","?","T","E","R","?","?","?","R","BOSS","M","?","?","$","M","E","R","?","T","M","?","M","E","M","R","BOSS","M","M","M","$","M","R","E","M","T","E","?","M","?","?","R","BOSS","R","$","E","BOSS"],"items_purchased_type":["Relic","Relic","Relic","Card","Relic","Relic","Card","Relic","Relic","Card","Card","Relic","Relic"],"build_version":"2020-12-22","purchased_purges":0,"victory":true,"max_hp_per_floor":[75,75,75,75,75,75,75,75,75,75,75,75,75,75,75,75,75,75,75,75,75,75,75,75,37,37,37,37,37,37,37,37,37,37,37,37,37,37,37,37,37,37,37,37,37,37,37,37,37,37,37,37,37,37,37],"card_choices":[{"not_picked":["TheCursedMod:VitalStrike","TheCursedMod:CursedMace"],"picked":"TheCursedMod:CursedBlade","floor":1.0},{"not_picked":["TheCursedMod:CursedMace","TheCursedMod:SpitefulStrike"],"picked":"TheCursedMod:NeowsMight","floor":2.0},{"not_picked":["TheCursedMod:SurpriseAttack","TheCursedMod:SpreadPlague"],"picked":"TheCursedMod:Hemoplague","floor":5.0},{"not_picked":["TheCursedMod:ReleasedStrength","TheCursedMod:RavingStaff"],"picked":"TheCursedMod:CursedArmor","floor":6.0},{"not_picked":["TheCursedMod:VitalStrike","TheCursedMod:RavingStaff"],"picked":"TheCursedMod:FleshFromBone","floor":8.0},{"not_picked":["TheCursedMod:FleshFromBone","TheCursedMod:SpreadPlague"],"picked":"TheCursedMod:SurpriseAttack+1","floor":10.0},{"not_picked":["TheCursedMod:SurpriseAttack+1","TheCursedMod:ManaBullet+1"],"picked":"TheCursedMod:CursedBlade+1","floor":12.0},{"not_picked":["TheCursedMod:ParallelWorld","TheCursedMod:NeowsMight"],"picked":"TheCursedMod:CircleOfAbyss","floor":16.0},{"not_picked":["TheCursedMod:CircleOfBlood","TheCursedMod:Wield+1"],"picked":"TheCursedMod:CursedMace+1","floor":18.0},{"not_picked":["TheCursedMod:Stigma+1","TheCursedMod:RavingStaff+1"],"picked":"TheCursedMod:Hemoplague+1","floor":19.0},{"not_picked":["TheCursedMod:LuckyCharm","TheCursedMod:CursedArmor"],"picked":"TheCursedMod:CursedAmulet","floor":22.0},{"not_picked":["TheCursedMod:SaltUponWound","TheCursedMod:AshesToAshes"],"picked":"TheCursedMod:SurpriseAttack+1","floor":23.0},{"not_picked":["TheCursedMod:AbyssShockwave+1","TheCursedMod:PrepareRite"],"picked":"TheCursedMod:CursedMace+1","floor":27.0},{"not_picked":["TheCursedMod:TroublousMinions","TheCursedMod:SoulReap+1"],"picked":"TheCursedMod:CursedShiv+1","floor":29.0},{"not_picked":["TheCursedMod:VitalStrike+1","TheCursedMod:CursedMace+1"],"picked":"TheCursedMod:SmokeScreen+1","floor":30.0},{"not_picked":["TheCursedMod:TacticalStrike+1","TheCursedMod:RavingStaff+1"],"picked":"TheCursedMod:CursedSpellbook+1","floor":31.0},{"not_picked":["TheCursedMod:DarkBarrier","TheCursedMod:ParallelWorld"],"picked":"TheCursedMod:ForbiddenAlchemy","floor":33.0},{"not_picked":["TheCursedMod:FleshFromBone","TheCursedMod:Stretching"],"picked":"TheCursedMod:SmokeScreen+1","floor":35.0},{"not_picked":["TheCursedMod:PrepareRite","TheCursedMod:SpreadPlague"],"picked":"TheCursedMod:DarkBarrier","floor":36.0},{"not_picked":["TheCursedMod:RapidMovement+1","TheCursedMod:FleshFromBone","TheCursedMod:Stigma+1"],"picked":"SKIP","floor":37.0},{"not_picked":["TheCursedMod:Obscuration","TheCursedMod:CursedMace+1"],"picked":"TheCursedMod:CircleOfBlood+1","floor":39.0},{"not_picked":["TheCursedMod:SpitefulStrike+1","TheCursedMod:Stigma+1"],"picked":"TheCursedMod:Hemoplague+1","floor":41.0},{"not_picked":["TheCursedMod:WearCloak","TheCursedMod:RavingStaff+1"],"picked":"TheCursedMod:CursedShiv+1","floor":42.0},{"not_picked":["TheCursedMod:WearCloak","TheCursedMod:Stretching"],"picked":"TheCursedMod:CursedMace+1","floor":44.0},{"not_picked":["TheCursedMod:Torture+1","TheCursedMod:TroublousMinions"],"picked":"TheCursedMod:SpitefulPray","floor":46},{"not_picked":["TheCursedMod:ReleasedKnowledge+1","TheCursedMod:Torture"],"picked":"TheCursedMod:DarkBarrier","floor":48},{"not_picked":["TheCursedMod:SmokeScreen","TheCursedMod:SurpriseAttack+1"],"picked":"TheCursedMod:SpitefulPray+1","floor":54}],"player_experience":102317,"relics_obtained":[{"floor":6.0,"key":"Simple Rune"},{"floor":9.0,"key":"Molten Egg 2"},{"floor":10.0,"key":"Eternal Feather"},{"floor":13.0,"key":"Dead Branch"},{"floor":23.0,"key":"Golden Egg"},{"floor":26.0,"key":"Pet Ghost"},{"floor":30.0,"key":"Anchor"},{"floor":41.0,"key":"Lantern"},{"floor":43.0,"key":"LagranYue:MagicReflectiveArmorRelic"},{"floor":44.0,"key":"Calipers"},{"floor":54,"key":"ReplayTheSpireMod:Lightbulb"}],"event_choices":[{"damage_healed":0.0,"max_hp_gain":0.0,"max_hp_loss":0.0,"gold_gain":0.0,"event_name":"Lab","player_choice":"Got Potions","floor":4.0,"gold_loss":0.0,"damage_taken":0.0},{"damage_healed":0.0,"max_hp_gain":0.0,"max_hp_loss":0.0,"gold_gain":0.0,"event_name":"Addict","player_choice":"Stole Relic","floor":20.0,"gold_loss":0.0,"damage_taken":0.0,"relics_obtained":["Happy Flower"],"cards_obtained":["Shame"]},{"damage_healed":0.0,"max_hp_gain":0.0,"max_hp_loss":38.0,"gold_gain":0.0,"event_name":"Ghosts","player_choice":"Became a Ghost","floor":25.0,"gold_loss":0.0,"damage_taken":0.0,"cards_obtained":["Ghostly","Ghostly","Ghostly","Ghostly","Ghostly"]},{"damage_healed":0.0,"max_hp_gain":0.0,"max_hp_loss":0.0,"gold_gain":0.0,"event_name":"The Mausoleum","player_choice":"Opened","floor":28.0,"gold_loss":0.0,"damage_taken":0.0,"relics_obtained":["Replay:Bottled Flurry"],"cards_obtained":["Writhe"]}],"is_beta":false,"boss_relics":[{"not_picked":["Philosopher\u0027s Stone","ReplayTheSpireMod:DimensionalGlitch"],"picked":"Pandora\u0027s Box"},{"not_picked":["Astrolabe","hubris:HollowSoul"],"picked":"SacredBark"}],"items_purged_floors":[],"is_endless":false,"potions_floor_spawned":[2,5,12,16,27,30,31,35,37,42,46],"ascension_level":1}}