{"host":"iilsbsc0nnz3b4nr","time":1611774745,"event":{"mods":["BaseMod","Downfall","Hubris","Infinite Spire","Minty Spire (QoL Compilation)","Shade Mod","Shedinja","StSLib","??????REMEMod"],"gold_per_floor":[99,111,111,131,22,22,22,472,492,524,524,558,470,60,80,179,179,179,192,292,307,59,72,72,72,72,98,98,109,309,309,337,337,337,337],"floor_reached":33,"language":"ENG","playtime":2826,"items_purged":["infinitespire:Pacifist"],"score":348,"play_id":"a04afd3e-6c69-4b46-af74-cde34242ce56","local_time":"20210127141225","is_ascension_mode":false,"campfire_choices":[{"floor":1,"key":"RECALL"},{"data":"hexamod:TimeWarp","floor":6,"key":"SMITH"},{"data":"hexamod:PhantomCloak","floor":13,"key":"SMITH"},{"data":"hexamod:TimeWarp","floor":18,"key":"SMITH"},{"data":"hexamod:RetreatToShadows","floor":26,"key":"SMITH"},{"data":"infinitespire:Starlight","floor":28,"key":"SMITH"},{"data":"hexamod:FastForward","floor":30,"key":"SMITH"}],"circlet_count":0,"master_deck":["hexamod:Strike","hexamod:Strike","hexamod:Strike","hexamod:Strike","hexamod:Defend","hexamod:Defend","hexamod:Defend","hexamod:Defend","hexamod:Sear","hexamod:Float","hexamod:TimeWarp+1","Guardian:Clone+1","hexamod:AdvancingGuard","hexamod:AdvancingGuard","hexamod:Hexaguard","hexamod:PhantomCloak+1","hexamod:HauntingEcho","downfall:Icky","downfall:Icky","downfall:Icky","hexamod:TimeWarp+1","hexamod:EmpoweredFlame","hexamod:StepThrough","hexamod:FourthSeal","hexamod:FirstSeal","Finesse","hexamod:GhostflameBarrier","hexamod:TimeWarp+1","hexamod:FastForward+1","hexamod:ThermalTransfer","hexamod:SpectersWail","hexamod:GhostShield","hexamod:FourthSeal","hexamod:UnleashSpirits","hexamod:RetreatToShadows+1","downfall:Bewildered","infinitespire:Starlight+1","hexamod:ExtraCrispy+1","hexamod:SecondSeal","infinitespire:Fortify","infinitespire:SevenWalls","hexamod:ShieldOfDarkness+1"],"relics":["hexamod:SpiritBrand","REME_ComplimentaryCards","Unceasing Top","Darkstone Periapt","MawBank","downfall:HeartBlessingRed","REME_HandOfSuture","hubris:EmptyBottle","Coffee Dripper","downfall:GremlinWheel","hubris:TenFootPole","Pantograph","Ancient Tea Set","hubris:Backtick","hubris:64BitClover"],"acts_visited":["Exordium","TheCity"],"potions_floor_usage":[12,15,20,20,20,20,27,27,27,32,32,33,33,33,33],"damage_taken":[{"damage":0,"enemies":"Cultist","floor":2,"turns":3},{"damage":5,"enemies":"Small Slimes","floor":4,"turns":5},{"damage":0,"enemies":"downfall:FleeingMerchant","floor":5,"turns":4},{"damage":0,"enemies":"2 Louse","floor":9,"turns":2},{"damage":9,"enemies":"3 Sentries","floor":10,"turns":7},{"damage":2,"enemies":"Lagavulin","floor":12,"turns":7},{"damage":0,"enemies":"downfall:FleeingMerchant","floor":14,"turns":4},{"damage":8,"enemies":"Gremlin Gang","floor":15,"turns":5},{"damage":46,"enemies":"IC_STATUS_ARCHETYPE","floor":16,"turns":9},{"damage":19,"enemies":"Chosen","floor":19,"turns":5},{"damage":7,"enemies":"Chosen","floor":20,"turns":4},{"damage":0,"enemies":"Shell Parasite","floor":21,"turns":3},{"damage":7,"enemies":"downfall:FleeingMerchant","floor":22,"turns":4},{"damage":24,"enemies":"Snake Plant","floor":23,"turns":6},{"damage":41,"enemies":"REME_1_Revenger","floor":27,"turns":5},{"damage":3,"enemies":"Snecko","floor":29,"turns":5},{"damage":30,"enemies":"Cultist and Chosen","floor":32,"turns":7},{"damage":155,"enemies":"DF_ARCHETYPE_CLAW","floor":33,"turns":12}],"seed_played":"-8127097760405593488","potions_obtained":[{"floor":4,"key":"hexamod:InfernoChargePotion"},{"floor":12,"key":"REME_GoldPotion"},{"floor":15,"key":"FairyPotion"},{"floor":15,"key":"Dexterity Potion"},{"floor":16,"key":"Explosive Potion"},{"floor":20,"key":"Fruit Juice"},{"floor":22,"key":"LiquidBronze"},{"floor":23,"key":"Energy Potion"},{"floor":27,"key":"hexamod:SoulburnPotion"},{"floor":27,"key":"LiquidMemories"},{"floor":32,"key":"Regen Potion"}],"is_trial":false,"path_per_floor":["R","M","?","M","$","R","T","?","M","E","?","E","R","$","M","B",null,"R","M","?","M","$","M","T","?","R","E","R","M","R","AVR","M","B"],"character_chosen":"THE_SPIRIT","items_purchased":["hexamod:PhantomCloak","hexamod:HauntingEcho","hexamod:FirstSeal","REME_HandOfSuture","hubris:EmptyBottle","Finesse","hexamod:GhostShield","hexamod:FourthSeal","hexamod:UnleashSpirits"],"campfire_rested":0,"item_purchase_floors":[5,5,14,14,14,14,22,22,22],"current_hp_per_floor":[49,49,49,44,44,44,44,44,44,35,35,33,33,33,32,21,70,70,58,68,68,68,51,51,63,63,22,22,26,26,26,18,0,0,0],"gold":337,"neow_bonus":"THREE_RARE_CARDS","is_daily":false,"chose_seed":false,"campfire_upgraded":6,"win_rate":0.0,"timestamp":1611774745,"path_taken":["R","M","?","?","$","R","T","?","M","E","?","E","R","$","M","BOSS","R","M","?","?","$","M","T","?","R","E","R","M","R","AVR","M","BOSS"],"items_purchased_type":["Card","Card","Card","Relic","Relic","Card","Card","Card","Card"],"build_version":"2020-12-22","purchased_purges":1,"victory":false,"max_hp_per_floor":[70,70,70,70,70,70,70,70,70,70,70,70,70,70,70,70,70,70,70,80,80,80,80,80,92,92,92,92,92,92,92,92,92,92,92],"card_choices":[{"not_picked":["hexamod:ForkedFlame","hexamod:TurnItUp"],"picked":"hexamod:TimeWarp","floor":0},{"not_picked":["hexamod:Firestarter","hexamod:InspiringFlames"],"picked":"hexamod:AdvancingGuard","floor":2},{"not_picked":["hexamod:BurningTouch","hexamod:HauntingEcho"],"picked":"hexamod:AdvancingGuard","floor":4},{"not_picked":["hexamod:DynamicBlow","hexamod:SwordOfDarkness"],"picked":"hexamod:Hexaguard","floor":5},{"not_picked":["hexamod:FlamesFromBeyond","hexamod:BacktrackSmack"],"picked":"hexamod:TimeWarp","floor":9},{"not_picked":["hexamod:ThermalTransfer","hexamod:Firestarter"],"picked":"hexamod:EmpoweredFlame","floor":10},{"not_picked":["hexamod:BurningTouch","hexamod:PhantomFireball"],"picked":"hexamod:StepThrough","floor":12},{"not_picked":["hexamod:SpectersWail","hexamod:TurnItUp"],"picked":"hexamod:FourthSeal","floor":14},{"not_picked":["hexamod:RainOfEmbers","hexamod:ChargedBarrage"],"picked":"hexamod:GhostflameBarrier","floor":15},{"not_picked":["hexamod:GiftsFromTheDead","hexamod:ParanormalForm"],"picked":"hexamod:TimeWarp","floor":16},{"not_picked":["hexamod:AdvancingGuard","hexamod:NightmareStrike"],"picked":"hexamod:FastForward","floor":19},{"not_picked":["hexamod:InspiringFlames","hexamod:NightmareGuise+1"],"picked":"hexamod:ThermalTransfer","floor":21},{"not_picked":["hexamod:SoulSteal","hexamod:ShieldOfDarkness"],"picked":"hexamod:SpectersWail","floor":22},{"not_picked":["hexamod:Rewind+1","hexamod:VolcanoVisage"],"picked":"hexamod:RetreatToShadows","floor":23},{"not_picked":["infinitespire:Fortify","hubris:Rewind"],"picked":"infinitespire:Starlight","floor":25},{"not_picked":["hexamod:NightmareGuise","hexamod:FlamesFromBeyond"],"picked":"hexamod:ExtraCrispy+1","floor":27},{"not_picked":["hexamod:FastForward","hexamod:CatchUp"],"picked":"hexamod:SecondSeal","floor":29},{"not_picked":["hexamod:GhostShield+1","hexamod:ThermalTransfer"],"picked":"hexamod:ShieldOfDarkness+1","floor":32}],"player_experience":182989,"relics_obtained":[{"floor":7,"key":"Unceasing Top"},{"floor":10,"key":"Darkstone Periapt"},{"floor":12,"key":"MawBank"},{"floor":20,"key":"downfall:GremlinWheel"},{"floor":24,"key":"hubris:TenFootPole"},{"floor":27,"key":"Pantograph"}],"event_choices":[{"damage_healed":0,"gold_gain":0,"player_choice":"Grow","damage_taken":0,"max_hp_gain":0,"max_hp_loss":0,"event_name":"Living Wall","floor":11,"gold_loss":0,"cards_upgraded":["hexamod:TimeWarp"]},{"damage_healed":0,"gold_gain":200,"player_choice":"Gold","damage_taken":0,"max_hp_gain":0,"max_hp_loss":0,"event_name":"Wheel of Change","floor":30,"gold_loss":0}],"is_beta":false,"boss_relics":[{"not_picked":["Snecko Eye","Runic Dome"],"picked":"Coffee Dripper"}],"items_purged_floors":[31],"is_endless":false,"potions_floor_spawned":[4,12,15,16,19,27,32],"killed_by":"DF_ARCHETYPE_CLAW","ascension_level":0}}