{"host":"ibfpjm2kz059o009","time":1611715732,"event":{"mods":["AchievementEnabler","BaseMod","Block Reminder","Colored Powertips","DeckTracker","Googly Eyes","Key Reminder","Minty Spire (QoL Compilation)","Shop Mod","Unceasing Turn Reminder","Weighted Paths"],"gold_per_floor":[114,129,144,159,109,139,139,169,181,193,193],"floor_reached":10,"language":"ENG","playtime":474,"items_purged":[],"score":78,"play_id":"be608d4d-3565-4056-97fb-d528a615c9d1","local_time":"20210126214852","daily_mods":["Heirloom","Blue Cards","Elite Swarm"],"is_ascension_mode":false,"campfire_choices":[{"floor":7,"key":"REST"}],"circlet_count":0,"master_deck":["Strike_R","Strike_R","Strike_R","Strike_R","Strike_R","Defend_R","Defend_R","Defend_R","Bash","Static Discharge","Sword Boomerang","Genetic Algorithm","Heavy Blade","Feed","Reaper"],"relics":["Burning Blood","Girya","Unceasing Top","MawBank","Centennial Puzzle"],"acts_visited":["Exordium"],"potions_floor_usage":[2,6],"damage_taken":[{"damage":5,"enemies":"2 Louse","floor":1,"turns":3},{"damage":4,"enemies":"Cultist","floor":2,"turns":4},{"damage":0,"enemies":"Small Slimes","floor":3,"turns":3},{"damage":13,"enemies":"Red Slaver","floor":4,"turns":5},{"damage":41,"enemies":"3 Sentries","floor":6,"turns":6},{"damage":27,"enemies":"Gremlin Nob","floor":8,"turns":4},{"damage":61,"enemies":"Lagavulin","floor":10,"turns":6}],"seed_played":"-8653540479942029245","potions_obtained":[{"floor":1,"key":"SkillPotion"},{"floor":3,"key":"SneckoOil"}],"is_trial":false,"path_per_floor":["M","M","M","M","?","E","R","E","T","E"],"character_chosen":"IRONCLAD","items_purchased":[],"campfire_rested":1,"item_purchase_floors":[],"current_hp_per_floor":[80,80,80,73,73,38,62,41,41,0,0],"gold":193,"neow_bonus":"","is_daily":true,"chose_seed":false,"campfire_upgraded":0,"win_rate":0.0,"timestamp":1611715732,"path_taken":["M","M","M","M","?","E","R","E","T","E"],"items_purchased_type":[],"build_version":"2020-12-22","purchased_purges":0,"victory":false,"max_hp_per_floor":[80,80,80,80,80,80,80,80,80,80,80],"card_choices":[{"not_picked":["Metallicize","Chaos"],"picked":"Static Discharge","floor":1},{"not_picked":["Anger","Steam"],"picked":"Sword Boomerang","floor":2},{"not_picked":["Loop","Cleave"],"picked":"Genetic Algorithm","floor":3},{"not_picked":["Body Slam","Undo"],"picked":"Heavy Blade","floor":4},{"not_picked":["Multi-Cast","Echo Form"],"picked":"Feed","floor":6},{"not_picked":["Meteor Strike","Juggernaut"],"picked":"Reaper","floor":8}],"player_experience":617850,"relics_obtained":[{"floor":6,"key":"Unceasing Top"},{"floor":8,"key":"MawBank"},{"floor":9,"key":"Centennial Puzzle"}],"event_choices":[{"cards_removed":["Defend_R"],"damage_healed":0,"gold_gain":0,"player_choice":"Card Removal","damage_taken":0,"max_hp_gain":0,"max_hp_loss":0,"event_name":"The Cleric","floor":5,"gold_loss":50}],"is_beta":false,"boss_relics":[],"items_purged_floors":[],"is_endless":false,"potions_floor_spawned":[1,3],"killed_by":"Lagavulin","ascension_level":0}}