{"host":"x8sop9v6zw8yitbt","time":1611786827,"event":{"mods":["BaseMod","Best Route Mod","Block Reminder","Colored Powertips","Dark Map","DeckTracker","Minty Spire (QoL Compilation)","Permanent Neow","Quick Restart","Relic Stats","Slay-I","StSLib"],"gold_per_floor":[109,59,59,77,95,95,122,122,122,153,2,2,22,49,49,144,144,158,158,158,158],"floor_reached":20,"language":"ENG","playtime":630,"items_purged":["Defend_G"],"score":200,"play_id":"2907fb8e-8418-4083-82b3-fe2cb5c9a8ee","local_time":"20210127173347","is_ascension_mode":true,"campfire_choices":[{"data":"Neutralize","floor":6.0,"key":"SMITH"},{"data":"Flying Knee","floor":8.0,"key":"SMITH"},{"floor":12.0,"key":"REST"},{"data":"Noxious Fumes","floor":15,"key":"SMITH"}],"circlet_count":0,"master_deck":["Survivor","Neutralize+1","CurseOfTheBell","Dodge and Roll+1","Leg Sweep+1","Flying Knee+1","Noxious Fumes+1","Deadly Poison+1","Doppelganger+1","Underhanded Strike","Bouncing Flask+1","Tactician+1","Backstab","Skewer","Storm of Steel+1","Masterful Stab","Envenom","Deadly Poison+1"],"relics":["Calling Bell","Juzu Bracelet","Toxic Egg 2","Du-Vu Doll","Lizard Tail","Pantograph","CaptainsWheel","Whetstone","Pandora\u0027s Box","Darkstone Periapt","NlothsMask"],"acts_visited":["Exordium","TheCity"],"potions_floor_usage":[],"damage_taken":[{"damage":0.0,"enemies":"2 Louse","floor":1.0,"turns":3.0},{"damage":0.0,"enemies":"Jaw Worm","floor":4.0,"turns":6.0},{"damage":1.0,"enemies":"Cultist","floor":5.0,"turns":4.0},{"damage":18.0,"enemies":"3 Sentries","floor":7.0,"turns":16.0},{"damage":22.0,"enemies":"Gremlin Nob","floor":10.0,"turns":5.0},{"damage":4,"enemies":"Exordium Wildlife","floor":13,"turns":6},{"damage":20,"enemies":"3 Sentries","floor":14,"turns":9},{"damage":16,"enemies":"Slime Boss","floor":16,"turns":10},{"damage":0,"enemies":"Chosen","floor":18,"turns":3}],"seed_played":"7014536793499584724","potions_obtained":[{"floor":4.0,"key":"CultistPotion"},{"floor":10.0,"key":"LiquidMemories"},{"floor":14,"key":"SteroidPotion"},{"floor":16,"key":"Weak Potion"}],"is_trial":false,"path_per_floor":["M","?","?","M","M","R","E","R","T","E","$","R","M","E","R","B",null,"M","?","?"],"character_chosen":"THE_SILENT","items_purchased":["Noxious Fumes"],"campfire_rested":1,"item_purchase_floors":[11],"current_hp_per_floor":[70,70,70,70,69,69,51,51,51,29,29,50,46,26,26,35,70,70,70,70,70],"gold":158,"neow_bonus":"BOSS_RELIC","is_daily":false,"chose_seed":false,"campfire_upgraded":3,"win_rate":0.0,"timestamp":1611786827,"path_taken":["M","?","?","M","M","R","E","R","T","E","?","R","M","E","R","BOSS","M","?","?"],"items_purchased_type":["Card"],"build_version":"2020-12-22","purchased_purges":1,"victory":false,"max_hp_per_floor":[70,70,70,70,70,70,70,70,70,70,70,70,70,70,70,70,70,70,70,70,70],"relic_stats":{"Darkstone Periapt":0,"Lizard Tail":0,"counters":[9,62],"Pantograph":25,"Pandora\u0027s Box":["Underhanded Strike","Bouncing Flask","Tactician","Backstab","Skewer","Storm of Steel","Masterful Stab","Envenom"],"Juzu Bracelet":0,"Whetstone":["Strike_G","Strike_G"],"obtain_stats":[{"Calling Bell":0,"Du-Vu Doll":0,"Darkstone Periapt":19,"Lizard Tail":7,"CaptainsWheel":10,"Pantograph":9,"Pandora\u0027s Box":17,"Juzu Bracelet":0,"Whetstone":14,"Toxic Egg 2":0,"Ring of the Snake":0,"NlothsMask":20},{"Calling Bell":0,"Du-Vu Doll":0,"Darkstone Periapt":9,"Lizard Tail":4,"CaptainsWheel":5,"Pantograph":4,"Pandora\u0027s Box":8,"Juzu Bracelet":0,"Whetstone":7,"Toxic Egg 2":0,"Ring of the Snake":0,"NlothsMask":9},{"Calling Bell":0,"Du-Vu Doll":0,"Darkstone Periapt":62,"Lizard Tail":29,"CaptainsWheel":34,"Pantograph":29,"Pandora\u0027s Box":59,"Juzu Bracelet":0,"Whetstone":49,"Toxic Egg 2":0,"Ring of the Snake":0,"NlothsMask":62}]},"card_choices":[{"not_picked":["Expertise+1","Slice"],"picked":"Dodge and Roll+1","floor":1.0},{"not_picked":["Slice","PiercingWail+1","Poisoned Stab"],"picked":"SKIP","floor":4.0},{"not_picked":["Dash","Crippling Poison+1"],"picked":"Leg Sweep+1","floor":5.0},{"not_picked":["Dagger Throw","PiercingWail+1"],"picked":"Flying Knee","floor":7.0},{"not_picked":["Flechettes","Dagger Throw","Masterful Stab"],"picked":"SKIP","floor":10.0},{"not_picked":["Expertise+1","Slice"],"picked":"Deadly Poison+1","floor":13},{"not_picked":["Cloak And Dagger+1","Acrobatics+1"],"picked":"Doppelganger+1","floor":14},{"not_picked":["Bane","Bouncing Flask+1"],"picked":"Deadly Poison+1","floor":18}],"player_experience":859689,"relics_obtained":[{"floor":0.0,"key":"Juzu Bracelet"},{"floor":0.0,"key":"Toxic Egg 2"},{"floor":0.0,"key":"Du-Vu Doll"},{"floor":7.0,"key":"Lizard Tail"},{"floor":9.0,"key":"Pantograph"},{"floor":10.0,"key":"CaptainsWheel"},{"floor":14,"key":"Whetstone"}],"event_choices":[{"cards_removed":["Defend_G"],"damage_healed":0.0,"max_hp_gain":0.0,"max_hp_loss":0.0,"gold_gain":0.0,"event_name":"The Cleric","player_choice":"Card Removal","floor":2.0,"gold_loss":50.0,"damage_taken":0.0},{"damage_healed":0.0,"max_hp_gain":0.0,"max_hp_loss":0.0,"gold_gain":0.0,"event_name":"Liars Game","player_choice":"Ignored","floor":3.0,"gold_loss":0.0,"damage_taken":0.0},{"damage_healed":0,"gold_gain":0,"player_choice":"Opened","damage_taken":0,"relics_obtained":["Darkstone Periapt"],"max_hp_gain":0,"max_hp_loss":0,"event_name":"The Mausoleum","floor":19,"gold_loss":0},{"damage_healed":0,"gold_gain":0,"player_choice":"Trade","damage_taken":0,"relics_obtained":["NlothsMask"],"max_hp_gain":0,"max_hp_loss":0,"event_name":"FaceTrader","floor":20,"gold_loss":0}],"is_beta":false,"boss_relics":[{"not_picked":["Ectoplasm","Runic Pyramid"],"picked":"Pandora\u0027s Box"}],"items_purged_floors":[11],"is_endless":false,"potions_floor_spawned":[4,10,14,16],"ascension_level":1}}