{"host":"kpyf5rnb72uwap8k","time":1611716284,"event":{"mods":["AchievementEnabler","BaseMod","Colored Map","Colored Powertips","DeckTracker","Minty Spire (QoL Compilation)","Permanent Neow","Quick Restart","StSLib","SuperFastMode"],"gold_per_floor":[117,44,64,139,89,119,119,133,181,215,233,247,93,107,107,202,202,221,231,241,340,340,372,385,385,385,92,92,92,8,25,25,123,123,142,7,25,25,36,36,53,53,128,128,162,178,228,240,240,240],"floor_reached":51,"language":"KOR","playtime":2427,"items_purged":["Tactician","Strike_G","Strike_G","Catalyst+1"],"score":768,"play_id":"b74cd580-3cfa-4880-b427-95c5e3c6a094","local_time":"20210127115804","is_ascension_mode":true,"campfire_choices":[{"data":"Neutralize","floor":7,"key":"SMITH"},{"floor":15,"key":"REST"},{"floor":25,"key":"REST"},{"floor":29,"key":"REST"},{"floor":32,"key":"REST"},{"floor":40,"key":"REST"},{"floor":42,"key":"REST"},{"floor":49,"key":"REST"}],"circlet_count":0,"master_deck":["Defend_G","Defend_G","Defend_G","Defend_G","Survivor","Neutralize+1","Flying Knee","Adrenaline","Footwork","Quick Slash","Quick Slash","Dash","Acrobatics","Adrenaline","Slice","Backflip+1","PiercingWail","PiercingWail","Necronomicurse","Underhanded Strike","PiercingWail+1","Die Die Die+1","Underhanded Strike+1","Backstab+1","Underhanded Strike+1","Backstab+1"],"relics":["Ring of the Snake","NeowsBlessing","Ancient Tea Set","Boot","HornCleat","Fusion Hammer","Toy Ornithopter","StoneCalendar","The Courier","Membership Card","Centennial Puzzle","Blood Vial","Necronomicon","Astrolabe","Molten Egg 2","Anchor","Thread and Needle"],"acts_visited":["Exordium","TheCity","TheBeyond"],"potions_floor_usage":[16,20,20,33,33,33,50,50,50],"damage_taken":[{"damage":0,"enemies":"Small Slimes","floor":1,"turns":1},{"damage":0,"enemies":"Jaw Worm","floor":3,"turns":1},{"damage":0,"enemies":"Lagavulin","floor":6,"turns":1},{"damage":0,"enemies":"Cultist","floor":8,"turns":4},{"damage":31,"enemies":"3 Sentries","floor":10,"turns":15},{"damage":4,"enemies":"Exordium Wildlife","floor":11,"turns":4},{"damage":0,"enemies":"Blue Slaver","floor":12,"turns":5},{"damage":6,"enemies":"3 Louse","floor":14,"turns":4},{"damage":23,"enemies":"Hexaghost","floor":16,"turns":15},{"damage":20,"enemies":"Spheric Guardian","floor":18,"turns":6},{"damage":1,"enemies":"Shell Parasite","floor":19,"turns":4},{"damage":12,"enemies":"Cultist and Chosen","floor":20,"turns":9},{"damage":9,"enemies":"Book of Stabbing","floor":23,"turns":9},{"damage":1,"enemies":"Snake Plant","floor":24,"turns":6},{"damage":1,"enemies":"Shelled Parasite and Fungi","floor":31,"turns":4},{"damage":42,"enemies":"Champ","floor":33,"turns":9},{"damage":0,"enemies":"3 Shapes","floor":35,"turns":2},{"damage":0,"enemies":"3 Darklings","floor":37,"turns":3},{"damage":0,"enemies":"Jaw Worm Horde","floor":39,"turns":3},{"damage":0,"enemies":"Writhing Mass","floor":41,"turns":6},{"damage":2,"enemies":"Reptomancer","floor":45,"turns":7},{"damage":0,"enemies":"Spire Growth","floor":46,"turns":3},{"damage":0,"enemies":"Mind Bloom Boss Battle","floor":47,"turns":5},{"damage":11,"enemies":"4 Shapes","floor":48,"turns":5},{"damage":57,"enemies":"Donu and Deca","floor":50,"turns":13}],"seed_played":"5478007384915283587","potions_obtained":[{"floor":6,"key":"BlessingOfTheForge"},{"floor":10,"key":"Swift Potion"},{"floor":11,"key":"Poison Potion"},{"floor":16,"key":"Energy Potion"},{"floor":20,"key":"CultistPotion"},{"floor":23,"key":"PowerPotion"},{"floor":35,"key":"Poison Potion"}],"is_trial":false,"path_per_floor":["M","$","M","?","?","E","R","M","T","E","M","M","$","M","R","B",null,"M","M","M","?","?","E","M","R","T","$","?","R","$","M","R","B",null,"M","$","M","?","M","R","M","R","T","?","E","M","?","M","R","B",null],"character_chosen":"THE_SILENT","items_purchased":["Adrenaline","Dash","Membership Card","Centennial Puzzle","Blood Vial","Underhanded Strike","GhostInAJar","Block Potion"],"campfire_rested":7,"item_purchase_floors":[2,13,27,27,27,30,36,36],"current_hp_per_floor":[70,70,70,59,59,59,59,59,59,28,24,24,24,18,39,16,70,50,49,37,37,37,28,27,48,48,48,32,53,53,54,70,28,70,70,70,70,70,70,70,70,70,70,70,68,70,70,59,70,13],"gold":240,"neow_bonus":"THREE_ENEMY_KILL","is_daily":false,"chose_seed":false,"campfire_upgraded":1,"win_rate":0.0,"timestamp":1611716284,"path_taken":["M","$","M","?","?","E","R","M","T","E","M","M","?","M","R","BOSS","M","?","M","?","?","E","M","R","T","?","?","R","$","M","R","BOSS","M","$","M","?","M","R","M","R","T","?","E","M","?","M","R","BOSS"],"items_purchased_type":["Card","Card","Relic","Relic","Relic","Card","Potion","Potion"],"build_version":"2020-12-22","purchased_purges":4,"victory":true,"max_hp_per_floor":[70,70,70,70,70,70,70,70,70,70,70,70,70,70,70,70,70,70,70,70,70,70,70,70,70,70,70,70,70,70,70,70,70,70,70,70,70,70,70,70,70,70,70,70,70,70,70,70,70,70],"card_choices":[{"not_picked":["Blade Dance","Acrobatics"],"picked":"Flying Knee","floor":1},{"not_picked":["Quick Slash","Outmaneuver","Blade Dance"],"picked":"SKIP","floor":3},{"not_picked":["Skewer","Blade Dance"],"picked":"Tactician","floor":6},{"not_picked":["Bouncing Flask","Escape Plan"],"picked":"Footwork","floor":8},{"not_picked":["Outmaneuver","Accuracy","Choke"],"picked":"SKIP","floor":10},{"not_picked":["Bane","Catalyst"],"picked":"Quick Slash","floor":11},{"not_picked":["Flying Knee","Deadly Poison"],"picked":"Quick Slash","floor":12},{"not_picked":["Wraith Form v2","Dodge and Roll"],"picked":"Acrobatics","floor":14},{"not_picked":["After Image","Malaise"],"picked":"Adrenaline","floor":16},{"not_picked":["Cloak And Dagger","Dodge and Roll"],"picked":"Slice","floor":18},{"not_picked":["Cloak And Dagger","Slice"],"picked":"Backflip+1","floor":19},{"not_picked":["Deadly Poison","Deflect+1"],"picked":"PiercingWail","floor":20},{"not_picked":["Deadly Poison+1","Sucker Punch","Prepared"],"picked":"SKIP","floor":23},{"not_picked":["Slice","Poisoned Stab"],"picked":"PiercingWail","floor":24},{"not_picked":["Prepared","Doppelganger"],"picked":"PiercingWail+1","floor":31},{"not_picked":["Infinite Blades+1","PiercingWail","Expertise"],"picked":"SKIP","floor":35},{"not_picked":["Outmaneuver+1","Noxious Fumes"],"picked":"Endless Agony+1","floor":37},{"not_picked":["Dodge and Roll+1","Flying Knee","Dagger Throw+1"],"picked":"SKIP","floor":39},{"not_picked":["Dagger Throw","Quick Slash","PiercingWail"],"picked":"SKIP","floor":41},{"not_picked":["Unload+1","Skewer+1"],"picked":"Backstab+1","floor":45},{"not_picked":["Sucker Punch+1","Quick Slash+1"],"picked":"Underhanded Strike+1","floor":46},{"not_picked":["Storm of Steel","Leg Sweep"],"picked":"Backstab+1","floor":48}],"player_experience":183568,"relics_obtained":[{"floor":6,"key":"Ancient Tea Set"},{"floor":9,"key":"Boot"},{"floor":10,"key":"HornCleat"},{"floor":23,"key":"StoneCalendar"},{"floor":26,"key":"The Courier"},{"floor":28,"key":"Necronomicon"},{"floor":43,"key":"Molten Egg 2"},{"floor":45,"key":"Anchor"},{"floor":47,"key":"Thread and Needle"}],"event_choices":[{"damage_healed":0,"gold_gain":75,"player_choice":"Gather Gold","damage_taken":11,"max_hp_gain":0,"max_hp_loss":0,"event_name":"World of Goop","floor":4,"gold_loss":0},{"cards_removed":["Strike_G"],"damage_healed":0,"gold_gain":0,"player_choice":"Card Removal","damage_taken":0,"max_hp_gain":0,"max_hp_loss":0,"event_name":"The Cleric","floor":5,"gold_loss":50},{"damage_healed":0,"gold_gain":99,"player_choice":"Stole From Cult","damage_taken":0,"max_hp_gain":0,"max_hp_loss":0,"event_name":"Nest","floor":21,"gold_loss":0},{"damage_healed":0,"gold_gain":0,"player_choice":"Opened","damage_taken":0,"relics_obtained":["Toy Ornithopter"],"max_hp_gain":0,"max_hp_loss":0,"event_name":"The Mausoleum","floor":22,"gold_loss":0},{"damage_healed":0,"gold_gain":0,"player_choice":"Obtained Book","damage_taken":16,"max_hp_gain":0,"max_hp_loss":0,"event_name":"Cursed Tome","floor":28,"gold_loss":0},{"damage_healed":0,"gold_gain":0,"player_choice":"Memory 1","damage_taken":0,"max_hp_gain":0,"max_hp_loss":0,"event_name":"SensoryStone","floor":38,"gold_loss":0},{"cards_removed":["Endless Agony"],"damage_healed":0,"gold_gain":0,"player_choice":"Removed Attack","damage_taken":0,"max_hp_gain":0,"max_hp_loss":0,"event_name":"Falling","floor":44,"gold_loss":0},{"damage_healed":0,"gold_gain":0,"player_choice":"Fight","damage_taken":0,"max_hp_gain":0,"max_hp_loss":0,"event_name":"MindBloom","floor":47,"gold_loss":0}],"is_beta":false,"boss_relics":[{"not_picked":["Philosopher\u0027s Stone","Snecko Eye"],"picked":"Fusion Hammer"},{"not_picked":["Black Star","Tiny House"],"picked":"Astrolabe"}],"items_purged_floors":[13,27,30,36],"is_endless":false,"potions_floor_spawned":[6,10,11,12,16,20,23,24,35,41,45],"ascension_level":1}}