{"host":"61r95uy0hn86b9iu","time":1611710660,"event":{"mods":["AchievementEnabler","BaseMod","Better Vampires","BetterRewards","Colored Powertips","Hubris","Minty Spire (QoL Compilation)","Shop Mod","StSLib"],"gold_per_floor":[111,122,122,197,197,197,197,223,300,300,300,22,52,15,15,15,15],"floor_reached":16,"language":"ENG","playtime":487,"items_purged":[],"score":274,"play_id":"dc667f74-0e62-4474-b54b-d22914f74dad","local_time":"20210126192420","is_ascension_mode":true,"campfire_choices":[{"data":"Dualcast","floor":6.0,"key":"SMITH"},{"floor":11.0,"key":"REST"},{"floor":15,"key":"REST"}],"circlet_count":0,"master_deck":["AscendersBane","Strike_B","Strike_B","Strike_B","Strike_B","Defend_B","Defend_B","Defend_B","Defend_B","Zap+1","Dualcast+1","FTL","Leap","Double Energy","Coolheaded","Capacitor","Conserve Battery","Self Repair"],"relics":["hubris:DeckOfHolding","Eternal Feather","Juzu Bracelet","Pantograph","hubris:Towel","DataDisk"],"acts_visited":["Exordium"],"potions_floor_usage":[],"damage_taken":[{"damage":4.0,"enemies":"Small Slimes","floor":1.0,"turns":3.0},{"damage":0.0,"enemies":"Jaw Worm","floor":2.0,"turns":4.0},{"damage":28.0,"enemies":"3 Sentries","floor":8.0,"turns":11.0},{"damage":43,"enemies":"Hexaghost","floor":16,"turns":9}],"seed_played":"-7152516734483105248","potions_obtained":[{"floor":2.0,"key":"EssenceOfSteel"},{"floor":7.0,"key":"Ancient Potion"},{"floor":7.0,"key":"Weak Potion"},{"floor":8.0,"key":"FairyPotion"}],"is_trial":false,"path_per_floor":["M","M","$","?","?","R","?","E","T","?","R","$","?","$","R","B"],"character_chosen":"DEFECT","items_purchased":["FTL","Leap","Double Energy","DataDisk","Capacitor","Conserve Battery","Self Repair"],"campfire_rested":2,"item_purchase_floors":[0,0,0,12,12,12,14],"current_hp_per_floor":[39,39,39,28,28,37,37,9,9,9,36,36,36,36,61,18,18],"gold":15,"neow_bonus":"","is_daily":false,"chose_seed":false,"campfire_upgraded":1,"win_rate":0.0,"timestamp":1611710660,"path_taken":["M","M","$","?","?","R","?","E","T","?","R","$","?","$","R","BOSS"],"items_purchased_type":["Card","Card","Card","Relic","Card","Card","Card"],"build_version":"2020-12-22","purchased_purges":0,"victory":false,"max_hp_per_floor":[61,61,61,61,61,61,61,61,61,61,61,61,61,61,61,61,61],"card_choices":[{"not_picked":["Cold Snap","Stack"],"picked":"Coolheaded","floor":1.0},{"not_picked":["Stack","Turbo","Ball Lightning"],"picked":"SKIP","floor":2.0},{"not_picked":["Storm","Leap","FTL"],"picked":"SKIP","floor":8.0}],"player_experience":3316878,"relics_obtained":[{"floor":8.0,"key":"Juzu Bracelet"},{"floor":9.0,"key":"Pantograph"}],"event_choices":[{"damage_healed":0.0,"max_hp_gain":0.0,"max_hp_loss":0.0,"gold_gain":75.0,"event_name":"World of Goop","player_choice":"Gather Gold","floor":4.0,"gold_loss":0.0,"damage_taken":11.0},{"damage_healed":0.0,"max_hp_gain":0.0,"max_hp_loss":0.0,"gold_gain":0.0,"event_name":"Lab","player_choice":"Got Potions","floor":7.0,"gold_loss":0.0,"damage_taken":0.0},{"damage_healed":0,"gold_gain":30,"player_choice":"Searched \u00271\u0027 times","damage_taken":0,"max_hp_gain":0,"max_hp_loss":0,"event_name":"Dead Adventurer","floor":13,"gold_loss":0}],"is_beta":false,"boss_relics":[],"items_purged_floors":[],"is_endless":false,"potions_floor_spawned":[2,8],"killed_by":"Hexaghost","ascension_level":18}}