{"host":"2smcgt1ki1qcud40","time":1611780739,"event":{"mods":["BaseMod","Minty Spire (QoL Compilation)"],"gold_per_floor":[360,372,383,81,96,96,123,123,147,147,179,189,114,114,114,114,114],"floor_reached":16,"language":"ENG","playtime":584,"items_purged":["Doubt"],"score":193,"play_id":"8068d4ae-d3a3-42f3-9ab2-43476b226726","local_time":"20210127215219","is_ascension_mode":true,"campfire_choices":[{"data":"Envenom","floor":6.0,"key":"SMITH"},{"floor":8.0,"key":"REST"},{"data":"Deadly Poison","floor":10.0,"key":"SMITH"},{"floor":15,"key":"REST"}],"circlet_count":0,"master_deck":["AscendersBane","Strike_G","Strike_G","Strike_G","Defend_G","Defend_G","Defend_G","Defend_G","Defend_G+1","Survivor","Neutralize","Bouncing Flask+1","Deadly Poison+1","Envenom+1","Bane","Wraith Form v2","PiercingWail"],"relics":["Ring of the Snake","Bronze Scales","War Paint","Lantern","Bag of Preparation"],"acts_visited":["Exordium"],"potions_floor_usage":[],"damage_taken":[{"damage":7.0,"enemies":"Cultist","floor":1.0,"turns":4.0},{"damage":2.0,"enemies":"Small Slimes","floor":2.0,"turns":5.0},{"damage":3.0,"enemies":"2 Louse","floor":3.0,"turns":3.0},{"damage":12.0,"enemies":"Large Slime","floor":5.0,"turns":6.0},{"damage":25.0,"enemies":"Lagavulin","floor":7.0,"turns":5.0},{"damage":2,"enemies":"Gremlin Nob","floor":11,"turns":4},{"damage":14,"enemies":"Gremlin Gang","floor":12,"turns":5},{"damage":22,"enemies":"The Guardian","floor":16,"turns":8}],"seed_played":"3690124109456129840","potions_obtained":[{"floor":2.0,"key":"Block Potion"},{"floor":3.0,"key":"LiquidBronze"},{"floor":7.0,"key":"Ancient Potion"}],"is_trial":false,"path_per_floor":["M","M","M","$","M","R","E","R","T","R","E","M","?","?","R","B"],"character_chosen":"THE_SILENT","items_purchased":["Envenom","Bronze Scales"],"campfire_rested":2,"item_purchase_floors":[4,4],"current_hp_per_floor":[52,50,47,47,35,35,10,29,29,29,27,13,13,13,32,10,10],"gold":114,"neow_bonus":"TWO_FIFTY_GOLD","is_daily":false,"chose_seed":false,"campfire_upgraded":2,"win_rate":0.0,"timestamp":1611780739,"path_taken":["M","M","M","$","M","R","E","R","T","R","E","M","?","?","R","BOSS"],"items_purchased_type":["Card","Relic"],"build_version":"2020-12-22","purchased_purges":1,"victory":false,"max_hp_per_floor":[66,66,66,66,66,66,66,66,66,66,66,66,66,66,66,66,66],"card_choices":[{"not_picked":["Leg Sweep","Outmaneuver"],"picked":"Bouncing Flask","floor":1.0},{"not_picked":["Bane","Backflip"],"picked":"Deadly Poison","floor":2.0},{"not_picked":["Poisoned Stab","Distraction","Riddle With Holes"],"picked":"SKIP","floor":3.0},{"not_picked":["Underhanded Strike","Slice"],"picked":"Bane","floor":5.0},{"not_picked":["Riddle With Holes","Underhanded Strike"],"picked":"Wraith Form v2","floor":7.0},{"not_picked":["Distraction","Masterful Stab","Riddle With Holes"],"picked":"SKIP","floor":11},{"not_picked":["Outmaneuver","Endless Agony"],"picked":"PiercingWail","floor":12}],"player_experience":675724,"relics_obtained":[{"floor":7.0,"key":"War Paint"},{"floor":9.0,"key":"Lantern"},{"floor":11,"key":"Bag of Preparation"}],"event_choices":[{"cards_removed":["Strike_G"],"damage_healed":0,"gold_gain":0,"player_choice":"Card Removal","damage_taken":0,"max_hp_gain":0,"max_hp_loss":0,"event_name":"The Cleric","floor":13,"gold_loss":75},{"cards_removed":["Strike_G"],"damage_healed":0,"gold_gain":0,"player_choice":"Purged","damage_taken":0,"max_hp_gain":0,"max_hp_loss":0,"event_name":"Purifier","floor":14,"gold_loss":0}],"is_beta":false,"boss_relics":[],"items_purged_floors":[4],"is_endless":false,"potions_floor_spawned":[2,3,7,12],"killed_by":"The Guardian","ascension_level":15}}