{"host":"skr63qsdfgeey3it","time":1611721948,"event":{"mods":["BaseMod","Colored Map","Hubris","Minty Spire (QoL Compilation)","Replay The Spire","Spicy Shops","StSLib"],"gold_per_floor":[117,39,53,17,17,17,28,55,79,127,127,11,60,73,73,158,158,184,210,210,210,210],"floor_reached":21,"language":"ENG","playtime":640,"items_purged":[],"score":292,"play_id":"972ad164-4680-4b63-a06a-6728aed5785d","local_time":"20210126223228","is_ascension_mode":true,"campfire_choices":[{"data":"Footwork","floor":6,"key":"SMITH"},{"floor":11,"key":"REST"},{"floor":15,"key":"REST"}],"circlet_count":0,"master_deck":["AscendersBane","Strike_G","Strike_G","Strike_G","Strike_G","Strike_G","Defend_G","Defend_G","Defend_G","Defend_G","Defend_G","Survivor","Neutralize","Accuracy","Noxious Fumes","Footwork+1","Deadly Poison","ReplayTheSpireMod:Speed Training","Shame","Toxin Wave","Atom Bomb","ReplayTheSpireMod:Scrap Shanks","Deadly Poison"],"relics":["Ring of the Snake","NeowsBlessing","TheAbacus","Juzu Bracelet","CeramicFish","Lantern","Replay:Baseball","Painkiller Herb"],"acts_visited":["Exordium","TheCity"],"potions_floor_usage":[8,14,14,21,21],"damage_taken":[{"damage":0,"enemies":"Cultist","floor":1,"turns":1},{"damage":0,"enemies":"2 Louse","floor":3,"turns":1},{"damage":0,"enemies":"Jaw Worm","floor":7,"turns":1},{"damage":49,"enemies":"Gremlin Nob","floor":8,"turns":5},{"damage":5,"enemies":"Lots of Slimes","floor":14,"turns":3},{"damage":48,"enemies":"Hexaghost","floor":16,"turns":12},{"damage":39,"enemies":"2 Thieves","floor":18,"turns":4},{"damage":10,"enemies":"Chosen","floor":19,"turns":4},{"damage":6,"enemies":"Snake Plant","floor":21,"turns":2}],"seed_played":"5367270285967579588","potions_obtained":[{"floor":1,"key":"Reflective Coating"},{"floor":5,"key":"Energy Potion"},{"floor":13,"key":"GamblersBrew"},{"floor":16,"key":"Strength Potion"},{"floor":18,"key":"Poison Potion"}],"is_trial":false,"path_per_floor":["M","$","M","$","?","R","M","E","T","T","R","$","?","M","R","B",null,"?","?","?","?"],"character_chosen":"THE_SILENT","items_purchased":["TheAbacus","Footwork","ReplayTheSpireMod:Speed Training","Replay:Baseball"],"campfire_rested":2,"item_purchase_floors":[2,4,12,12],"current_hp_per_floor":[63,63,63,63,63,63,63,14,14,14,35,35,35,30,51,3,53,14,4,4,0,0],"gold":210,"neow_bonus":"THREE_ENEMY_KILL","is_daily":false,"chose_seed":false,"campfire_upgraded":1,"win_rate":0.0,"timestamp":1611721948,"path_taken":["M","?","M","?","?","R","?","E","T","?","R","$","?","M","R","BOSS","?","?","?","?"],"items_purchased_type":["Relic","Card","Card","Relic"],"build_version":"2020-12-22","purchased_purges":0,"victory":false,"max_hp_per_floor":[70,70,70,70,70,70,70,70,70,70,70,70,70,70,70,70,70,70,70,70,70,70],"card_choices":[{"not_picked":["Tactician","Poisoned Stab"],"picked":"Accuracy","floor":1},{"not_picked":["Deadly Poison","Slice"],"picked":"Noxious Fumes","floor":3},{"not_picked":["hubris:SlightOfHand","Outmaneuver"],"picked":"Deadly Poison","floor":7},{"not_picked":["Finisher","Distraction","Masterful Stab"],"picked":"SKIP","floor":8},{"not_picked":["ReplayTheSpireMod:Shiv Toss","Poisoned Stab"],"picked":"Toxin Wave","floor":13},{"not_picked":["Acrobatics","Sucker Punch","hubris:TrickCloak"],"picked":"SKIP","floor":14},{"not_picked":["ReplayTheSpireMod:From All Sides","Grand Finale"],"picked":"Atom Bomb","floor":16},{"not_picked":["Outmaneuver","hubris:SlightOfHand"],"picked":"ReplayTheSpireMod:Scrap Shanks","floor":18},{"not_picked":["Backflip","Dagger Spray+1"],"picked":"Deadly Poison","floor":19}],"player_experience":819907,"relics_obtained":[{"floor":8,"key":"Juzu Bracelet"},{"floor":9,"key":"CeramicFish"},{"floor":10,"key":"Lantern"}],"event_choices":[{"damage_healed":0,"gold_gain":0,"player_choice":"Got Potions","damage_taken":0,"max_hp_gain":0,"max_hp_loss":0,"event_name":"Lab","floor":5,"gold_loss":0}],"is_beta":false,"boss_relics":[{"not_picked":["Black Star","Replay:Drink Me"],"picked":"Painkiller Herb"}],"items_purged_floors":[],"is_endless":false,"potions_floor_spawned":[1,7,16,18],"killed_by":"Snake Plant","ascension_level":13}}