{"host":"qgrlfjrqk9z96gfi","time":1611731010,"event":{"mods":["BaseMod","Block Reminder","Colored Map","Custom Start","DeckTracker","Minty Spire (QoL Compilation)"],"gold_per_floor":[117,117,133,113,132,160,160,176,176,176,210,210,244,258,258,331,331,351,351,27,44,55,85,85,85,85,85,85],"floor_reached":27,"language":"ENG","playtime":1086,"items_purged":["Writhe"],"score":502,"play_id":"becc16ff-c6f5-4a5c-850c-6f91fb539a77","local_time":"20210126210330","is_ascension_mode":true,"campfire_choices":[{"data":"Neutralize","floor":7.0,"key":"SMITH"},{"floor":10.0,"key":"REST"},{"floor":15.0,"key":"REST"},{"data":"Wraith Form v2","floor":25,"key":"SMITH"}],"circlet_count":0,"master_deck":["AscendersBane","Strike_G","Strike_G","Strike_G","Strike_G","Strike_G","Defend_G","Defend_G","Defend_G","Defend_G","Defend_G","Survivor","Neutralize+1","Blade Dance","Eviscerate","Poisoned Stab","Infinite Blades","Well Laid Plans","Grand Finale","PiercingWail","Skewer","Wraith Form v2+1","Blade Dance","Terror","Noxious Fumes","Backflip","Finisher","Blur+1","Leg Sweep"],"relics":["Philosopher\u0027s Stone","Meat on the Bone","Bottled Flame","Pear","Matryoshka","Black Star","The Courier","Lee\u0027s Waffle","Pen Nib","Oddly Smooth Stone","Akabeko","Letter Opener"],"acts_visited":["Exordium","TheCity"],"potions_floor_usage":[23,23],"damage_taken":[{"damage":1.0,"enemies":"Jaw Worm","floor":1.0,"turns":5.0},{"damage":5.0,"enemies":"Cultist","floor":3.0,"turns":4.0},{"damage":2.0,"enemies":"Small Slimes","floor":5.0,"turns":5.0},{"damage":26.0,"enemies":"3 Sentries","floor":6.0,"turns":6.0},{"damage":21.0,"enemies":"Exordium Thugs","floor":8.0,"turns":6.0},{"damage":30.0,"enemies":"Gremlin Nob","floor":11.0,"turns":4.0},{"damage":33.0,"enemies":"Lagavulin","floor":13.0,"turns":8.0},{"damage":0.0,"enemies":"Looter","floor":14.0,"turns":3.0},{"damage":33.0,"enemies":"Slime Boss","floor":16.0,"turns":8.0},{"damage":41.0,"enemies":"Shell Parasite","floor":18.0,"turns":7.0},{"damage":40.0,"enemies":"2 Thieves","floor":21.0,"turns":5.0},{"damage":16.0,"enemies":"Snecko","floor":22.0,"turns":6.0},{"damage":5,"enemies":"Book of Stabbing","floor":23,"turns":4},{"damage":46,"enemies":"Slavers","floor":27,"turns":3}],"seed_played":"4133672847882840091","potions_obtained":[{"floor":1.0,"key":"PowerPotion"},{"floor":4.0,"key":"Regen Potion"},{"floor":8.0,"key":"AttackPotion"},{"floor":14.0,"key":"Strength Potion"},{"floor":18.0,"key":"FearPotion"},{"floor":21.0,"key":"DistilledChaos"}],"is_trial":false,"path_per_floor":["M","?","M","?","M","E","R","M","T","R","E","?","E","M","R","B",null,"M","?","$","M","M","E","?","R","T","E"],"character_chosen":"THE_SILENT","items_purchased":["Lee\u0027s Waffle","Terror","Noxious Fumes","Strength Potion"],"campfire_rested":2,"item_purchase_floors":[20,20,20,20],"current_hp_per_floor":[58,58,53,53,51,39,39,30,30,49,41,41,20,32,54,33,65,36,36,83,43,39,46,46,46,46,0,0],"gold":85,"neow_bonus":"BOSS_RELIC","is_daily":false,"chose_seed":false,"campfire_upgraded":2,"win_rate":0.0,"timestamp":1611731010,"path_taken":["M","?","M","?","?","E","R","M","T","R","E","?","E","M","R","BOSS","M","?","$","M","M","E","?","R","T","E"],"items_purchased_type":["Relic","Card","Card","Potion"],"build_version":"2020-12-22","purchased_purges":1,"victory":false,"max_hp_per_floor":[66,66,66,66,66,66,66,66,66,66,76,76,76,76,76,76,76,76,76,83,83,83,83,83,83,83,83,83],"card_choices":[{"not_picked":["Accuracy","Backflip"],"picked":"Blade Dance","floor":1.0},{"not_picked":["Calculated Gamble","Bane"],"picked":"Eviscerate","floor":3.0},{"not_picked":["Dodge and Roll","Backflip"],"picked":"Poisoned Stab","floor":5.0},{"not_picked":["Flying Knee","Slice"],"picked":"Infinite Blades","floor":6.0},{"not_picked":["Expertise","Concentrate"],"picked":"Well Laid Plans","floor":8.0},{"not_picked":["Poisoned Stab","Flying Knee"],"picked":"Grand Finale","floor":11.0},{"not_picked":["Bane","Deflect"],"picked":"PiercingWail","floor":13.0},{"not_picked":["Quick Slash","Poisoned Stab"],"picked":"Skewer","floor":14.0},{"not_picked":["Phantasmal Killer","Night Terror"],"picked":"Wraith Form v2","floor":16.0},{"not_picked":["Blur","Poisoned Stab"],"picked":"Blade Dance","floor":18.0},{"not_picked":["Bouncing Flask","Underhanded Strike+1"],"picked":"Backflip","floor":21.0},{"not_picked":["All Out Attack","Distraction"],"picked":"Finisher","floor":22.0},{"not_picked":["Envenom","Slice+1"],"picked":"Blur+1","floor":23}],"player_experience":1074845,"relics_obtained":[{"floor":6.0,"key":"Meat on the Bone"},{"floor":9.0,"key":"Bottled Flame"},{"floor":11.0,"key":"Pear"},{"floor":13.0,"key":"Matryoshka"},{"floor":23,"key":"Pen Nib"},{"floor":23,"key":"Oddly Smooth Stone"},{"floor":26,"key":"Akabeko"},{"floor":26,"key":"Letter Opener"}],"event_choices":[{"damage_healed":0.0,"max_hp_gain":0.0,"max_hp_loss":0.0,"gold_gain":0.0,"event_name":"Liars Game","player_choice":"Ignored","floor":2.0,"gold_loss":0.0,"damage_taken":0.0},{"damage_healed":0.0,"max_hp_gain":0.0,"max_hp_loss":0.0,"gold_gain":0.0,"event_name":"The Woman in Blue","player_choice":"Bought 1 Potion","floor":4.0,"gold_loss":0.0,"damage_taken":0.0},{"damage_healed":0.0,"max_hp_gain":0.0,"max_hp_loss":0.0,"gold_gain":0.0,"event_name":"Shining Light","player_choice":"Ignored","floor":12.0,"gold_loss":0.0,"damage_taken":0.0},{"damage_healed":0.0,"max_hp_gain":0.0,"max_hp_loss":0.0,"gold_gain":0.0,"event_name":"The Mausoleum","player_choice":"Opened","floor":19.0,"gold_loss":0.0,"damage_taken":0.0,"relics_obtained":["The Courier"],"cards_obtained":["Writhe"]},{"damage_healed":0,"gold_gain":0,"player_choice":"Read","damage_taken":0,"max_hp_gain":0,"max_hp_loss":0,"event_name":"The Library","floor":24,"gold_loss":0,"cards_obtained":["Leg Sweep"]}],"is_beta":false,"boss_relics":[{"not_picked":["Runic Dome","Tiny House"],"picked":"Black Star"}],"items_purged_floors":[20],"is_endless":false,"potions_floor_spawned":[1,8,14,18,21,22],"killed_by":"Slavers","ascension_level":20}}