{"host":"ELF","time":1611781304,"event":{"mods":["BaseMod","Bestiary","Minty Spire (QoL Compilation)","Relic Stats","Slay the Relics Exporter"],"gold_per_floor":[117,131,149,224,243,277,277,312,382,404,414,414,414,428,428,499,499,509,5,5,28,28,28],"floor_reached":22,"language":"ENG","playtime":1030,"items_purged":[],"score":403,"play_id":"841258a3-3f5a-4877-98bd-d7293e81bca3","local_time":"20210127150144","is_ascension_mode":true,"campfire_choices":[{"floor":7,"key":"REST"},{"data":"1","floor":12,"key":"LIFT"},{"floor":15,"key":"REST"}],"circlet_count":0,"master_deck":["AscendersBane","Bash","Carnage","Hemokinesis","Ghostly Armor","Fire Breathing","Wild Strike","Wild Strike","Reckless Charge","Intimidate","Intimidate","Second Wind","Juggernaut","Shockwave","Infernal Blade","Reaper","Feed","Flex","Berserk","Hemokinesis","Infernal Blade","Juggernaut","Whirlwind","Power Through","Fiend Fire","Rupture","Bite","Bite","Bite","Bite","Bite"],"relics":["Burning Blood","Dream Catcher","Girya","Self Forming Clay","Odd Mushroom","Pandora\u0027s Box","Chemical X","Bag of Preparation"],"acts_visited":["Exordium","TheCity"],"potions_floor_usage":[5,10,16],"damage_taken":[{"damage":7,"enemies":"Jaw Worm","floor":1,"turns":5},{"damage":4,"enemies":"2 Louse","floor":2,"turns":3},{"damage":12,"enemies":"Small Slimes","floor":3,"turns":6},{"damage":25,"enemies":"Exordium Wildlife","floor":5,"turns":6},{"damage":25,"enemies":"3 Sentries","floor":6,"turns":5},{"damage":51,"enemies":"Lagavulin","floor":8,"turns":8},{"damage":18,"enemies":"The Mushroom Lair","floor":10,"turns":4},{"damage":3,"enemies":"3 Louse","floor":11,"turns":2},{"damage":2,"enemies":"2 Fungi Beasts","floor":14,"turns":2},{"damage":41,"enemies":"The Guardian","floor":16,"turns":13},{"damage":31,"enemies":"2 Thieves","floor":18,"turns":4},{"damage":46,"enemies":"Shell Parasite","floor":22,"turns":3}],"seed_played":"3908427931961761810","potions_obtained":[{"floor":2,"key":"FearPotion"},{"floor":3,"key":"BloodPotion"},{"floor":5,"key":"SmokeBomb"},{"floor":8,"key":"BloodPotion"},{"floor":10,"key":"Fire Potion"}],"is_trial":false,"path_per_floor":["M","M","M","?","M","E","R","E","T","?","M","R","?","M","R","B",null,"M","$","?","T","M"],"character_chosen":"IRONCLAD","items_purchased":["Power Through","Chemical X","Fiend Fire","Rupture"],"campfire_rested":2,"item_purchase_floors":[19,19,19,19],"current_hp_per_floor":[69,73,69,58,56,39,61,18,18,23,28,28,28,34,56,23,62,39,39,39,39,0,0],"gold":28,"neow_bonus":"RANDOM_COMMON_RELIC","is_daily":false,"chose_seed":false,"campfire_upgraded":0,"win_rate":0.0,"timestamp":1611781304,"path_taken":["M","M","M","?","M","E","R","E","T","?","M","R","?","M","R","BOSS","M","$","?","?","M"],"items_purchased_type":["Card","Relic","Card","Card"],"build_version":"2020-12-18","purchased_purges":0,"victory":false,"max_hp_per_floor":[75,75,75,75,75,75,75,75,75,75,75,75,75,75,75,75,75,75,75,75,75,75,75],"relic_stats":{"Dream Catcher":2,"counters":[12,61],"Self Forming Clay":[57],"Pandora\u0027s Box":["Shockwave","Infernal Blade","Reaper","Feed","Flex","Berserk","Hemokinesis","Infernal Blade","Juggernaut"],"Bag of Preparation":[2],"Chemical X":[2],"obtain_stats":[{"Blood Vial":0,"Girya":8,"Dream Catcher":6,"Self Forming Clay":9,"Pandora\u0027s Box":17,"Bag of Preparation":21,"Chemical X":19,"Odd Mushroom":10,"Burning Blood":0},{"Blood Vial":0,"Girya":6,"Dream Catcher":5,"Self Forming Clay":6,"Pandora\u0027s Box":10,"Bag of Preparation":11,"Chemical X":11,"Odd Mushroom":7,"Burning Blood":0},{"Blood Vial":0,"Girya":33,"Dream Catcher":25,"Self Forming Clay":33,"Pandora\u0027s Box":54,"Bag of Preparation":58,"Chemical X":58,"Odd Mushroom":37,"Burning Blood":0}],"Burning Blood":66},"card_choices":[{"not_picked":["True Grit","Bloodletting"],"picked":"Carnage","floor":1},{"not_picked":["Havoc","Whirlwind"],"picked":"Hemokinesis","floor":2},{"not_picked":["Combust","Thunderclap"],"picked":"Ghostly Armor","floor":3},{"not_picked":["Evolve","Flex"],"picked":"Fire Breathing","floor":5},{"not_picked":["Headbutt","Sentinel"],"picked":"Wild Strike","floor":6},{"not_picked":["Heavy Blade","Cleave"],"picked":"Wild Strike","floor":7},{"not_picked":["Sword Boomerang","Flex"],"picked":"Reckless Charge","floor":8},{"not_picked":["Twin Strike","Perfected Strike"],"picked":"Intimidate","floor":10},{"not_picked":["Ghostly Armor","Perfected Strike","Twin Strike"],"picked":"SKIP","floor":11},{"not_picked":["Pommel Strike","Body Slam"],"picked":"Intimidate","floor":14},{"not_picked":["True Grit","Limit Break"],"picked":"Second Wind","floor":15},{"not_picked":["Immolate","Limit Break"],"picked":"Juggernaut","floor":16},{"not_picked":["Clothesline","Body Slam"],"picked":"Whirlwind","floor":18}],"player_experience":3327292,"relics_obtained":[{"floor":6,"key":"Dream Catcher"},{"floor":8,"key":"Girya"},{"floor":9,"key":"Self Forming Clay"},{"floor":10,"key":"Odd Mushroom"},{"floor":21,"key":"Bag of Preparation"}],"event_choices":[{"damage_healed":0,"gold_gain":75,"player_choice":"Gather Gold","damage_taken":11,"max_hp_gain":0,"max_hp_loss":0,"event_name":"World of Goop","floor":4,"gold_loss":0},{"damage_healed":0,"gold_gain":0,"player_choice":"Fought Mushrooms","damage_taken":0,"max_hp_gain":0,"max_hp_loss":0,"event_name":"Mushrooms","floor":10,"gold_loss":0},{"damage_healed":0,"gold_gain":0,"player_choice":"Ignored","damage_taken":0,"max_hp_gain":0,"max_hp_loss":0,"event_name":"Liars Game","floor":13,"gold_loss":0},{"damage_healed":0,"gold_gain":0,"player_choice":"Became a vampire (Vial)","damage_taken":0,"max_hp_gain":0,"max_hp_loss":0,"event_name":"Vampires","floor":20,"relics_lost":["Blood Vial"],"gold_loss":0,"cards_obtained":["Bite","Bite","Bite","Bite","Bite"]}],"is_beta":true,"boss_relics":[{"not_picked":["Ectoplasm","SacredBark"],"picked":"Pandora\u0027s Box"}],"items_purged_floors":[],"is_endless":false,"potions_floor_spawned":[2,3,5,8,10,14],"killed_by":"Shell Parasite","ascension_level":19}}