{"host":"s41rn2jhghpwfrvz","time":1611766753,"event":{"mods":["BaseMod","Minty Spire (QoL Compilation)","Quick Restart","Relic Stats","SuperFastMode"],"gold_per_floor":[118,138,156,81,98,128,147,147,147,180,22,48,81,98,98,177,227,244,294,322,336,356,389,389,404,429,443,443,460,238,273,273,344,344,361,146,161,186,203,236,236,264,264,214,214,239,239,269,269,269,269,269,269,32,63,63],"floor_reached":57,"language":"ENG","playtime":2054,"items_purged":["Metallicize","Sweeping Beam","Perseverance","Quick Slash+1"],"score":3770,"play_id":"4da92be4-12f9-47d9-941e-6d8c40e107d9","local_time":"20210127185913","daily_mods":["SealedDeck","Diverse","DeadlyEvents"],"is_ascension_mode":true,"campfire_choices":[{"data":"Feel No Pain","floor":15,"key":"SMITH"},{"data":"Blade Dance","floor":24,"key":"SMITH"},{"data":"Genetic Algorithm","floor":28,"key":"SMITH"},{"data":"Turbo","floor":32,"key":"SMITH"},{"floor":41,"key":"RECALL"},{"data":"Madness","floor":47,"key":"SMITH"},{"data":"Acrobatics","floor":49,"key":"SMITH"},{"data":"Adrenaline","floor":53,"key":"SMITH"}],"circlet_count":0,"master_deck":["AscendersBane","Turbo+1","Genetic Algorithm+1","Shrug It Off","Blade Dance+1","PiercingWail","Acrobatics+1","Feel No Pain+1","Adrenaline+1","Juggernaut+1","Feel No Pain+1","Madness+1","Evolve+1"],"relics":["Burning Blood","StoneCalendar","Mercury Hourglass","Pantograph","Medical Kit","Singing Bowl","Frozen Egg 2","Tiny House","Nunchaku","FossilizedHelix","Smiling Mask","TheAbacus","MealTicket","Runic Pyramid","DollysMirror","Charon\u0027s Ashes","Ancient Tea Set","CaptainsWheel","Red Skull","Bronze Scales","HornCleat"],"acts_visited":["Exordium","TheCity","TheBeyond","TheEnding"],"potions_floor_usage":[10,12,20],"damage_taken":[{"damage":0,"enemies":"Cultist","floor":1,"turns":3},{"damage":0,"enemies":"Small Slimes","floor":2,"turns":3},{"damage":0,"enemies":"Jaw Worm","floor":3,"turns":3},{"damage":0,"enemies":"Blue Slaver","floor":5,"turns":4},{"damage":15,"enemies":"Lagavulin","floor":6,"turns":7},{"damage":4,"enemies":"Exordium Wildlife","floor":7,"turns":4},{"damage":18,"enemies":"Gremlin Nob","floor":10,"turns":3},{"damage":47,"enemies":"Lagavulin","floor":12,"turns":7},{"damage":0,"enemies":"3 Sentries","floor":13,"turns":6},{"damage":0,"enemies":"Large Slime","floor":14,"turns":4},{"damage":22,"enemies":"Slime Boss","floor":16,"turns":10},{"damage":0,"enemies":"Shell Parasite","floor":18,"turns":5},{"damage":0,"enemies":"Gremlin Leader","floor":20,"turns":7},{"damage":0,"enemies":"Spheric Guardian","floor":21,"turns":4},{"damage":0,"enemies":"3 Cultists","floor":22,"turns":4},{"damage":21,"enemies":"Slavers","floor":23,"turns":7},{"damage":0,"enemies":"Cultist and Chosen","floor":25,"turns":4},{"damage":0,"enemies":"Snake Plant","floor":27,"turns":5},{"damage":0,"enemies":"3 Cultists","floor":29,"turns":4},{"damage":0,"enemies":"Gremlin Leader","floor":31,"turns":5},{"damage":0,"enemies":"Automaton","floor":33,"turns":9},{"damage":0,"enemies":"3 Shapes","floor":35,"turns":3},{"damage":0,"enemies":"Orb Walker","floor":37,"turns":3},{"damage":0,"enemies":"Mind Bloom Boss Battle","floor":38,"turns":3},{"damage":0,"enemies":"Spire Growth","floor":39,"turns":3},{"damage":0,"enemies":"Nemesis","floor":40,"turns":3},{"damage":0,"enemies":"Reptomancer","floor":42,"turns":3},{"damage":0,"enemies":"Giant Head","floor":46,"turns":4},{"damage":0,"enemies":"Nemesis","floor":48,"turns":3},{"damage":0,"enemies":"Awakened One","floor":50,"turns":6},{"damage":0,"enemies":"Donu and Deca","floor":51,"turns":5},{"damage":0,"enemies":"Shield and Spear","floor":55,"turns":3},{"damage":6,"enemies":"The Heart","floor":56,"turns":6}],"seed_played":"8384411957912926103","potions_obtained":[{"floor":5,"key":"FearPotion"},{"floor":6,"key":"GamblersBrew"},{"floor":7,"key":"Regen Potion"},{"floor":14,"key":"BlessingOfTheForge"},{"floor":16,"key":"Block Potion"},{"floor":21,"key":"Ancient Potion"},{"floor":22,"key":"SkillPotion"},{"floor":35,"key":"SteroidPotion"}],"is_trial":true,"path_per_floor":["M","M","M","$","M","E","M","?","T","E","$","E","E","M","R","B",null,"M","?","E","M","M","E","R","M","T","M","R","M","$","E","R","B",null,"M","$","M","?","M","E","R","E","T","$","?","E","R","E","R","B","B",null,"R","$","E","B",null],"character_chosen":"IRONCLAD","items_purchased":["Medical Kit","TheAbacus","DollysMirror","Bronze Scales","Evolve+1"],"campfire_rested":0,"item_purchase_floors":[11,30,36,54,54],"current_hp_per_floor":[74,75,75,75,75,66,68,68,68,56,56,29,37,45,45,54,80,88,88,90,92,94,81,81,89,89,97,97,102,102,104,104,104,104,106,106,108,110,112,114,114,116,116,116,116,118,118,120,120,120,120,120,120,120,122,122],"gold":63,"neow_bonus":"","is_daily":false,"chose_seed":false,"campfire_upgraded":7,"win_rate":0.0,"timestamp":1611766753,"path_taken":["M","?","M","$","M","E","M","?","T","E","$","?","E","M","R","BOSS","M","?","?","?","M","E","R","M","T","?","R","M","$","E","R","BOSS","M","$","M","?","M","E","R","E","T","$","?","E","R","E","R","BOSS","BOSS","R","$","E","BOSS"],"items_purchased_type":["Relic","Relic","Relic","Relic","Card"],"build_version":"2020-12-22","purchased_purges":4,"victory":true,"max_hp_per_floor":[75,75,75,75,75,75,75,75,75,75,75,75,77,79,79,79,86,88,88,90,92,94,96,96,98,98,100,100,102,102,104,104,104,104,106,106,108,110,112,114,114,116,116,116,116,118,118,120,120,120,120,120,120,120,122,122],"relic_stats":{"Singing Bowl":42,"counters":[33,151],"StoneCalendar":[154],"Charon\u0027s Ashes":[919],"Medical Kit":[53],"Smiling Mask":225,"Burning Blood":82,"Mercury Hourglass":[558],"Nunchaku":[45],"TheAbacus":[690],"Pantograph":25,"Bronze Scales":[60],"MealTicket":0,"obtain_stats":[{"Tiny House":17,"Singing Bowl":12,"StoneCalendar":6,"Charon\u0027s Ashes":38,"Frozen Egg 2":13,"Medical Kit":11,"Smiling Mask":26,"Ancient Tea Set":40,"Burning Blood":0,"Mercury Hourglass":9,"Nunchaku":20,"CaptainsWheel":46,"TheAbacus":30,"HornCleat":55,"DollysMirror":36,"Pantograph":10,"Bronze Scales":54,"MealTicket":31,"FossilizedHelix":23,"Red Skull":48,"Runic Pyramid":34},{"Tiny House":11,"Singing Bowl":8,"StoneCalendar":5,"Charon\u0027s Ashes":24,"Frozen Egg 2":9,"Medical Kit":7,"Smiling Mask":17,"Ancient Tea Set":26,"Burning Blood":0,"Mercury Hourglass":6,"Nunchaku":13,"CaptainsWheel":28,"TheAbacus":19,"HornCleat":32,"DollysMirror":22,"Pantograph":7,"Bronze Scales":31,"MealTicket":20,"FossilizedHelix":16,"Red Skull":29,"Runic Pyramid":21},{"Tiny House":53,"Singing Bowl":33,"StoneCalendar":20,"Charon\u0027s Ashes":115,"Frozen Egg 2":39,"Medical Kit":27,"Smiling Mask":84,"Ancient Tea Set":121,"Burning Blood":0,"Mercury Hourglass":24,"Nunchaku":65,"CaptainsWheel":128,"TheAbacus":92,"HornCleat":145,"DollysMirror":109,"Pantograph":27,"Bronze Scales":142,"MealTicket":97,"FossilizedHelix":80,"Red Skull":131,"Runic Pyramid":106}]},"card_choices":[{"not_picked":["Deflect","FlyingSleeves","Indignation"],"picked":"SKIP","floor":1},{"not_picked":["Wild Strike","Underhanded Strike","Thunderclap"],"picked":"SKIP","floor":2},{"not_picked":["Dodge and Roll","Headbutt","Cold Snap"],"picked":"SKIP","floor":3},{"not_picked":["Infinite Blades","InnerPeace","Thunderclap"],"picked":"SKIP","floor":5},{"not_picked":["Cloak And Dagger","Poisoned Stab","Shrug It Off"],"picked":"SKIP","floor":6},{"not_picked":["Cleave","Reinforced Body","Terror"],"picked":"SKIP","floor":7},{"not_picked":["Buffer","FearNoEvil","EmptyBody"],"picked":"SKIP","floor":10},{"not_picked":["LikeWater","Hemokinesis"],"picked":"Feel No Pain","floor":12},{"not_picked":["Bludgeon","BootSequence","Indignation"],"picked":"Singing Bowl","floor":13},{"not_picked":["Heavy Blade","Catalyst","Fusion"],"picked":"Singing Bowl","floor":14},{"not_picked":["Grand Finale","Machine Learning+1"],"picked":"Adrenaline","floor":16},{"not_picked":["Leg Sweep","Deflect","Consecrate"],"picked":"Singing Bowl","floor":17},{"not_picked":["ClearTheMind","Terror","Metallicize+1"],"picked":"Singing Bowl","floor":18},{"not_picked":["Havoc","Barrage","Flex"],"picked":"Singing Bowl","floor":20},{"not_picked":["PathToVictory","Reflex","Bane"],"picked":"Singing Bowl","floor":21},{"not_picked":["Havoc","Hello World+1","Rebound"],"picked":"Singing Bowl","floor":22},{"not_picked":["Streamline","DeceiveReality","Bullet Time"],"picked":"Singing Bowl","floor":23},{"not_picked":["Endless Agony","Backflip","Hemokinesis"],"picked":"Singing Bowl","floor":25},{"not_picked":["CarveReality","EmptyFist","Auto Shields"],"picked":"Singing Bowl","floor":27},{"not_picked":["Anger","PathToVictory","Infernal Blade+1"],"picked":"Singing Bowl","floor":29},{"not_picked":["Power Through","Blizzard+1","Chaos"],"picked":"Singing Bowl","floor":31},{"not_picked":["Envenom+1","Feed"],"picked":"Juggernaut+1","floor":33},{"not_picked":["Chaos","Carnage+1","Deflect"],"picked":"Singing Bowl","floor":35},{"not_picked":["Evolve+1","Slice","Masterful Stab"],"picked":"Singing Bowl","floor":37},{"not_picked":["Sucker Punch","Catalyst+1","Acrobatics"],"picked":"Singing Bowl","floor":38},{"not_picked":["FTL+1","Protect","Crescendo"],"picked":"Singing Bowl","floor":39},{"not_picked":["Doppelganger","Rebound","Exhume"],"picked":"Singing Bowl","floor":40},{"not_picked":["Meditate+1","Rebound","Undo"],"picked":"Singing Bowl","floor":42},{"not_picked":["Secret Technique","Blind"],"picked":"Madness","floor":45},{"not_picked":["CarveReality","WreathOfFlame","Sweeping Beam"],"picked":"Singing Bowl","floor":46},{"not_picked":["EmptyBody","Dodge and Roll","Armaments"],"picked":"Singing Bowl","floor":48},{"not_picked":["Cleave","Storm of Steel","Wild Strike"],"picked":"Singing Bowl","floor":55}],"player_experience":1858168,"relics_obtained":[{"floor":6,"key":"StoneCalendar"},{"floor":9,"key":"Mercury Hourglass"},{"floor":10,"key":"Pantograph"},{"floor":12,"key":"Singing Bowl"},{"floor":13,"key":"Frozen Egg 2"},{"floor":20,"key":"Nunchaku"},{"floor":23,"key":"FossilizedHelix"},{"floor":26,"key":"Smiling Mask"},{"floor":31,"key":"MealTicket"},{"floor":38,"key":"Charon\u0027s Ashes"},{"floor":40,"key":"Ancient Tea Set"},{"floor":46,"key":"CaptainsWheel"},{"floor":48,"key":"Red Skull"},{"floor":55,"key":"HornCleat"}],"event_choices":[{"damage_healed":0,"gold_gain":0,"player_choice":"0 cards matched","damage_taken":0,"max_hp_gain":0,"max_hp_loss":0,"event_name":"Match and Keep!","floor":8,"gold_loss":0,"cards_obtained":[]},{"damage_healed":0,"gold_gain":50,"player_choice":"Pray","damage_taken":0,"max_hp_gain":0,"max_hp_loss":0,"event_name":"Golden Shrine","floor":19,"gold_loss":0},{"damage_healed":0,"gold_gain":0,"player_choice":"Fight","damage_taken":0,"max_hp_gain":0,"max_hp_loss":0,"event_name":"MindBloom","floor":38,"gold_loss":0},{"damage_healed":0,"gold_gain":0,"player_choice":"Memory 1","damage_taken":0,"max_hp_gain":0,"max_hp_loss":0,"event_name":"SensoryStone","floor":45,"gold_loss":0}],"is_beta":false,"boss_relics":[{"not_picked":["Cursed Key","Philosopher\u0027s Stone"],"picked":"Tiny House"},{"not_picked":["Runic Dome","Sozu"],"picked":"Runic Pyramid"}],"items_purged_floors":[4,30,36,44],"is_endless":false,"potions_floor_spawned":[5,6,7,14,16,21,22,27,35,38,42,55],"ascension_level":20}}