{"host":"kdt6w7ix8lwe69i9","time":1611717444,"event":{"mods":["BaseMod","Minty Spire (QoL Compilation)","Shade Mod","StSLib","TheSurvivalist"],"gold_per_floor":[115,115,62,62,73,73,105,118,118,129,147,173,27,102,102,201,201,221,234,234,234,234,234,234],"floor_reached":23,"language":"ENG","playtime":1596,"items_purged":[],"score":224,"play_id":"f96a240a-8ddf-4083-9218-32e60dace07f","local_time":"20210126221724","is_ascension_mode":false,"campfire_choices":[{"data":"survmod:GoForFace","floor":6,"key":"SMITH"},{"data":"survmod:FlashbangTrap","floor":15,"key":"SMITH"}],"circlet_count":0,"master_deck":["survmod:Strike+1","survmod:Strike+1","survmod:Strike+1","survmod:Strike+1","survmod:Defend+1","survmod:Defend+1","survmod:Defend+1","survmod:VersatileOffense","survmod:Sprint","survmod:GoForFace+1","survmod:TrickShot","survmod:GoForFace+1","survmod:GoForFace","survmod:AcidTrap","survmod:AcidArrow","survmod:FlashbangTrap+1","survmod:AcidTrap","survmod:FocusedFire+1","survmod:Exploit","survmod:AcidTrap+1","survmod:PenetratingShot+1"],"relics":["survmod:InnateMutation","NeowsBlessing","Molten Egg 2","Ancient Tea Set","InkBottle","Toy Ornithopter","SacredBark"],"acts_visited":["Exordium","TheCity"],"potions_floor_usage":[12,16,16,23],"damage_taken":[{"damage":0,"enemies":"Cultist","floor":1,"turns":1},{"damage":0,"enemies":"Small Slimes","floor":5,"turns":1},{"damage":0,"enemies":"Gremlin Nob","floor":7,"turns":1},{"damage":0,"enemies":"Jaw Worm","floor":8,"turns":3},{"damage":0,"enemies":"3 Louse","floor":10,"turns":4},{"damage":5,"enemies":"Blue Slaver","floor":11,"turns":4},{"damage":7,"enemies":"Lagavulin","floor":12,"turns":5},{"damage":27,"enemies":"The Guardian","floor":16,"turns":9},{"damage":10,"enemies":"3 Byrds","floor":18,"turns":5},{"damage":8,"enemies":"Chosen","floor":19,"turns":4},{"damage":32,"enemies":"Gremlin Leader","floor":23,"turns":3}],"seed_played":"-1942693725732696912","potions_obtained":[{"floor":5,"key":"Regen Potion"},{"floor":8,"key":"Strength Potion"},{"floor":12,"key":"Dexterity Potion"},{"floor":18,"key":"GamblersBrew"}],"is_trial":false,"path_per_floor":["M","?","$","?","M","R","E","M","T","M","M","E","$","?","R","B",null,"M","M","?","?","?","E"],"character_chosen":"THE_SURVIVOR","items_purchased":["survmod:GoForFace","Toy Ornithopter"],"campfire_rested":0,"item_purchase_floors":[3,13],"current_hp_per_floor":[50,50,50,40,40,40,40,40,40,40,35,40,40,29,29,12,50,40,32,32,32,24,0,0],"gold":234,"neow_bonus":"THREE_ENEMY_KILL","is_daily":false,"chose_seed":false,"campfire_upgraded":2,"win_rate":0.0,"timestamp":1611717444,"path_taken":["M","?","?","?","M","R","E","M","T","M","?","E","$","?","R","BOSS","M","M","?","?","?","E"],"items_purchased_type":["Card","Relic"],"build_version":"2020-12-22","purchased_purges":0,"victory":false,"max_hp_per_floor":[50,50,50,50,50,50,50,50,50,50,50,50,50,50,50,50,50,50,50,50,50,55,55,55],"card_choices":[{"not_picked":["survmod:FenceTrap","survmod:BearTrap"],"picked":"survmod:GoForFace","floor":1},{"not_picked":["survmod:SimpleMutation","survmod:PenetratingShot"],"picked":"survmod:GoForFace","floor":5},{"not_picked":["survmod:QuickThinking","survmod:AimForTheLiver+1"],"picked":"survmod:AcidTrap","floor":7},{"not_picked":["survmod:PiercingShot+1","survmod:SwiftKick+1"],"picked":"survmod:AcidArrow","floor":8},{"not_picked":["survmod:QuickDash","survmod:FlareBarrage+1"],"picked":"survmod:FlashbangTrap","floor":10},{"not_picked":["survmod:Marksmanship","survmod:GoForFace"],"picked":"survmod:AcidTrap","floor":11},{"not_picked":["survmod:NockAnArrow+1","survmod:KnowThyEnemy"],"picked":"survmod:FocusedFire+1","floor":12},{"not_picked":["survmod:BatteringStrike+1","survmod:EmptyQuiver"],"picked":"survmod:Exploit","floor":16},{"not_picked":["survmod:SimpleMutation+1","survmod:UnfortunateEscape"],"picked":"survmod:AcidTrap+1","floor":18},{"not_picked":["survmod:ExplosiveTrap+1","survmod:PinningSnipe+1"],"picked":"survmod:PenetratingShot+1","floor":19}],"player_experience":585380,"relics_obtained":[{"floor":7,"key":"Molten Egg 2"},{"floor":9,"key":"Ancient Tea Set"},{"floor":12,"key":"InkBottle"}],"event_choices":[{"damage_healed":0,"gold_gain":0,"cards_transformed":["survmod:Defend"],"player_choice":"Transformed","damage_taken":0,"max_hp_gain":0,"max_hp_loss":0,"event_name":"Transmorgrifier","floor":2,"gold_loss":0,"cards_obtained":["survmod:TrickShot"]},{"damage_healed":0,"gold_gain":0,"player_choice":"Entered Light","damage_taken":10,"max_hp_gain":0,"max_hp_loss":0,"event_name":"Shining Light","floor":4,"gold_loss":0,"cards_upgraded":["survmod:GoForFace","survmod:Strike"]},{"damage_healed":0,"gold_gain":75,"player_choice":"Gather Gold","damage_taken":11,"max_hp_gain":0,"max_hp_loss":0,"event_name":"World of Goop","floor":14,"gold_loss":0},{"damage_healed":0,"gold_gain":0,"player_choice":"Ignored","damage_taken":0,"max_hp_gain":0,"max_hp_loss":0,"event_name":"Beggar","floor":20,"gold_loss":0},{"damage_healed":0,"gold_gain":0,"player_choice":"Simplicity","damage_taken":0,"max_hp_gain":0,"max_hp_loss":0,"event_name":"Back to Basics","floor":21,"gold_loss":0,"cards_upgraded":["survmod:Strike","survmod:Strike","survmod:Strike","survmod:Defend","survmod:Defend","survmod:Defend"]},{"damage_healed":0,"gold_gain":0,"player_choice":"Shed Blood","damage_taken":13,"max_hp_gain":5,"max_hp_loss":0,"event_name":"Forgotten Altar","floor":22,"gold_loss":0}],"is_beta":false,"boss_relics":[{"not_picked":["Runic Dome","Coffee Dripper"],"picked":"SacredBark"}],"items_purged_floors":[],"is_endless":false,"potions_floor_spawned":[5,8,12,18],"killed_by":"Gremlin Leader","ascension_level":0}}