{"host":"xvjtz0l6trtfk8cl","time":1611781417,"event":{"mods":["BaseMod","Better Altar","Better Third Choice","Downfall","Fox Events","Hermit","Magitek Elite","Minty Spire (QoL Compilation)","StSLib","The Bladedancer","The Death Knight","The Hierophant","The Necromancer","Waifu the Spire"],"gold_per_floor":[114,39,39,58,58,90,60,76,76,94,94,94,94,107,107,211,211,151,151,151,151],"floor_reached":20,"language":"ENG","playtime":1259,"items_purged":["Mama"],"score":172,"play_id":"9e65d590-9ee2-417e-bfdd-3df456d6c8ad","local_time":"20210127150337","is_ascension_mode":false,"campfire_choices":[{"floor":12,"key":"REST"},{"data":"Blizzard_P","floor":15,"key":"SMITH"}],"circlet_count":0,"master_deck":["Strike_L","Strike_L","Strike_L","Defend_L","Defend_L","Defend_L","Defend_L","Defend_L","Fire2","Cure","Bravery+1","Mythril_Knife","Transpose_P","Gravity","Blizzard_P","Mystery_Veil+1","Quake"],"relics":["Pendant","Mango","Toxic Egg 2","Black Star"],"acts_visited":["Exordium","TheCity"],"potions_floor_usage":[6,13,13,14,16],"damage_taken":[{"damage":10,"enemies":"Jaw Worm","floor":1,"turns":9},{"damage":8,"enemies":"Cultist","floor":4,"turns":5},{"damage":41,"enemies":"Gremlin Nob","floor":6,"turns":6},{"damage":9,"enemies":"Small Slimes","floor":8,"turns":4},{"damage":21,"enemies":"3 Louse","floor":10,"turns":5},{"damage":0,"enemies":"Lots of Slimes","floor":13,"turns":1},{"damage":6,"enemies":"Exordium Wildlife","floor":14,"turns":6},{"damage":37,"enemies":"The Guardian","floor":16,"turns":11},{"damage":20,"enemies":"2 Thieves","floor":18,"turns":4},{"damage":0,"enemies":"Chosen","floor":20,"turns":1}],"seed_played":"-2446818556476735762","potions_obtained":[{"floor":4,"key":"Weak Potion"},{"floor":6,"key":"SmokeBomb"},{"floor":7,"key":"Guardian:BlockOnCardUsePotion"},{"floor":7,"key":"hexamod:SoulburnPotion"},{"floor":14,"key":"LiquidBronze"}],"is_trial":false,"path_per_floor":["M","$","?","M","?","E","?","M","T","M","$","R","M","M","R","B",null,"M","?","M"],"character_chosen":"MAGITEKELITE","items_purchased":[],"campfire_rested":1,"item_purchase_floors":[],"current_hp_per_floor":[59,59,59,57,50,29,29,26,26,11,11,34,34,34,34,3,77,63,63,63,63],"gold":151,"neow_bonus":"ONE_RANDOM_RARE_CARD","is_daily":false,"chose_seed":false,"campfire_upgraded":1,"win_rate":0.0,"timestamp":1611781417,"path_taken":["M","$","?","?","?","E","?","?","T","M","$","R","M","M","R","BOSS","M","?","M"],"items_purchased_type":[],"build_version":"2020-12-22","purchased_purges":1,"victory":false,"max_hp_per_floor":[63,63,63,63,63,77,77,77,77,77,77,77,77,77,77,77,77,77,77,77,77],"card_choices":[{"not_picked":["Thunder_P","Barrier"],"picked":"Bravery","floor":1},{"not_picked":["Heavy_Shield","Magnus_Hat","Gladius"],"picked":"SKIP","floor":4},{"not_picked":["Focus","Thornlet"],"picked":"Mythril_Knife","floor":6},{"not_picked":["Enhancer","Transpose2"],"picked":"Transpose_P","floor":8},{"not_picked":["Shell","Minerva_Bustier+1"],"picked":"Gravity","floor":10},{"not_picked":["Dispel+1","Man_Eater"],"picked":"Blizzard_P","floor":14},{"not_picked":["Reflect","Lightbringer"],"picked":"Mystery_Veil+1","floor":16},{"not_picked":["Barrier+1","Thornlet+1","Thunder_Blade"],"picked":"SKIP","floor":18}],"player_experience":16115,"relics_obtained":[{"floor":6,"key":"Mango"},{"floor":9,"key":"Toxic Egg 2"}],"event_choices":[{"damage_healed":0,"gold_gain":0,"player_choice":"Forge","damage_taken":0,"max_hp_gain":0,"max_hp_loss":0,"event_name":"Accursed Blacksmith","floor":3,"gold_loss":0,"cards_upgraded":["Bravery"]},{"cards_removed":["Strike_L"],"damage_healed":0,"gold_gain":0,"player_choice":"Card Removal","damage_taken":7,"max_hp_gain":0,"max_hp_loss":0,"event_name":"Golden Wing","floor":5,"gold_loss":0},{"damage_healed":0,"gold_gain":0,"player_choice":"Bought 2 Potions","damage_taken":0,"max_hp_gain":0,"max_hp_loss":0,"event_name":"The Woman in Blue","floor":7,"gold_loss":0},{"damage_healed":0,"gold_gain":0,"player_choice":"Read","damage_taken":0,"max_hp_gain":0,"max_hp_loss":0,"event_name":"The Library","floor":19,"gold_loss":0,"cards_obtained":["Quake"]}],"is_beta":false,"boss_relics":[{"not_picked":["Snecko Eye","Cursed Key"],"picked":"Black Star"}],"items_purged_floors":[2],"is_endless":false,"potions_floor_spawned":[4,6,14],"killed_by":"Chosen","ascension_level":0}}