{"host":"9kp1xquhkkwhsiot","time":1611782645,"event":{"mods":["2.2 Compatiblity","AchievementEnabler","BaseMod","Better Note","Colored Map","Colored Powertips","Downfall","Highlight Path","Minty Spire (QoL Compilation)","Relic Stats","StSLib","Synergy Search"],"gold_per_floor":[99,118,138,156,256,286,286,186,28,41,53,63,63,63,75,178,178,78,88,102,12,12,12,84,103,136,36,21,34,34,53,64,167,167,167,177,187,199,217,244,244,257,257,49,63,63,73,73,89,89,89,89,89,89],"floor_reached":52,"language":"ENG","playtime":5580,"items_purged":["bronze:Strike","Shame"],"score":762,"play_id":"be9c6461-73ef-4617-afbf-19fda15b3b90","local_time":"20210127222405","is_ascension_mode":false,"campfire_choices":[{"floor":1.0,"key":"RECALL"},{"data":"bronze:FineTuning","floor":8.0,"key":"SMITH"},{"data":"bronze:Invalidate","floor":13.0,"key":"SMITH"},{"data":"bronze:SpaghettiCode","floor":18,"key":"SMITH"},{"data":"bronze:Goto","floor":27,"key":"SMITH"},{"data":"bronze:BronzeOrb","floor":30,"key":"SMITH"},{"data":"bronze:Frontload","floor":35,"key":"SMITH"},{"data":"bronze:Repulsor","floor":43,"key":"SMITH"},{"data":"bronze:FindAndReplace","floor":46,"key":"SMITH"}],"circlet_count":0,"master_deck":["bronze:Strike+1","bronze:Strike","bronze:Defend","bronze:Defend","bronze:Defend","bronze:Defend","bronze:Replicate+1","bronze:Goto+1","bronze:Flail+1","bronze:Iterate+1","bronze:WhirlingStrike+1","bronze:FineTuning+1","bronze:BronzeOrb+1","bronze:Invalidate+1","bronze:BronzeOrb","bronze:SpaghettiCode+1","bronze:Frontload+1","bronze:Repulsor+1","bronze:Virus","bronze:Frontload+1","bronze:DigitalCarnage+1","bronze:FindAndReplace+1","Master of Strategy","bronze:Shell+1"],"relics":["bronze:PlatinumCore","Letter Opener","downfall:HeartBlessingRed","ClockworkSouvenir","Cursed Key","downfall:HeartBlessingBlue","Mercury Hourglass","Whetstone","downfall:HeartBlessingGreen","Omamori","Sundial","bronze:CableSpool"],"acts_visited":["Exordium","TheCity","TheBeyond","TheEnding"],"potions_floor_usage":[26,26,33,50],"damage_taken":[{"damage":1.0,"enemies":"Cultist","floor":2.0,"turns":4.0},{"damage":0.0,"enemies":"2 Louse","floor":3.0,"turns":1.0},{"damage":3.0,"enemies":"Jaw Worm","floor":4.0,"turns":3.0},{"damage":0.0,"enemies":"3 Sentries","floor":6.0,"turns":2.0},{"damage":0.0,"enemies":"downfall:FleeingMerchant","floor":9.0,"turns":4.0},{"damage":0.0,"enemies":"3 Louse","floor":10.0,"turns":1.0},{"damage":0.0,"enemies":"Blue Slaver","floor":11.0,"turns":2.0},{"damage":0.0,"enemies":"Gremlin Gang","floor":12.0,"turns":2.0},{"damage":0.0,"enemies":"3 Louse","floor":15.0,"turns":1.0},{"damage":55.0,"enemies":"IC_STATUS_ARCHETYPE","floor":16.0,"turns":9.0},{"damage":0,"enemies":"Shell Parasite","floor":19,"turns":2},{"damage":0,"enemies":"Chosen and Byrds","floor":20,"turns":2},{"damage":3,"enemies":"downfall:FleeingMerchant","floor":21,"turns":4},{"damage":10,"enemies":"Snake Plant","floor":25,"turns":4},{"damage":4,"enemies":"Slavers","floor":26,"turns":2},{"damage":8,"enemies":"downfall:FleeingMerchant","floor":28,"turns":4},{"damage":0,"enemies":"Snecko","floor":29,"turns":3},{"damage":0,"enemies":"Cultist and Chosen","floor":31,"turns":2},{"damage":0,"enemies":"Chosen and Byrds","floor":32,"turns":2},{"damage":25,"enemies":"DF_ARCHETYPE_CLAW","floor":33,"turns":6},{"damage":0,"enemies":"3 Shapes","floor":36,"turns":2},{"damage":0,"enemies":"3 Darklings","floor":37,"turns":2},{"damage":0,"enemies":"Sphere and 2 Shapes","floor":38,"turns":3},{"damage":0,"enemies":"Spire Growth","floor":39,"turns":2},{"damage":21,"enemies":"Reptomancer","floor":40,"turns":4},{"damage":0,"enemies":"Jaw Worm Horde","floor":42,"turns":2},{"damage":0,"enemies":"downfall:FleeingMerchant","floor":44,"turns":1},{"damage":0,"enemies":"3 Darklings","floor":45,"turns":1},{"damage":0,"enemies":"4 Shapes","floor":47,"turns":2},{"damage":0,"enemies":"Writhing Mass","floor":49,"turns":4},{"damage":22,"enemies":"SI_POISON_ARCHETYPE","floor":50,"turns":13},{"damage":106,"enemies":"downfall:CharBossMerchant","floor":52,"turns":11}],"seed_played":"8305938216823540470","potions_obtained":[{"floor":2.0,"key":"Strength Potion"},{"floor":3.0,"key":"bronze:FreeFunctionsPotion"},{"floor":15.0,"key":"SkillPotion"},{"floor":16.0,"key":"Weak Potion"},{"floor":26,"key":"Weak Potion"},{"floor":31,"key":"AttackPotion"},{"floor":33,"key":"FearPotion"},{"floor":36,"key":"LiquidBronze"}],"is_trial":false,"path_per_floor":["R","M","M","M","?","E","T","R","$","M","M","M","R","?","M","B",null,"R","M","M","$","?","?","T","M","E","R","$","M","R","M","M","B",null,"R","M","M","M","M","E","T","M","R","$","M","R","M","?","M","B",null,"E"],"character_chosen":"THE_AUTOMATON","items_purchased":["ClockworkSouvenir","bronze:CableSpool","Master of Strategy"],"campfire_rested":0,"item_purchase_floors":[9,44,44],"current_hp_per_floor":[70,69,69,66,66,66,66,66,66,66,66,66,66,66,66,11,70,80,80,80,77,77,77,77,67,63,63,55,55,55,55,55,30,80,80,80,80,80,80,59,59,59,59,59,59,59,59,59,59,37,80,0,0,0],"gold":89,"neow_bonus":"THREE_CARDS","is_daily":false,"chose_seed":false,"campfire_upgraded":8,"win_rate":0.0,"timestamp":1611782645,"path_taken":["R","M","M","M","?","E","T","R","$","M","M","M","R","?","M","BOSS","R","M","M","?","?","?","T","M","E","R","?","M","R","M","M","BOSS","R","M","?","M","M","E","T","M","R","$","M","R","M","?","M","BOSS","E"],"items_purchased_type":["Relic","Relic","Card"],"build_version":"2020-12-22","purchased_purges":2,"victory":false,"max_hp_per_floor":[70,70,70,70,70,70,70,70,70,70,70,70,70,70,70,70,70,80,80,80,80,80,80,80,80,80,80,80,80,80,80,80,80,80,80,80,80,80,80,80,80,80,80,80,80,80,80,80,80,80,80,80,80,80],"relic_stats":{"counters":[32,105],"Sundial":[6],"Letter Opener":[49],"Whetstone":["bronze:Iterate","bronze:Strike"],"Cursed Key":2,"obtain_stats":[{"bronze:PlatinumCore":34,"bronze:BronzeCore":0,"downfall:HeartBlessingRed":8,"downfall:HeartBlessingGreen":27,"Omamori":40,"Letter Opener":6,"Whetstone":26,"Cursed Key":17,"ClockworkSouvenir":9,"Mercury Hourglass":24,"bronze:CableSpool":44,"downfall:HeartBlessingBlue":18,"Sundial":41},{"bronze:PlatinumCore":20,"bronze:BronzeCore":0,"downfall:HeartBlessingRed":4,"downfall:HeartBlessingGreen":15,"Omamori":25,"Letter Opener":4,"Whetstone":15,"Cursed Key":10,"ClockworkSouvenir":5,"Mercury Hourglass":13,"bronze:CableSpool":27,"downfall:HeartBlessingBlue":10,"Sundial":25},{"bronze:PlatinumCore":58,"bronze:BronzeCore":0,"downfall:HeartBlessingRed":10,"downfall:HeartBlessingGreen":42,"Omamori":71,"Letter Opener":10,"Whetstone":42,"Cursed Key":29,"ClockworkSouvenir":14,"Mercury Hourglass":37,"bronze:CableSpool":74,"downfall:HeartBlessingBlue":29,"Sundial":71}],"Mercury Hourglass":[213]},"card_choices":[{"not_picked":["bronze:CutThrough","bronze:Iterate"],"picked":"bronze:Flail","floor":0.0},{"not_picked":["bronze:DarkDash","bronze:Overheat"],"picked":"bronze:Iterate","floor":2.0},{"not_picked":["bronze:Iterate","bronze:BugBarrage"],"picked":"bronze:WhirlingStrike","floor":3.0},{"not_picked":["bronze:Boost","bronze:BuggyMess"],"picked":"bronze:FineTuning","floor":4.0},{"not_picked":["bronze:Backtrace","bronze:FineTuning"],"picked":"bronze:BronzeOrb","floor":6.0},{"not_picked":["bronze:DelayedSlice","bronze:BugBarrage"],"picked":"bronze:Invalidate","floor":9.0},{"not_picked":["bronze:BugBarrage","bronze:Turbo"],"picked":"bronze:BronzeOrb","floor":10.0},{"not_picked":["bronze:FineTuning","bronze:CutThrough","bronze:DelayedGuard"],"picked":"SKIP","floor":11.0},{"not_picked":["bronze:Repulsor","bronze:Overheat","bronze:BitShift"],"picked":"SKIP","floor":12.0},{"not_picked":["bronze:BuggyMess","bronze:MaxOutput"],"picked":"bronze:SpaghettiCode","floor":15.0},{"not_picked":["bronze:DelayedSlice+1","bronze:Iterate","bronze:Backtrace"],"picked":"SKIP","floor":19},{"not_picked":["bronze:FollowUp","bronze:DelayedSlice+1","bronze:DelayedGuard+1"],"picked":"SKIP","floor":20},{"not_picked":["bronze:Iterate+1","bronze:Return+1","bronze:Optimize"],"picked":"SKIP","floor":21},{"not_picked":["bronze:Turbo","bronze:BronzeArmor+1","bronze:Overload+1"],"picked":"SKIP","floor":25},{"not_picked":["bronze:WhirlingStrike","bronze:FollowUp","bronze:ClassDefault"],"picked":"SKIP","floor":26},{"not_picked":["bronze:ChosenStrike","bronze:Overload","bronze:Break"],"picked":"SKIP","floor":28},{"not_picked":["bronze:Iterate","bronze:Overheat","bronze:DelayedSlice"],"picked":"SKIP","floor":29},{"not_picked":["bronze:DigitalCarnage","bronze:Overheat"],"picked":"bronze:Frontload","floor":31},{"not_picked":["bronze:BuggyMess","bronze:Branch"],"picked":"bronze:Repulsor","floor":32},{"not_picked":["bronze:HardenedForm","bronze:AlphaBuild"],"picked":"bronze:Virus","floor":33},{"not_picked":["bronze:Deprecate+1","bronze:DelayedGuard"],"picked":"bronze:Frontload+1","floor":36},{"not_picked":["bronze:FineTuning","bronze:Virus","bronze:Philosophize+1"],"picked":"SKIP","floor":37},{"not_picked":["bronze:OilSpill","bronze:Return"],"picked":"bronze:DigitalCarnage+1","floor":38},{"not_picked":["bronze:Iterate+1","bronze:Frontload","bronze:WhirlingStrike"],"picked":"SKIP","floor":39},{"not_picked":["bronze:ClassDefault","bronze:CloningBeam","bronze:Overheat+1"],"picked":"SKIP","floor":40},{"not_picked":["bronze:Frontload+1","bronze:Backtrace","bronze:Optimize"],"picked":"SKIP","floor":42},{"not_picked":["bronze:WildBeam","bronze:BronzeArmor"],"picked":"bronze:FindAndReplace","floor":44},{"not_picked":["bronze:Optimize+1","bronze:NullPointer"],"picked":"bronze:Shell+1","floor":45},{"not_picked":["bronze:Frontload","bronze:Repulsor+1","bronze:Iterate"],"picked":"SKIP","floor":47},{"not_picked":["bronze:Shell","bronze:BronzeOrb+1","bronze:WhirlingStrike"],"picked":"SKIP","floor":49}],"player_experience":600496,"relics_obtained":[{"floor":6.0,"key":"Letter Opener"},{"floor":24,"key":"Mercury Hourglass"},{"floor":26,"key":"Whetstone"},{"floor":40,"key":"Omamori"},{"floor":41,"key":"Sundial"}],"event_choices":[{"cards_removed":["bronze:Strike"],"damage_healed":0,"gold_gain":0,"player_choice":"Give","damage_taken":0,"max_hp_gain":0,"max_hp_loss":0,"event_name":"betterNote:BetterNote","floor":22,"gold_loss":0,"cards_obtained":["champ:Strike"]},{"cards_removed":["bronze:Strike"],"damage_healed":0,"gold_gain":0,"player_choice":"Removed Attack","damage_taken":0,"max_hp_gain":0,"max_hp_loss":0,"event_name":"Falling","floor":48,"gold_loss":0}],"is_beta":false,"boss_relics":[{"not_picked":["expansioncontent:StudyCardRelic","Black Star"],"picked":"Cursed Key"},{"not_picked":["Calling Bell","Runic Pyramid"],"picked":"bronze:PlatinumCore"}],"items_purged_floors":[21,44],"is_endless":false,"potions_floor_spawned":[2,3,15,16,19,26,31,33,36,42,47],"killed_by":"downfall:CharBossMerchant","ascension_level":0}}