{"host":"z16h96csw6gsetxl","time":1611728676,"event":{"mods":["BaseMod","Minty Spire (QoL Compilation)"],"gold_per_floor":[112,37,2,2,277,277,296,309,334,346,385,417,429,441,453,570,582,610,622,412,432,347,374,374,374,374,374,388,413,413,426,426,531,531,544,544,555,21,0,0,0,26,26,52,69,121,43,43,43,43],"floor_reached":51,"language":"ZHS","playtime":2367,"items_purged":["Defend_G","Regret"],"score":837,"play_id":"080ad327-17a9-448b-b5c4-9830fccbcd43","local_time":"20210127142436","is_ascension_mode":false,"campfire_choices":[{"data":"Eviscerate","floor":6.0,"key":"SMITH"},{"data":"Backflip","floor":10.0,"key":"SMITH"},{"floor":15.0,"key":"REST"},{"data":"Accuracy","floor":24.0,"key":"SMITH"},{"data":"Blade Dance","floor":30.0,"key":"SMITH"},{"data":"Blade Dance","floor":32.0,"key":"SMITH"},{"data":"Apotheosis","floor":41.0,"key":"SMITH"},{"floor":49.0,"key":"REST"}],"circlet_count":0,"master_deck":["Strike_G","Strike_G","Defend_G+1","Survivor+1","Neutralize","Eviscerate+1","Endless Agony","Backflip+1","Blade Dance+1","Flying Knee","Die Die Die+1","Eviscerate+1","Accuracy+1","Blade Dance+1","Backstab+1","Predator+1","Dagger Throw+1","Phantasmal Killer","Slice+1","Apotheosis+1","Accuracy","Burst","Cloak And Dagger","Infinite Blades+1","Cloak And Dagger","Secret Weapon"],"relics":["Ring of the Snake","MawBank","War Paint","Strawberry","Molten Egg 2","Busted Crown","PreservedInsect","Omamori","Pantograph","TungstenRod","Black Star","Lizard Tail","Red Mask","Pear","Thread and Needle","Pocketwatch","Juzu Bracelet","Boot","The Specimen"],"acts_visited":["Exordium","TheCity","TheBeyond"],"potions_floor_usage":[50],"damage_taken":[{"damage":2.0,"enemies":"Small Slimes","floor":1.0,"turns":3.0},{"damage":0.0,"enemies":"2 Louse","floor":7.0,"turns":2.0},{"damage":3.0,"enemies":"Cultist","floor":8.0,"turns":3.0},{"damage":26.0,"enemies":"Lagavulin","floor":11.0,"turns":6.0},{"damage":2.0,"enemies":"3 Louse","floor":12.0,"turns":4.0},{"damage":21.0,"enemies":"Slime Boss","floor":16.0,"turns":8.0},{"damage":0.0,"enemies":"Shell Parasite","floor":18.0,"turns":3.0},{"damage":0.0,"enemies":"Chosen","floor":21.0,"turns":3.0},{"damage":0.0,"enemies":"Book of Stabbing","floor":23.0,"turns":2.0},{"damage":0.0,"enemies":"Snake Plant","floor":28.0,"turns":1.0},{"damage":9.0,"enemies":"Slavers","floor":29.0,"turns":3.0},{"damage":10.0,"enemies":"Shelled Parasite and Fungi","floor":31.0,"turns":2.0},{"damage":70.0,"enemies":"Collector","floor":33.0,"turns":5.0},{"damage":17.0,"enemies":"3 Darklings","floor":35.0,"turns":3.0},{"damage":0.0,"enemies":"Orb Walker","floor":37.0,"turns":2.0},{"damage":8.0,"enemies":"Giant Head","floor":42.0,"turns":3.0},{"damage":0.0,"enemies":"Nemesis","floor":44.0,"turns":3.0},{"damage":8.0,"enemies":"Spire Growth","floor":45.0,"turns":3.0},{"damage":27.0,"enemies":"2 Orb Walkers","floor":46.0,"turns":3.0},{"damage":71,"enemies":"Awakened One","floor":50,"turns":7}],"seed_played":"-2739548227394841824","potions_obtained":[{"floor":11.0,"key":"ColorlessPotion"},{"floor":16.0,"key":"AttackPotion"},{"floor":21.0,"key":"FearPotion"},{"floor":29.0,"key":"Swift Potion"},{"floor":42.0,"key":"Explosive Potion"},{"floor":45.0,"key":"PowerPotion"}],"is_trial":false,"path_per_floor":["M","$","?","?","?","R","M","M","T","R","E","M","?","T","R","B",null,"M","?","$","M","?","E","R","?","T","?","M","E","R","M","R","B",null,"M","?","M","$","?","?","R","E","T","E","M","?","$","?","R","B",null],"character_chosen":"THE_SILENT","items_purchased":["Accuracy","Blade Dance","Apotheosis","Accuracy","Lizard Tail","LiquidMemories"],"campfire_rested":2,"item_purchase_floors":[20,20,38,38,38,47],"current_hp_per_floor":[47,47,64,57,57,57,57,54,54,54,28,26,26,26,49,28,77,77,77,77,77,77,77,77,77,77,77,77,68,68,58,58,7,77,60,60,60,60,60,60,60,62,62,62,54,27,27,27,53,7],"gold":43,"neow_bonus":"REMOVE_TWO","is_daily":false,"chose_seed":false,"campfire_upgraded":6,"win_rate":0.0,"timestamp":1611728676,"path_taken":["M","$","?","?","?","R","M","M","T","R","E","?","?","?","R","BOSS","M","?","$","M","?","E","R","?","T","?","?","E","R","M","R","BOSS","M","?","M","$","?","?","R","E","T","E","M","?","$","?","R","BOSS"],"items_purchased_type":["Card","Card","Card","Card","Relic","Potion"],"build_version":"2020-12-22","purchased_purges":2,"victory":true,"max_hp_per_floor":[70,70,70,70,70,70,70,70,70,70,70,70,77,77,77,77,77,77,77,77,77,77,77,77,77,77,77,77,77,77,77,77,77,77,77,77,77,77,77,77,77,87,87,87,87,87,87,87,87,87],"card_choices":[{"not_picked":["Poisoned Stab","Outmaneuver"],"picked":"Eviscerate","floor":1.0},{"not_picked":["Quick Slash","Noxious Fumes"],"picked":"Endless Agony","floor":7.0},{"not_picked":["Bane","Masterful Stab"],"picked":"Backflip","floor":8.0},{"not_picked":["Choke","Flechettes"],"picked":"Blade Dance","floor":11.0},{"not_picked":["Blur","Underhanded Strike"],"picked":"Flying Knee","floor":12.0},{"not_picked":["Wraith Form v2","Corpse Explosion"],"picked":"Die Die Die+1","floor":16.0},{"not_picked":[],"picked":"Eviscerate+1","floor":18.0},{"not_picked":[],"picked":"Backstab+1","floor":21.0},{"not_picked":[],"picked":"Predator+1","floor":23.0},{"not_picked":[],"picked":"Dagger Throw+1","floor":28.0},{"not_picked":["Deadly Poison"],"picked":"SKIP","floor":29.0},{"not_picked":["Masterful Stab+1"],"picked":"SKIP","floor":31.0},{"not_picked":[],"picked":"Phantasmal Killer","floor":33.0},{"not_picked":["Heel Hook+1"],"picked":"SKIP","floor":35.0},{"not_picked":[],"picked":"Slice+1","floor":37.0},{"not_picked":[],"picked":"Cloak And Dagger","floor":42.0},{"not_picked":[],"picked":"Infinite Blades+1","floor":44.0},{"not_picked":[],"picked":"Cloak And Dagger","floor":45.0},{"not_picked":[],"picked":"Secret Weapon","floor":48.0}],"player_experience":50738,"relics_obtained":[{"floor":9.0,"key":"MawBank"},{"floor":11.0,"key":"War Paint"},{"floor":14.0,"key":"Molten Egg 2"},{"floor":23.0,"key":"Omamori"},{"floor":26.0,"key":"Pantograph"},{"floor":29.0,"key":"TungstenRod"},{"floor":42.0,"key":"Pear"},{"floor":42.0,"key":"Thread and Needle"},{"floor":43.0,"key":"Pocketwatch"},{"floor":44.0,"key":"Juzu Bracelet"},{"floor":44.0,"key":"Boot"},{"floor":46.0,"key":"The Specimen"}],"event_choices":[{"damage_healed":17.0,"max_hp_gain":0.0,"max_hp_loss":0.0,"gold_gain":0.0,"event_name":"The Cleric","player_choice":"Healed","floor":3.0,"gold_loss":35.0,"damage_taken":0.0},{"cards_removed":["Defend_G"],"damage_healed":0.0,"max_hp_gain":0.0,"max_hp_loss":0.0,"gold_gain":0.0,"event_name":"Golden Wing","player_choice":"Card Removal","floor":4.0,"gold_loss":0.0,"damage_taken":7.0},{"damage_healed":0.0,"max_hp_gain":0.0,"max_hp_loss":0.0,"gold_gain":275.0,"event_name":"Golden Shrine","player_choice":"Desecrate","floor":5.0,"gold_loss":0.0,"damage_taken":0.0,"cards_obtained":["Regret"]},{"damage_healed":0.0,"max_hp_gain":0.0,"max_hp_loss":0.0,"gold_gain":0.0,"event_name":"Scrap Ooze","player_choice":"Success","floor":13.0,"gold_loss":0.0,"damage_taken":7.0,"relics_obtained":["Strawberry"]},{"damage_healed":0.0,"max_hp_gain":0.0,"max_hp_loss":0.0,"gold_gain":0.0,"event_name":"Beggar","player_choice":"Ignored","floor":19.0,"gold_loss":0.0,"damage_taken":0.0},{"damage_healed":0.0,"max_hp_gain":0.0,"max_hp_loss":0.0,"gold_gain":0.0,"event_name":"Addict","player_choice":"Obtained Relic","floor":22.0,"gold_loss":85.0,"damage_taken":0.0,"relics_obtained":["PreservedInsect"]},{"damage_healed":0.0,"max_hp_gain":0.0,"max_hp_loss":0.0,"gold_gain":0.0,"event_name":"Ghosts","player_choice":"Ignored","floor":25.0,"gold_loss":0.0,"damage_taken":0.0},{"cards_removed":["Strike_G"],"damage_healed":0.0,"max_hp_gain":0.0,"max_hp_loss":0.0,"gold_gain":0.0,"event_name":"Back to Basics","player_choice":"Elegance","floor":27.0,"gold_loss":0.0,"damage_taken":0.0},{"cards_removed":["Strike_G"],"damage_healed":0.0,"max_hp_gain":0.0,"max_hp_loss":0.0,"gold_gain":0.0,"event_name":"Falling","player_choice":"Removed Attack","floor":36.0,"gold_loss":0.0,"damage_taken":0.0},{"damage_healed":0.0,"max_hp_gain":0.0,"max_hp_loss":0.0,"gold_gain":0.0,"event_name":"Tomb of Lord Red Mask","player_choice":"Paid","floor":39.0,"gold_loss":21.0,"damage_taken":0.0,"relics_obtained":["Red Mask"]},{"damage_healed":0.0,"max_hp_gain":0.0,"max_hp_loss":0.0,"gold_gain":0.0,"cards_transformed":["Strike_G"],"event_name":"Transmorgrifier","player_choice":"Transformed","floor":40.0,"gold_loss":0.0,"damage_taken":0.0,"cards_obtained":["Burst"]},{"damage_healed":0.0,"max_hp_gain":0.0,"max_hp_loss":0.0,"gold_gain":0.0,"event_name":"Mysterious Sphere","player_choice":"Fight","floor":46.0,"gold_loss":0.0,"damage_taken":0.0},{"damage_healed":0.0,"max_hp_gain":0.0,"max_hp_loss":0.0,"gold_gain":0.0,"event_name":"SensoryStone","player_choice":"Memory 1","floor":48.0,"gold_loss":0.0,"damage_taken":0.0}],"is_beta":false,"boss_relics":[{"not_picked":["Calling Bell","Snecko Eye"],"picked":"Busted Crown"},{"not_picked":["SacredBark","Velvet Choker"],"picked":"Black Star"}],"items_purged_floors":[2,20],"is_endless":false,"potions_floor_spawned":[11,16,21,29,42,45],"ascension_level":0}}