{"host":"w6bv7e6dabj27l4i","time":1611721344,"event":{"mods":["Act Like it!","BaseMod","Colored Map","Custom Start","Downfall","Minty Spire (QoL Compilation)","Quick Restart","StSLib","Synergy Search","Unceasing Turn Reminder","slay the spire mod where everything is the same but ironclad has a cowboy hat"],"gold_per_floor":[99,99,549,549,549,577,577,577,50,50,62,82,82,96,107,202,202,202,202,202,202,218,218,218,234,234,252,152,178,178,178,178],"floor_reached":30,"language":"ENG","playtime":1577,"items_purged":[],"score":282,"play_id":"e4d1f028-e18b-4d3a-afe2-0853e27a26ee","local_time":"20210126222224","is_ascension_mode":true,"campfire_choices":[{"floor":8.0,"key":"RECALL"},{"floor":13.0,"key":"REST"},{"data":"sneckomod:PureSnecko","floor":26,"key":"SMITH"},{"data":"sneckomod:PureSnecko","floor":28,"key":"SMITH"}],"circlet_count":0,"master_deck":["sneckomod:Strike","sneckomod:Strike","sneckomod:Strike","sneckomod:Defend","sneckomod:Defend","sneckomod:Defend","sneckomod:TailWhip","sneckomod:SnekBite","bronze:Fortify","sneckomod:TrashToTreasure","downfall:Icky","downfall:Icky","downfall:Icky","sneckomod:PureSnecko+1","Pain","sneckomod:UnendingSupply","sneckomod:UnknownClassTHE_BRONZE_AUTOMATON","sneckomod:MasterEye","sneckomod:UnknownBoss","sneckomod:SerpentIdol","WreathOfFlame","sneckomod:UnknownExhaust","sneckomod:Unknown3Cost","sneckomod:MorePower","bronze:HyperBeam","sneckomod:UnknownUncommonPower","sneckomod:PureSnecko+1","sneckomod:PureSnecko+1","sneckomod:UnknownColorless","sneckomod:SoulDraw"],"relics":["sneckomod:SneckoSoul","downfall:HeartsMalice","WarpedTongs","Blue Candle","Gremlin Horn","Question Card","bronze:MakeshiftBattery","CaptainsWheel","Nunchaku","downfall:HeartBlessingRed","sneckomod:LoadedDie"],"acts_visited":["Exordium","TheCity"],"potions_floor_usage":[25,30],"damage_taken":[{"damage":0.0,"enemies":"Cultist","floor":2.0,"turns":1.0},{"damage":0.0,"enemies":"Jaw Worm","floor":4.0,"turns":1.0},{"damage":0.0,"enemies":"Lagavulin","floor":6.0,"turns":1.0},{"damage":6.0,"enemies":"downfall:FleeingMerchant","floor":9.0,"turns":4.0},{"damage":14.0,"enemies":"Small Slimes","floor":11.0,"turns":3.0},{"damage":10.0,"enemies":"Exordium Thugs","floor":12.0,"turns":2.0},{"damage":38.0,"enemies":"Large Slime","floor":14.0,"turns":7.0},{"damage":11.0,"enemies":"Exordium Wildlife","floor":15.0,"turns":4.0},{"damage":37.0,"enemies":"IC_STATUS_ARCHETYPE","floor":16.0,"turns":8.0},{"damage":0,"enemies":"3 Byrds","floor":22,"turns":2},{"damage":8,"enemies":"Chosen","floor":25,"turns":4},{"damage":32,"enemies":"Snake Plant","floor":27,"turns":4},{"damage":47,"enemies":"Slavers","floor":29,"turns":4},{"damage":2,"enemies":"Centurion and Healer","floor":30,"turns":3}],"seed_played":"7626085611106976110","potions_obtained":[{"floor":6.0,"key":"Fire Potion"},{"floor":11.0,"key":"sneckomod:CheatPotion"},{"floor":15.0,"key":"DuplicationPotion"},{"floor":16.0,"key":"Weak Potion"},{"floor":21.0,"key":"CultistPotion"},{"floor":22,"key":"AttackPotion"}],"is_trial":false,"path_per_floor":["R","M","?","M","?","E","T","R","$","R","M","M","R","M","M","B",null,"R","?","T","?","M","?","T","M","R","M","R","E","M"],"character_chosen":"THE_SNECKO","items_purchased":["sneckomod:MasterEye","sneckomod:UnknownBoss","sneckomod:SerpentIdol","Question Card"],"campfire_rested":1,"item_purchase_floors":[9,9,9,9],"current_hp_per_floor":[90,90,90,90,90,90,90,90,84,84,70,60,87,49,38,1,90,90,90,90,90,90,90,90,82,82,50,50,3,1,1,1],"gold":178,"neow_bonus":"THREE_ENEMY_KILL","is_daily":false,"chose_seed":false,"campfire_upgraded":2,"win_rate":0.0,"timestamp":1611721344,"path_taken":["R","M","?","M","?","E","T","R","$","R","M","?","R","M","M","BOSS","R","?","?","?","M","?","T","M","R","M","R","E","M"],"items_purchased_type":["Card","Card","Card","Relic"],"build_version":"2020-12-22","purchased_purges":0,"victory":false,"max_hp_per_floor":[90,90,90,90,90,90,90,90,90,90,90,90,90,90,90,90,90,90,90,90,90,90,90,90,90,90,90,90,90,90,90,90],"card_choices":[{"not_picked":["sneckomod:UnknownBlock","sneckomod:QuickBite"],"picked":"sneckomod:TrashToTreasure","floor":2.0},{"not_picked":["sneckomod:DiceBlock","sneckomod:UnknownDraw"],"picked":"sneckomod:PureSnecko","floor":4.0},{"not_picked":["sneckomod:QuickMove","sneckomod:UnknownCommonAttack"],"picked":"sneckomod:UnendingSupply","floor":6.0},{"not_picked":["sneckomod:IronFang","sneckomod:SoulDraw"],"picked":"sneckomod:UnknownClassTHE_BRONZE_AUTOMATON","floor":9.0},{"not_picked":["sneckomod:DiceBoulder","sneckomod:UnknownBlock","sneckomod:ImprovisedGuard"],"picked":"sneckomod:UnknownExhaust","floor":11.0},{"not_picked":["sneckomod:UnknownDraw","sneckomod:RainOfDice","sneckomod:SerpentIdol"],"picked":"sneckomod:Unknown3Cost","floor":12.0},{"not_picked":["sneckomod:QuickBite","sneckomod:UnknownWeak","sneckomod:TrashToTreasure","sneckomod:RainOfDice"],"picked":"SKIP","floor":14.0},{"not_picked":["sneckomod:UnknownUncommonPower","sneckomod:SoulDraw","sneckomod:SoulCleanse"],"picked":"sneckomod:UnknownClassTHE_BRONZE_AUTOMATON","floor":15.0},{"not_picked":["sneckomod:UnknownRarePower","sneckomod:Mudshield","sneckomod:UnknownBoss"],"picked":"sneckomod:MorePower","floor":16.0},{"not_picked":["sneckomod:UnknownDexterity","sneckomod:UnknownBlock","sneckomod:Unknown1Cost"],"picked":"sneckomod:UnknownUncommonPower","floor":22},{"not_picked":["sneckomod:UnknownUncommonPower","sneckomod:Nope","sneckomod:QuickMove"],"picked":"sneckomod:PureSnecko","floor":25},{"not_picked":["sneckomod:DiceBlock+1","sneckomod:RainOfDice","sneckomod:UnknownCommonSkill"],"picked":"sneckomod:UnknownColorless","floor":27},{"not_picked":["sneckomod:DefensiveFlair","sneckomod:MasterEye","sneckomod:UnknownUncommonAttack"],"picked":"sneckomod:SoulDraw","floor":29}],"player_experience":490230,"relics_obtained":[{"floor":6.0,"key":"Blue Candle"},{"floor":7.0,"key":"Gremlin Horn"},{"floor":20.0,"key":"CaptainsWheel"},{"floor":24,"key":"Nunchaku"},{"floor":29,"key":"sneckomod:LoadedDie"}],"event_choices":[{"damage_healed":0.0,"max_hp_gain":0.0,"max_hp_loss":0.0,"gold_gain":0.0,"event_name":"Accursed Blacksmith","player_choice":"Rummage","floor":5.0,"gold_loss":0.0,"damage_taken":0.0,"relics_obtained":["WarpedTongs"],"cards_obtained":["Pain"]},{"damage_healed":0.0,"max_hp_gain":0.0,"max_hp_loss":0.0,"gold_gain":0.0,"event_name":"Ghosts","player_choice":"Ignored","floor":19.0,"gold_loss":0.0,"damage_taken":0.0},{"damage_healed":0,"gold_gain":0,"player_choice":"Read","damage_taken":0,"max_hp_gain":0,"max_hp_loss":0,"event_name":"The Library","floor":23,"gold_loss":0,"cards_obtained":["sneckomod:PureSnecko"]}],"is_beta":false,"boss_relics":[{"not_picked":["Empty Cage","Snecko Eye"],"picked":"bronze:MakeshiftBattery"}],"items_purged_floors":[],"is_endless":false,"potions_floor_spawned":[6,11,15,16,22],"killed_by":"Centurion and Healer","ascension_level":1}}