{"host":"ow66nzv2xecjoor3","time":1611787835,"event":{"mods":["BaseMod","Bestiary","Block Reminder","Colored Powertips","Curses Come First","Highlight Path","Keyboard Shortcuts","Minty Spire (QoL Compilation)","Permanent Neow","Relic Stats","StSLib","UnlockEverythingMod"],"gold_per_floor":[209,226,54,73,85,111,111,141,165,165,184,184,184,184,184,184,184],"floor_reached":16,"language":"ENG","playtime":516,"items_purged":[],"score":220,"play_id":"baf9244a-b9da-4937-b95d-bafadb4015a5","local_time":"20210127165035","is_ascension_mode":true,"campfire_choices":[{"data":"TalkToTheHand","floor":7.0,"key":"SMITH"},{"data":"Blasphemy","floor":10.0,"key":"SMITH"},{"data":"CutThroughFate","floor":15.0,"key":"SMITH"}],"circlet_count":0,"master_deck":["AscendersBane","Strike_P","Strike_P","Strike_P","Strike_P","Defend_P","Defend_P","Defend_P","Defend_P","Eruption","Vigilance","TalkToTheHand+1","Weave","CutThroughFate+1","Wallop+1","Nirvana","Blasphemy+1"],"relics":["PureWater","OrangePellets","Singing Bowl","Dream Catcher","Art of War","Golden Idol"],"acts_visited":["Exordium"],"potions_floor_usage":[],"damage_taken":[{"damage":2.0,"enemies":"2 Louse","floor":1.0,"turns":4.0},{"damage":0.0,"enemies":"Jaw Worm","floor":2.0,"turns":3.0},{"damage":0.0,"enemies":"Small Slimes","floor":4.0,"turns":2.0},{"damage":7.0,"enemies":"3 Louse","floor":5.0,"turns":3.0},{"damage":10.0,"enemies":"Gremlin Nob","floor":6.0,"turns":3.0},{"damage":19.0,"enemies":"3 Sentries","floor":8.0,"turns":11.0},{"damage":1.0,"enemies":"Blue Slaver","floor":11.0,"turns":3.0},{"damage":24,"enemies":"Slime Boss","floor":16,"turns":4}],"seed_played":"6237048124399815981","potions_obtained":[{"floor":1.0,"key":"Ancient Potion"},{"floor":6.0,"key":"DuplicationPotion"},{"floor":8.0,"key":"Block Potion"}],"is_trial":false,"path_per_floor":["M","M","$","M","M","E","R","E","T","R","M","?","?","?","R","B"],"character_chosen":"WATCHER","items_purchased":["OrangePellets"],"campfire_rested":0,"item_purchase_floors":[3],"current_hp_per_floor":[59,59,59,59,52,42,42,23,23,23,24,13,13,13,13,0,0],"gold":184,"neow_bonus":"HUNDRED_GOLD","is_daily":false,"chose_seed":false,"campfire_upgraded":3,"win_rate":0.0,"timestamp":1611787835,"path_taken":["M","M","$","M","M","E","R","E","T","R","M","?","?","?","R","BOSS"],"items_purchased_type":["Relic"],"build_version":"2020-12-22","purchased_purges":0,"victory":false,"max_hp_per_floor":[68,68,68,68,68,68,68,68,68,68,70,70,63,63,63,63,63],"relic_stats":{"OrangePellets":[0],"Dream Catcher":0,"Singing Bowl":2,"counters":[8,33],"Golden Idol":0,"Art of War":[0],"obtain_stats":[{"OrangePellets":3,"Dream Catcher":8,"Singing Bowl":6,"Golden Idol":13,"Art of War":9,"PureWater":0},{"OrangePellets":2,"Dream Catcher":6,"Singing Bowl":5,"Golden Idol":7,"Art of War":6,"PureWater":0},{"OrangePellets":7,"Dream Catcher":26,"Singing Bowl":15,"Golden Idol":29,"Art of War":26,"PureWater":0}]},"card_choices":[{"not_picked":["Crescendo","PathToVictory"],"picked":"TalkToTheHand","floor":1.0},{"not_picked":["WindmillStrike","EmptyBody"],"picked":"Weave","floor":2.0},{"not_picked":["EmptyMind","CrushJoints"],"picked":"CutThroughFate","floor":4.0},{"not_picked":["SashWhip","CrushJoints"],"picked":"Wallop","floor":5.0},{"not_picked":["FollowUp","Collect"],"picked":"Nirvana","floor":6.0},{"not_picked":["EmptyFist","SignatureMove"],"picked":"Blasphemy","floor":8.0},{"not_picked":["WreathOfFlame","CrushJoints","SignatureMove"],"picked":"Singing Bowl","floor":11.0}],"player_experience":2743063,"relics_obtained":[{"floor":6.0,"key":"Singing Bowl"},{"floor":8.0,"key":"Dream Catcher"},{"floor":9.0,"key":"Art of War"}],"event_choices":[{"damage_healed":0.0,"max_hp_gain":0.0,"max_hp_loss":0.0,"gold_gain":0.0,"event_name":"Scrap Ooze","player_choice":"Fled","floor":12.0,"gold_loss":0.0,"damage_taken":11.0},{"damage_healed":0.0,"max_hp_gain":0.0,"max_hp_loss":7.0,"gold_gain":0.0,"event_name":"Golden Idol","player_choice":"Lose Max HP","floor":13.0,"gold_loss":0.0,"damage_taken":0.0,"relics_obtained":["Golden Idol"]},{"damage_healed":0.0,"max_hp_gain":0.0,"max_hp_loss":0.0,"gold_gain":0.0,"event_name":"Living Wall","player_choice":"Grow","floor":14.0,"gold_loss":0.0,"damage_taken":0.0,"cards_upgraded":["Wallop"]}],"is_beta":false,"boss_relics":[],"items_purged_floors":[],"is_endless":false,"potions_floor_spawned":[1,6,8],"killed_by":"Slime Boss","ascension_level":20}}