{"host":"3jhxjeq8h3mqaq9s","time":1611721031,"event":{"mods":["BaseMod","Bestiary","Colored Map","Highlight Path","Minty Spire (QoL Compilation)","Rare Cards Sparkle","Relic Stats","StSLib","everything is the same but u backflip on backflip","slay the spire mod where everything is the same but ironclad has a cowboy hat"],"gold_per_floor":[115,134,147,24,0,26,26,26,102,134,34,62,62,88,88,190,190,200,200,200,219,232,261,109,129,129,129,129],"floor_reached":27,"language":"ENG","playtime":1559,"items_purged":["Strike_P","Strike_P"],"score":411,"play_id":"4ded94a5-5c95-4331-afb2-c687984d5959","local_time":"20210126231710","is_ascension_mode":true,"campfire_choices":[{"data":"Vigilance","floor":8,"key":"SMITH"},{"data":"TalkToTheHand","floor":13,"key":"SMITH"},{"data":"Meditate","floor":15,"key":"SMITH"}],"circlet_count":0,"master_deck":["Strike_P","Strike_P+1","Defend_P","Defend_P","Defend_P","Defend_P","Eruption+1","Vigilance+1","Conclude","CarveReality","CutThroughFate","BowlingBash+1","ThirdEye","TalkToTheHand+1","Meditate+1","Protect","SashWhip","LessonLearned"],"relics":["PureWater","Akabeko","Pantograph","Regal Pillow","Whetstone","Bottled Lightning","Philosopher\u0027s Stone","Nilry\u0027s Codex","Bird Faced Urn"],"acts_visited":["Exordium","TheCity"],"potions_floor_usage":[23,24,25,27],"damage_taken":[{"damage":0,"enemies":"2 Louse","floor":1,"turns":4},{"damage":0,"enemies":"Jaw Worm","floor":2,"turns":3},{"damage":0,"enemies":"Small Slimes","floor":3,"turns":2},{"damage":19,"enemies":"3 Sentries","floor":6,"turns":6},{"damage":8,"enemies":"Lagavulin","floor":10,"turns":3},{"damage":0,"enemies":"Gremlin Nob","floor":12,"turns":2},{"damage":0,"enemies":"Lagavulin","floor":14,"turns":2},{"damage":42,"enemies":"Hexaghost","floor":16,"turns":10},{"damage":12,"enemies":"2 Thieves","floor":18,"turns":3},{"damage":1,"enemies":"Shell Parasite","floor":21,"turns":4},{"damage":17,"enemies":"Shelled Parasite and Fungi","floor":22,"turns":6},{"damage":42,"enemies":"Gremlin Leader","floor":23,"turns":6},{"damage":18,"enemies":"Snake Plant","floor":25,"turns":9},{"damage":9,"enemies":"Book of Stabbing","floor":27,"turns":5}],"seed_played":"1246121933916076072","potions_obtained":[{"floor":1,"key":"Swift Potion"},{"floor":3,"key":"PowerPotion"},{"floor":10,"key":"Explosive Potion"},{"floor":14,"key":"Strength Potion"},{"floor":22,"key":"AttackPotion"}],"is_trial":false,"path_per_floor":["M","M","M","$","?","E","?","R","T","E","$","E","R","E","R","B",null,"M","?","?","M","M","E","$","M","T","E"],"character_chosen":"WATCHER","items_purchased":["BowlingBash","Fruit Juice","Block Potion"],"campfire_rested":0,"item_purchase_floors":[4,24,24],"current_hp_per_floor":[72,72,72,72,72,53,53,53,53,45,45,45,45,45,45,28,61,49,33,82,81,64,22,27,9,9,0,0],"gold":129,"neow_bonus":"UPGRADE_CARD","is_daily":false,"chose_seed":false,"campfire_upgraded":3,"win_rate":0.0,"timestamp":1611721030,"path_taken":["M","M","M","$","?","E","?","R","T","E","$","E","R","E","R","BOSS","M","?","?","?","M","E","$","M","T","E"],"items_purchased_type":["Card","Potion","Potion"],"build_version":"2020-12-22","purchased_purges":2,"victory":false,"max_hp_per_floor":[72,72,72,72,72,72,72,72,72,72,72,72,72,72,72,72,72,72,72,82,82,82,82,87,87,87,87,87],"relic_stats":{"Regal Pillow":0,"counters":[14,65],"Pantograph":25,"Bird Faced Urn":[0],"Whetstone":["BowlingBash","Strike_P"],"obtain_stats":[{"Regal Pillow":10,"Nilry\u0027s Codex":19,"Pantograph":9,"Bird Faced Urn":23,"Philosopher\u0027s Stone":17,"Whetstone":12,"Bottled Lightning":14,"PureWater":0,"Akabeko":6},{"Regal Pillow":5,"Nilry\u0027s Codex":9,"Pantograph":4,"Bird Faced Urn":12,"Philosopher\u0027s Stone":8,"Whetstone":6,"Bottled Lightning":7,"PureWater":0,"Akabeko":4},{"Regal Pillow":18,"Nilry\u0027s Codex":35,"Pantograph":15,"Bird Faced Urn":51,"Philosopher\u0027s Stone":32,"Whetstone":20,"Bottled Lightning":22,"PureWater":0,"Akabeko":15}]},"card_choices":[{"not_picked":["EmptyFist","ClearTheMind"],"picked":"Conclude","floor":1},{"not_picked":["EmptyFist","FollowUp"],"picked":"CarveReality","floor":2},{"not_picked":["BowlingBash","Protect"],"picked":"CutThroughFate","floor":3},{"not_picked":["JustLucky","Vengeance"],"picked":"ThirdEye","floor":6},{"not_picked":["EmptyMind","Blasphemy","Consecrate"],"picked":"SKIP","floor":10},{"not_picked":["Protect","Study"],"picked":"TalkToTheHand","floor":12},{"not_picked":["WaveOfTheHand","Prostrate"],"picked":"Meditate","floor":14},{"not_picked":["Blasphemy","Omniscience"],"picked":"Wish","floor":16},{"not_picked":["Meditate","FlurryOfBlows+1"],"picked":"Protect","floor":18},{"not_picked":["Crescendo","CrushJoints","ClearTheMind"],"picked":"SKIP","floor":21},{"not_picked":["Collect","ClearTheMind"],"picked":"SashWhip","floor":22},{"not_picked":["Swivel","Pray","FearNoEvil"],"picked":"SKIP","floor":23},{"not_picked":["Crescendo","EmptyMind"],"picked":"LessonLearned","floor":25}],"player_experience":2469390,"relics_obtained":[{"floor":6,"key":"Akabeko"},{"floor":9,"key":"Pantograph"},{"floor":10,"key":"Regal Pillow"},{"floor":12,"key":"Whetstone"},{"floor":14,"key":"Bottled Lightning"},{"floor":19,"key":"Nilry\u0027s Codex"},{"floor":23,"key":"Bird Faced Urn"}],"event_choices":[{"damage_healed":0,"gold_gain":0,"player_choice":"Left Gold","damage_taken":0,"max_hp_gain":0,"max_hp_loss":0,"event_name":"World of Goop","floor":5,"gold_loss":24},{"damage_healed":0,"gold_gain":0,"player_choice":"Ignored","damage_taken":0,"max_hp_gain":0,"max_hp_loss":0,"event_name":"Shining Light","floor":7,"gold_loss":0},{"damage_healed":0,"gold_gain":0,"player_choice":"Obtained Book","damage_taken":16,"max_hp_gain":0,"max_hp_loss":0,"event_name":"Cursed Tome","floor":19,"gold_loss":0},{"cards_removed":["Wish"],"damage_healed":39,"gold_gain":0,"player_choice":"Offered Rare","damage_taken":0,"max_hp_gain":10,"max_hp_loss":0,"event_name":"Bonfire Elementals","floor":20,"gold_loss":0}],"is_beta":false,"boss_relics":[{"not_picked":["Black Star","Empty Cage"],"picked":"Philosopher\u0027s Stone"}],"items_purged_floors":[4,11],"is_endless":false,"potions_floor_spawned":[1,3,10,14,21,22],"killed_by":"Book of Stabbing","ascension_level":5}}