{"host":"pesfwaef25r60kxm","time":1611730792,"event":{"mods":["ATMod(阿瑾Mod)","Act Like it!","Arknights The Spire","BaseMod","Colored Powertips","Gensokyo","Minty Spire (QoL Compilation)","Replay The Spire","RumiaBox-露米娅的神秘盒子","Spicy Shops","StSLib","WarShipGirlsR/战舰少女R mod","[IsaacMod]以撒尖塔","noobMod","【遗物卡牌】REMEMod"],"gold_per_floor":[119,169,181,21,21,50,50,78,78,89,115,115,290,365,365,464,464,482,482,41,60,110,141,141,153,178,192,73,85,5,25,25,124,124,134,150,150,196,96,123,142,154,154,169,195,62,112,139,139,139,139,139,19,45,45],"floor_reached":56,"language":"ZHS","playtime":2364,"items_purged":["Amnesia","Replay:Hysterical Blindness","Delirium","ReplayTheSpireMod:Restless Dread","Doubt","Languid"],"score":1723,"play_id":"19fa959e-8d32-4219-972e-a233fa574da6","local_time":"20210127145952","is_ascension_mode":false,"campfire_choices":[{"data":"rmod:maintain","floor":12,"key":"SMITH"},{"data":"rmod:basicallowance","floor":15,"key":"SMITH"},{"data":"rmod:maingunfire","floor":24,"key":"SMITH"},{"floor":32,"key":"RECALL"},{"data":"Looming Evil","floor":49,"key":"PURGE"},{"data":"1","floor":52,"key":"LIFT"}],"circlet_count":0,"master_deck":["rmod:strick","rmod:strick","rmod:strick","rmod:strick","rmod:defend","rmod:defend","rmod:defend","rmod:defend","rmod:basicallowance+1","rmod:maingunfire+1","Phantasmal Killer","rmod:chargemoney","rmod:steelsupply","rmod:maintain+1","rmod:aluminumsupply","rmod:diaomin","rmod:ammunitionsupply","rmod:saltedfish+1","rmod:steelsupply","rmod:ammunitionsupply","rmod:firesupport","Writhe","rmod:luckystar","rmod:heivgo","rmod:mineteam","rmod:goodfighter+1","rmod:lonelyqueen+1","rmod:rockthrower","rmod:aviationdawn+1","rmod:expeditionaryescort+1"],"relics":["rmod:firstchargereward","HushsDoor","ice","REME_ComplimentaryCards","AT_ATBox","NeowsBlessing","SatanicBible","ReplayTheSpireMod:Ring of Exchange","Ring of Greed","The Courier","Golden Egg","AT_BladeRuinedKing","Orichalcum","SSSystem","Mango","Onion Ring","Potion Belt","rmod:monthlycard","Happy Flower","PreservedInsect","AnarchistCookbook","AT_PhaseBoots","Replay:Bottled Flurry","MealTicket","AT_SunfireAegis","EasyGame_NEW","GuppysHead","GuppysPaw","Bag of Marbles","MagicDraw4","GnawedLeaf","Bronze Scales","Girya","Calipers","MagicDraw2","Replay:Wax Seal","Replay:Towering Pillar of Hats","GodSword7"],"acts_visited":["Exordium","TheCity","TheBeyond","TheEnding"],"potions_floor_usage":[4,55,55,55],"damage_taken":[{"damage":0,"enemies":"Small Slimes","floor":1,"turns":1},{"damage":0,"enemies":"2 Louse","floor":3,"turns":1},{"damage":0,"enemies":"Replay:BlueRogue","floor":6,"turns":1},{"damage":8,"enemies":"Lagavulin","floor":8,"turns":7},{"damage":4,"enemies":"Jaw Worm","floor":10,"turns":4},{"damage":6,"enemies":"Replay:BlueRogue","floor":11,"turns":5},{"damage":0,"enemies":"Fading Forest","floor":16,"turns":11},{"damage":0,"enemies":"2 Thieves","floor":18,"turns":1},{"damage":0,"enemies":"3 Byrds","floor":21,"turns":1},{"damage":47,"enemies":"Hiden Room Battle","floor":22,"turns":5},{"damage":25,"enemies":"Replay:Snechameleon","floor":23,"turns":4},{"damage":18,"enemies":"Snecko","floor":25,"turns":5},{"damage":44,"enemies":"Chosen and Byrds","floor":27,"turns":6},{"damage":0,"enemies":"Shelled Parasite and Fungi","floor":29,"turns":3},{"damage":0,"enemies":"Snecko","floor":31,"turns":2},{"damage":11,"enemies":"Champ","floor":33,"turns":4},{"damage":20,"enemies":"3 Shapes","floor":35,"turns":3},{"damage":6,"enemies":"3 Darklings","floor":36,"turns":2},{"damage":0,"enemies":"R_Hoarder","floor":40,"turns":2},{"damage":0,"enemies":"Sphere and 2 Shapes","floor":41,"turns":4},{"damage":0,"enemies":"4 Shapes","floor":42,"turns":1},{"damage":0,"enemies":"Jaw Worm Horde","floor":44,"turns":1},{"damage":0,"enemies":"Reptomancer","floor":45,"turns":3},{"damage":0,"enemies":"Hiden Room Battle","floor":47,"turns":1},{"damage":0,"enemies":"Giant Head","floor":48,"turns":3},{"damage":0,"enemies":"Awakened One","floor":50,"turns":4},{"damage":0,"enemies":"Shield and Spear","floor":54,"turns":4},{"damage":0,"enemies":"The Heart","floor":55,"turns":3}],"seed_played":"4134425251305568888","potions_obtained":[{"floor":8,"key":"SmokeBomb"},{"floor":10,"key":"SpeedPotion"},{"floor":11,"key":"Ancient Potion"},{"floor":21,"key":"Swift Potion"},{"floor":23,"key":"LiquidMemories"},{"floor":31,"key":"ColorlessPotion"},{"floor":41,"key":"Elixir"}],"is_trial":false,"path_per_floor":["M","?","M","$","?","E","$","E","T","M","E","R","?","?","R","B",null,"M","?","$","M","?","E","R","M","T","M","$","M","$","M","R","B",null,"M","M","?","T","$","E","M","M","T","M","E","$","?","E","R","B",null,"R","$","E","B",null],"character_chosen":"PRAEFECT","items_purchased":["AT_BladeRuinedKing","REME_GoldPotion","Happy Flower","PreservedInsect","AnarchistCookbook","AT_SunfireAegis","GuppysHead","GuppysPaw","Girya","Calipers"],"campfire_rested":0,"item_purchase_floors":[4,4,20,20,20,28,34,34,46,46],"current_hp_per_floor":[75,75,75,75,68,68,68,60,74,70,64,64,64,29,29,39,84,84,84,84,84,22,78,78,60,60,93,93,93,98,98,98,87,73,53,47,47,47,62,62,64,68,68,70,74,87,76,78,78,80,89,89,89,89,91],"gold":45,"neow_bonus":"THREE_ENEMY_KILL","is_daily":false,"chose_seed":false,"campfire_upgraded":3,"win_rate":0.0,"timestamp":1611730792,"path_taken":["M","?","M","$","?","E","?","E","T","?","E","R","?","?","R","BOSS","M","?","$","?","?","E","R","M","T","M","$","M","?","M","R","BOSS","M","M","?","?","$","E","M","M","T","M","E","$","?","E","R","BOSS","R","$","E","BOSS"],"items_purchased_type":["Relic","Potion","Relic","Relic","Relic","Relic","Relic","Relic","Relic","Relic"],"build_version":"2020-12-22","purchased_purges":6,"victory":true,"max_hp_per_floor":[75,75,75,75,75,75,75,75,89,89,89,89,89,89,89,89,84,84,84,84,84,84,87,87,89,89,93,93,98,98,98,98,100,73,77,79,79,79,79,79,84,86,86,86,87,87,87,88,88,89,89,89,89,92,123],"card_choices":[{"not_picked":["rmod:aluminumsupply","rmod:goodfighter"],"picked":"rmod:chargemoney","floor":1},{"not_picked":["rmod:openingtorpedo","rmod:circuitoustactics"],"picked":"rmod:steelsupply","floor":3},{"not_picked":["rmod:guardianhero","rmod:smokecover"],"picked":"rmod:maintain","floor":6},{"not_picked":["rmod:sl","rmod:bulid"],"picked":"rmod:aluminumsupply","floor":8},{"not_picked":["rmod:supportescort","rmod:victimresponsibility","rmod:bulid"],"picked":"SKIP","floor":10},{"not_picked":["rmod:saltedfish","rmod:diamondstrike"],"picked":"rmod:diaomin","floor":11},{"not_picked":["rmod:maintain","rmod:unsinkable"],"picked":"Bomb","floor":14},{"not_picked":["rmod:robin","rmod:goodsister"],"picked":"rmod:ammunitionsupply","floor":14},{"not_picked":["rmod:supriseattacks","rmod:expeditionaryescort"],"picked":"rmod:saltedfish","floor":16},{"not_picked":["rmod:aluminumsupply","rmod:fletcherpendant"],"picked":"rmod:steelsupply","floor":18},{"not_picked":["rmod:fletcherpendant","rmod:intelligenceanalysis+1","rmod:unsinkable"],"picked":"SKIP","floor":21},{"not_picked":["rmod:goodfighter","rmod:fuelsupply"],"picked":"rmod:firesupport","floor":22},{"not_picked":["rmod:tearstotiara","rmod:windflower"],"picked":"rmod:luckystar","floor":23},{"not_picked":["rmod:supportescort","rmod:luckystar"],"picked":"rmod:heivgo","floor":25},{"not_picked":["rmod:maintain+1","rmod:tearstotiara","rmod:rockthrower"],"picked":"SKIP","floor":27},{"not_picked":["rmod:victimresponsibility","rmod:ammunitionsupply"],"picked":"rmod:mineteam","floor":29},{"not_picked":["rmod:slowdown","rmod:ammunitionsupply+1"],"picked":"rmod:goodfighter+1","floor":31},{"not_picked":["rmod:circuitoustactics","rmod:maintain","rmod:steelsupply+1"],"picked":"SKIP","floor":35},{"not_picked":["rmod:aluminumsupply","rmod:victimresponsibility","rmod:firesupport"],"picked":"SKIP","floor":36},{"not_picked":["rmod:steelsupply+1","rmod:supportescort","rmod:intelligenceanalysis+1"],"picked":"SKIP","floor":40},{"not_picked":["rmod:guardianhero+1","rmod:capitalist"],"picked":"rmod:lonelyqueen+1","floor":41},{"not_picked":["rmod:ring","rmod:stealaluminum","rmod:steelsupply+1"],"picked":"SKIP","floor":42},{"not_picked":["rmod:tearstotiara","rmod:goodsister+1","rmod:firesupport"],"picked":"SKIP","floor":44},{"not_picked":["rmod:generalist+1","rmod:circuitoustactics+1"],"picked":"rmod:rockthrower","floor":45},{"not_picked":["rmod:sl+1","rmod:generalist"],"picked":"rmod:aviationdawn+1","floor":47},{"not_picked":["rmod:diaomin","rmod:circuitoustactics+1","rmod:fletcherpendant"],"picked":"SKIP","floor":48},{"not_picked":["rmod:firesupport+1","rmod:aluminumsupply+1"],"picked":"rmod:expeditionaryescort","floor":54}],"player_experience":91744,"relics_obtained":[{"floor":2,"key":"ReplayTheSpireMod:Ring of Exchange"},{"floor":2,"key":"Ring of Greed"},{"floor":2,"key":"The Courier"},{"floor":2,"key":"Golden Egg"},{"floor":6,"key":"Orichalcum"},{"floor":8,"key":"SSSystem"},{"floor":9,"key":"Mango"},{"floor":11,"key":"Onion Ring"},{"floor":14,"key":"Potion Belt"},{"floor":22,"key":"AT_SpeedBoots"},{"floor":22,"key":"Replay:Bottled Flurry"},{"floor":23,"key":"MealTicket"},{"floor":38,"key":"Bag of Marbles"},{"floor":40,"key":"MagicDraw4"},{"floor":43,"key":"GnawedLeaf"},{"floor":45,"key":"Bronze Scales"},{"floor":47,"key":"MagicDraw2"},{"floor":47,"key":"Replay:Wax Seal"},{"floor":48,"key":"Replay:Towering Pillar of Hats"},{"floor":54,"key":"GodSword7"}],"event_choices":[{"cards_removed":["Doubt"],"damage_healed":0,"gold_gain":0,"player_choice":"Card Removal","damage_taken":7,"max_hp_gain":0,"max_hp_loss":0,"event_name":"Golden Wing","floor":5,"gold_loss":0},{"damage_healed":0,"gold_gain":175,"player_choice":"AGREE","damage_taken":0,"max_hp_gain":0,"max_hp_loss":0,"event_name":"Liars Game","floor":13,"gold_loss":0,"cards_obtained":["Doubt"]},{"damage_healed":0,"gold_gain":0,"player_choice":"Read","damage_taken":0,"max_hp_gain":0,"max_hp_loss":0,"event_name":"The Library","floor":19,"gold_loss":0,"cards_obtained":["rmod:ammunitionsupply"]},{"damage_healed":0,"gold_gain":0,"player_choice":"Fight","damage_taken":0,"max_hp_gain":0,"max_hp_loss":0,"event_name":"HidenRoomEvent","floor":22,"gold_loss":0},{"damage_healed":0,"gold_gain":0,"player_choice":"Ignored","damage_taken":0,"max_hp_gain":0,"max_hp_loss":0,"event_name":"NoteForYourself","floor":37,"gold_loss":0},{"damage_healed":0,"gold_gain":0,"player_choice":"Fight","damage_taken":0,"max_hp_gain":0,"max_hp_loss":0,"event_name":"HidenRoomEvent","floor":47,"gold_loss":0}],"is_beta":false,"boss_relics":[{"not_picked":["REME_DuelDisc","ReplayTheSpireMod:CursedCoin"],"picked":"rmod:monthlycard"},{"not_picked":[]},{"not_picked":["Habit","ReplayTheSpireMod:DimensionalGlitch"],"picked":"EasyGame_NEW"},{"not_picked":[]}],"items_purged_floors":[17,20,30,34,39,53],"is_endless":false,"potions_floor_spawned":[8,10,11,21,23,31,33,35,40,41,45,47],"ascension_level":0}}