{"host":"d9m9v0h6vo0edadb","time":1611764025,"event":{"mods":["BaseMod","Hermit","Keyboard Shortcuts","Minty Spire (QoL Compilation)","StSLib","SuperFastMode","The Cursed"],"gold_per_floor":[110,124,199,212,229,229,154,185,210,210,210,230,247,259,259,259,358,358,379,379,379],"floor_reached":20,"language":"KOR","playtime":313,"items_purged":["Strike_B"],"score":352,"play_id":"e9721498-896f-428b-bc35-f5b8d56fd6c1","local_time":"20210128011345","is_ascension_mode":true,"campfire_choices":[{"data":"Coolheaded","floor":6,"key":"SMITH"},{"data":"Dualcast","floor":11,"key":"SMITH"},{"floor":16,"key":"REST"}],"circlet_count":0,"master_deck":["AscendersBane","Strike_B","Strike_B","Strike_B","Defend_B","Defend_B","Defend_B","Defend_B","Zap","Dualcast+1","Cold Snap","Coolheaded+1","Gash","Reboot","Blizzard","Core Surge"],"relics":["Cracked Core","Art of War","Smiling Mask","Pantograph","Golden Idol","Runic Pyramid"],"acts_visited":["Exordium","TheCity"],"potions_floor_usage":[8,8,14,17],"damage_taken":[{"damage":1,"enemies":"Cultist","floor":1,"turns":4},{"damage":10,"enemies":"Small Slimes","floor":2,"turns":3},{"damage":0,"enemies":"2 Louse","floor":4,"turns":2},{"damage":4,"enemies":"Blue Slaver","floor":5,"turns":5},{"damage":11,"enemies":"Lagavulin","floor":8,"turns":6},{"damage":9,"enemies":"Exordium Thugs","floor":12,"turns":4},{"damage":5,"enemies":"3 Louse","floor":13,"turns":4},{"damage":7,"enemies":"Blue Slaver","floor":14,"turns":5},{"damage":33,"enemies":"The Guardian","floor":17,"turns":14},{"damage":40,"enemies":"3 Byrds","floor":19,"turns":6},{"damage":13,"enemies":"Spheric Guardian","floor":20,"turns":3}],"seed_played":"-180825829623396871","potions_obtained":[{"floor":0,"key":"AttackPotion"},{"floor":0,"key":"DistilledChaos"},{"floor":8,"key":"Strength Potion"},{"floor":12,"key":"Swift Potion"}],"is_trial":false,"path_per_floor":["M","M","?","M","M","R","$","E","T","T","R","M","M","M","?","R","B",null,"M","M"],"character_chosen":"DEFECT","items_purchased":[],"campfire_rested":1,"item_purchase_floors":[],"current_hp_per_floor":[63,53,42,42,38,38,38,27,27,27,27,18,13,6,6,25,17,52,12,0,0],"gold":379,"neow_bonus":"THREE_SMALL_POTIONS","is_daily":false,"chose_seed":false,"campfire_upgraded":2,"win_rate":0.0,"timestamp":1611764025,"path_taken":["M","?","?","M","M","R","$","E","T","T","R","M","M","M","?","R","BOSS","M","M"],"items_purchased_type":[],"build_version":"2020-12-22","purchased_purges":1,"victory":false,"max_hp_per_floor":[71,71,71,71,71,71,71,71,71,71,71,71,71,71,64,64,64,64,64,64,64],"card_choices":[{"not_picked":["Leap","Fusion"],"picked":"Cold Snap","floor":1},{"not_picked":["Ball Lightning","Turbo"],"picked":"Coolheaded","floor":2},{"not_picked":["Leap","Conserve Battery","Turbo"],"picked":"SKIP","floor":4},{"not_picked":["Barrage","Turbo"],"picked":"Gash","floor":5},{"not_picked":["Redo","Reinforced Body"],"picked":"Reboot","floor":8},{"not_picked":["Melter","Hologram"],"picked":"Blizzard","floor":12},{"not_picked":["Turbo","Rip and Tear","Rebound"],"picked":"SKIP","floor":13},{"not_picked":["Redo","Reinforced Body","Rip and Tear"],"picked":"SKIP","floor":14},{"not_picked":["Multi-Cast","Hyperbeam"],"picked":"Core Surge","floor":17},{"not_picked":["Ball Lightning","Rebound+1","Consume+1"],"picked":"SKIP","floor":19}],"player_experience":994107,"relics_obtained":[{"floor":8,"key":"Art of War"},{"floor":9,"key":"Smiling Mask"},{"floor":10,"key":"Pantograph"}],"event_choices":[{"damage_healed":0,"gold_gain":75,"player_choice":"Gather Gold","damage_taken":11,"max_hp_gain":0,"max_hp_loss":0,"event_name":"World of Goop","floor":3,"gold_loss":0},{"damage_healed":0,"gold_gain":0,"player_choice":"Lose Max HP","damage_taken":0,"relics_obtained":["Golden Idol"],"max_hp_gain":0,"max_hp_loss":7,"event_name":"Golden Idol","floor":15,"gold_loss":0}],"is_beta":false,"boss_relics":[{"not_picked":["Runic Dome","Sozu"],"picked":"Runic Pyramid"}],"items_purged_floors":[7],"is_endless":false,"potions_floor_spawned":[2,8,12],"killed_by":"Spheric Guardian","ascension_level":20}}