{"host":"y3h3n3f7seyagppx","time":1611724742,"event":{"mods":["AlwaysNeverKeys","BaseMod","Better Vampires","Colored Powertips","DeckTracker","Emptier Cage","Minty Spire (QoL Compilation)","Permanent Neow","Quick Restart","Rare Cards Sparkle","Relic Sorter","Relic Stats","StSLib","Transform Curses"],"gold_per_floor":[14,30,44,44,62,87,87,114,139,139,150,150,179,15,15,89,89,105,105,105,380,1,1,30,45,45,45,65,99,117,117,117,189,189,206,218,218,218,228,228,258,282,294,318,355,386,425,447,459,471,483,495,507,36,68,68],"floor_reached":57,"language":"ENG","playtime":6197,"items_purged":["Regret","Immolate+1"],"score":2829,"play_id":"14b37b98-bc65-4b9c-8d1a-6106e27fb1b3","local_time":"20210127001902","is_ascension_mode":true,"campfire_choices":[{"data":"Armaments","floor":7.0,"key":"SMITH"},{"floor":12.0,"key":"REST"},{"data":"True Grit","floor":15.0,"key":"SMITH"},{"data":"Immolate","floor":23.0,"key":"SMITH"},{"floor":27.0,"key":"REST"},{"data":"Berserk","floor":32.0,"key":"SMITH"},{"data":"Entrench","floor":40.0,"key":"SMITH"},{"data":"Impervious","floor":49.0,"key":"SMITH"},{"data":"Shockwave","floor":53.0,"key":"SMITH"}],"circlet_count":0,"master_deck":["AscendersBane","Defend_R+1","Defend_R","Defend_R","Defend_R+1","Bash","Berserk+1","Entrench+1","Hemokinesis+1","Headbutt+1","Armaments+1","Rupture","True Grit+1","Shrug It Off","Impervious+1","Shockwave+1","Spot Weakness","Offering","Disarm","Barricade","Body Slam","Shrug It Off","Evolve"],"relics":["Burning Blood","Mummified Hand","Whetstone","Regal Pillow","Lantern","Bronze Scales","Runic Pyramid","Toolbox","Smiling Mask","InkBottle","Bottled Tornado","Nilry\u0027s Codex","Coffee Dripper","MawBank","Champion Belt","Blue Candle","Singing Bowl","OrangePellets","Red Skull","War Paint"],"acts_visited":["Exordium","TheCity","TheBeyond","TheEnding"],"potions_floor_usage":[56,56],"damage_taken":[{"damage":7.0,"enemies":"Jaw Worm","floor":1.0,"turns":6.0},{"damage":1.0,"enemies":"Cultist","floor":2.0,"turns":4.0},{"damage":10.0,"enemies":"2 Louse","floor":3.0,"turns":5.0},{"damage":16.0,"enemies":"Exordium Thugs","floor":5.0,"turns":4.0},{"damage":43.0,"enemies":"3 Sentries","floor":6.0,"turns":11.0},{"damage":33.0,"enemies":"Gremlin Nob","floor":8.0,"turns":4.0},{"damage":12.0,"enemies":"Gremlin Gang","floor":11.0,"turns":7.0},{"damage":17.0,"enemies":"Lagavulin","floor":13.0,"turns":7.0},{"damage":28.0,"enemies":"The Guardian","floor":16.0,"turns":11.0},{"damage":28.0,"enemies":"Shell Parasite","floor":18.0,"turns":5.0},{"damage":17.0,"enemies":"Slavers","floor":24.0,"turns":4.0},{"damage":0.0,"enemies":"2 Thieves","floor":25.0,"turns":3.0},{"damage":2.0,"enemies":"3 Cultists","floor":28.0,"turns":3.0},{"damage":10.0,"enemies":"Gremlin Leader","floor":29.0,"turns":4.0},{"damage":6.0,"enemies":"Cultist and Chosen","floor":30.0,"turns":5.0},{"damage":8.0,"enemies":"Champ","floor":33.0,"turns":12.0},{"damage":12.0,"enemies":"3 Shapes","floor":35.0,"turns":4.0},{"damage":8.0,"enemies":"Orb Walker","floor":36.0,"turns":4.0},{"damage":2.0,"enemies":"3 Darklings","floor":39.0,"turns":4.0},{"damage":9.0,"enemies":"Nemesis","floor":41.0,"turns":5.0},{"damage":15.0,"enemies":"Jaw Worm Horde","floor":42.0,"turns":3.0},{"damage":2.0,"enemies":"4 Shapes","floor":44.0,"turns":6.0},{"damage":8.0,"enemies":"Reptomancer","floor":45.0,"turns":6.0},{"damage":0.0,"enemies":"Maw","floor":46.0,"turns":7.0},{"damage":3.0,"enemies":"Giant Head","floor":47.0,"turns":6.0},{"damage":11.0,"enemies":"Transient","floor":48.0,"turns":6.0},{"damage":8.0,"enemies":"Time Eater","floor":50.0,"turns":8.0},{"damage":23.0,"enemies":"Awakened One","floor":51.0,"turns":8.0},{"damage":53,"enemies":"Shield and Spear","floor":55,"turns":10},{"damage":16,"enemies":"The Heart","floor":56,"turns":10}],"seed_played":"-5846738087051253910","potions_obtained":[{"floor":2.0,"key":"Regen Potion"},{"floor":6.0,"key":"ColorlessPotion"},{"floor":11.0,"key":"ColorlessPotion"},{"floor":28.0,"key":"Dexterity Potion"},{"floor":47.0,"key":"BlessingOfTheForge"},{"floor":55,"key":"SpeedPotion"}],"is_trial":false,"path_per_floor":["M","M","M","?","M","E","R","E","T","?","M","R","E","$","R","B",null,"M","?","?","?","$","R","E","M","T","R","M","E","M","?","R","B",null,"M","M","?","?","M","R","E","M","T","M","E","M","E","M","R","B","B",null,"R","$","E","B",null],"character_chosen":"IRONCLAD","items_purchased":["Bronze Scales","Spot Weakness","Toolbox","SkillPotion","OrangePellets","SpeedPotion","Red Skull","Shrug It Off"],"campfire_rested":2,"item_purchase_floors":[14,22,22,22,54,54,54,54],"current_hp_per_floor":[67,72,68,68,58,36,36,9,9,34,28,65,54,54,54,32,64,42,42,42,42,42,42,31,37,37,74,75,71,71,50,50,48,68,62,60,60,60,64,64,61,52,52,56,54,60,65,62,62,60,43,70,70,70,23,13],"gold":68,"neow_bonus":"TRANSFORM_TWO_CARDS","is_daily":false,"chose_seed":false,"campfire_upgraded":7,"win_rate":0.0,"timestamp":1611724742,"path_taken":["M","M","M","?","?","E","R","E","T","?","M","R","E","$","R","BOSS","M","?","?","?","$","R","E","?","T","R","?","E","M","?","R","BOSS","M","M","?","?","M","R","E","M","T","M","E","M","E","M","R","BOSS","BOSS","R","$","E","BOSS"],"items_purchased_type":["Relic","Card","Relic","Potion","Relic","Potion","Relic","Card"],"build_version":"2020-12-22","purchased_purges":2,"victory":true,"max_hp_per_floor":[75,75,75,75,75,75,75,75,75,75,75,75,75,75,75,75,75,75,75,75,75,75,75,75,75,75,75,75,75,75,75,75,75,75,75,75,75,75,75,75,75,75,75,75,75,75,77,79,79,79,79,79,79,79,79,79],"relic_stats":{"Regal Pillow":30,"Singing Bowl":4,"counters":[30,182],"Blue Candle":[0],"Whetstone":["Headbutt","Strike_R"],"War Paint":["Defend_R","Defend_R"],"Smiling Mask":50,"MawBank":156,"Burning Blood":177,"OrangePellets":[4],"Mummified Hand":[67],"Bronze Scales":[542],"Champion Belt":[23],"obtain_stats":[{"Regal Pillow":9,"Lantern":13,"Singing Bowl":47,"Nilry\u0027s Codex":31,"Blue Candle":45,"Whetstone":8,"Bottled Tornado":29,"War Paint":55,"Smiling Mask":24,"MawBank":41,"Burning Blood":0,"OrangePellets":54,"Mummified Hand":6,"Bronze Scales":14,"Toolbox":22,"Coffee Dripper":34,"Champion Belt":43,"InkBottle":26,"Red Skull":54,"Runic Pyramid":17},{"Regal Pillow":6,"Lantern":8,"Singing Bowl":25,"Nilry\u0027s Codex":15,"Blue Candle":23,"Whetstone":6,"Bottled Tornado":14,"War Paint":29,"Smiling Mask":11,"MawBank":20,"Burning Blood":0,"OrangePellets":28,"Mummified Hand":5,"Bronze Scales":8,"Toolbox":10,"Coffee Dripper":16,"Champion Belt":21,"InkBottle":12,"Red Skull":28,"Runic Pyramid":9},{"Regal Pillow":34,"Lantern":48,"Singing Bowl":140,"Nilry\u0027s Codex":83,"Blue Candle":127,"Whetstone":34,"Bottled Tornado":78,"War Paint":172,"Smiling Mask":68,"MawBank":112,"Burning Blood":0,"OrangePellets":162,"Mummified Hand":30,"Bronze Scales":48,"Toolbox":64,"Coffee Dripper":95,"Champion Belt":115,"InkBottle":71,"Red Skull":162,"Runic Pyramid":59}],"InkBottle":[47]},"card_choices":[{"not_picked":["Flex","Clash","Wild Strike"],"picked":"SKIP","floor":1.0},{"not_picked":["Flex","Clash","Wild Strike"],"picked":"SKIP","floor":1.0},{"not_picked":["Shrug It Off","Headbutt"],"picked":"Hemokinesis","floor":2.0},{"not_picked":["Sword Boomerang","Thunderclap"],"picked":"Headbutt","floor":3.0},{"not_picked":["Shrug It Off","True Grit"],"picked":"Armaments","floor":5.0},{"not_picked":["Perfected Strike","Pummel"],"picked":"Rupture","floor":6.0},{"not_picked":["Limit Break","Burning Pact","Iron Wave"],"picked":"SKIP","floor":8.0},{"not_picked":["Pommel Strike","Flex","Bloodletting"],"picked":"SKIP","floor":11.0},{"not_picked":["Clash","Sever Soul"],"picked":"True Grit","floor":13.0},{"not_picked":["Reaper","Fiend Fire"],"picked":"Immolate","floor":16.0},{"not_picked":["Havoc","Ghostly Armor"],"picked":"Shrug It Off","floor":18.0},{"not_picked":["Disarm","Flex"],"picked":"Offering","floor":24.0},{"not_picked":["True Grit","Armaments","Anger"],"picked":"SKIP","floor":25.0},{"not_picked":["Pommel Strike","Dual Wield"],"picked":"Disarm","floor":28.0},{"not_picked":["Carnage","Disarm","Rampage"],"picked":"SKIP","floor":29.0},{"not_picked":["Armaments","Clash","Rupture+1"],"picked":"SKIP","floor":30.0},{"not_picked":["Feed","Fiend Fire"],"picked":"Barricade","floor":33.0},{"not_picked":["Shockwave","True Grit"],"picked":"Body Slam","floor":35.0},{"not_picked":["Sever Soul+1","Flex","Iron Wave"],"picked":"SKIP","floor":36.0},{"not_picked":["Pommel Strike","True Grit","Heavy Blade+1"],"picked":"SKIP","floor":39.0},{"not_picked":["True Grit","Immolate","Warcry"],"picked":"SKIP","floor":41.0},{"not_picked":["Armaments","Havoc+1","Rampage"],"picked":"SKIP","floor":42.0},{"not_picked":["Flex","Heavy Blade","Infernal Blade"],"picked":"SKIP","floor":44.0},{"not_picked":["Hemokinesis","Brutality","Heavy Blade+1"],"picked":"SKIP","floor":45.0},{"not_picked":["Intimidate","Iron Wave+1","Warcry"],"picked":"SKIP","floor":46.0},{"not_picked":["Heavy Blade","Twin Strike","Armaments"],"picked":"Singing Bowl","floor":47.0},{"not_picked":["Heavy Blade","Twin Strike","Spot Weakness"],"picked":"Singing Bowl","floor":48.0},{"not_picked":["Fire Breathing","Armaments"],"picked":"Evolve","floor":55}],"player_experience":21647838,"relics_obtained":[{"floor":6.0,"key":"Mummified Hand"},{"floor":8.0,"key":"Whetstone"},{"floor":9.0,"key":"Regal Pillow"},{"floor":13.0,"key":"Lantern"},{"floor":24.0,"key":"Smiling Mask"},{"floor":26.0,"key":"InkBottle"},{"floor":29.0,"key":"Bottled Tornado"},{"floor":31.0,"key":"Nilry\u0027s Codex"},{"floor":41.0,"key":"MawBank"},{"floor":43.0,"key":"Champion Belt"},{"floor":45.0,"key":"Blue Candle"},{"floor":47.0,"key":"Singing Bowl"},{"floor":55,"key":"War Paint"}],"event_choices":[{"damage_healed":0.0,"max_hp_gain":0.0,"max_hp_loss":0.0,"gold_gain":0.0,"event_name":"Upgrade Shrine","player_choice":"Upgraded","floor":4.0,"gold_loss":0.0,"damage_taken":0.0,"cards_upgraded":["Hemokinesis"]},{"damage_healed":25.0,"max_hp_gain":0.0,"max_hp_loss":0.0,"gold_gain":0.0,"event_name":"Big Fish","player_choice":"Banana","floor":10.0,"gold_loss":0.0,"damage_taken":0.0},{"damage_healed":0.0,"max_hp_gain":0.0,"max_hp_loss":0.0,"gold_gain":0.0,"cards_transformed":["Strike_R","Strike_R"],"event_name":"Drug Dealer","player_choice":"Became Test Subject","floor":19.0,"gold_loss":0.0,"damage_taken":0.0,"cards_obtained":["Impervious","Shockwave"]},{"damage_healed":0.0,"max_hp_gain":0.0,"max_hp_loss":0.0,"gold_gain":0.0,"event_name":"Vampires","player_choice":"Ignored","floor":20.0,"gold_loss":0.0,"damage_taken":0.0},{"damage_healed":0.0,"max_hp_gain":0.0,"max_hp_loss":0.0,"gold_gain":275.0,"event_name":"Golden Shrine","player_choice":"Desecrate","floor":21.0,"gold_loss":0.0,"damage_taken":0.0,"cards_obtained":["Regret"]},{"damage_healed":0.0,"max_hp_gain":0.0,"max_hp_loss":0.0,"gold_gain":0.0,"event_name":"Cursed Tome","player_choice":"Obtained Book","floor":31.0,"gold_loss":0.0,"damage_taken":21.0},{"damage_healed":0.0,"max_hp_gain":0.0,"max_hp_loss":0.0,"gold_gain":0.0,"event_name":"SensoryStone","player_choice":"Memory 1","floor":37.0,"gold_loss":0.0,"damage_taken":0.0},{"cards_removed":["Strike_R"],"damage_healed":0.0,"max_hp_gain":0.0,"max_hp_loss":0.0,"gold_gain":0.0,"event_name":"Falling","player_choice":"Removed Attack","floor":38.0,"gold_loss":0.0,"damage_taken":0.0}],"is_beta":false,"boss_relics":[{"not_picked":["SlaversCollar","Astrolabe"],"picked":"Runic Pyramid"},{"not_picked":["Runic Dome","Sozu"],"picked":"Coffee Dripper"}],"items_purged_floors":[22,54],"is_endless":false,"potions_floor_spawned":[2,6,11,28,29,35,36,44,47,55],"ascension_level":20}}