{"host":"iphsb0ccnjx0pfn6","time":1611723194,"event":{"mods":["2.2 Compatiblity","AchievementEnabler","BaseMod","Colored Map","DeckTracker","Keyboard Shortcuts","Minty Spire (QoL Compilation)","Permanent Neow","Quick Restart","Relic Stats","StSLib","SuperFastMode","Uncapped","everything is the same but u backflip on backflip"],"gold_per_floor":[113,188,188,188,188,188,212,212,260,284,284,284,284],"floor_reached":12,"language":"KOR","playtime":146,"items_purged":[],"score":132,"play_id":"1953ab27-162c-43b5-99de-b2336a6ab965","local_time":"20210127135314","is_ascension_mode":true,"campfire_choices":[{"data":"Gash","floor":6,"key":"SMITH"},{"data":"Gash","floor":8,"key":"SMITH"}],"circlet_count":0,"master_deck":["AscendersBane","Strike_B","Strike_B+1","Defend_B+1","Defend_B","Defend_B","Zap","Dualcast","Gash+1","Gash+1","Go for the Eyes"],"relics":["Cracked Core","Golden Idol","MealTicket"],"acts_visited":["Exordium"],"potions_floor_usage":[],"damage_taken":[{"damage":0.0,"enemies":"2 Louse","floor":1.0,"turns":3.0},{"damage":7,"enemies":"Jaw Worm","floor":7,"turns":3},{"damage":0,"enemies":"Small Slimes","floor":10,"turns":2},{"damage":40,"enemies":"3 Sentries","floor":12,"turns":6}],"seed_played":"4938027981983964262","potions_obtained":[{"floor":1,"key":"Energy Potion"}],"is_trial":false,"path_per_floor":["M","?","?","?","?","R","M","R","T","M","?","E"],"character_chosen":"DEFECT","items_purchased":[],"campfire_rested":0,"item_purchase_floors":[],"current_hp_per_floor":[64,53,34,34,27,27,20,20,20,20,39,0,0],"gold":284,"neow_bonus":"REMOVE_TWO","is_daily":false,"chose_seed":false,"campfire_upgraded":2,"win_rate":0.0,"timestamp":1611723194,"path_taken":["M","?","?","?","?","R","M","R","T","?","?","E"],"items_purchased_type":[],"build_version":"2020-12-22","purchased_purges":0,"victory":false,"max_hp_per_floor":[64,64,64,58,58,58,58,58,58,58,58,58,58],"relic_stats":{"counters":[4,14],"Golden Idol":10,"MealTicket":0,"obtain_stats":[{"Golden Idol":4,"MealTicket":9,"Cracked Core":0},{"Golden Idol":1,"MealTicket":2,"Cracked Core":0},{"Golden Idol":3,"MealTicket":6,"Cracked Core":0}]},"card_choices":[{"not_picked":["Self Repair","Hologram"],"picked":"Gash","floor":1},{"not_picked":["Glacier","Hologram"],"picked":"Gash","floor":7},{"not_picked":["Redo","Multi-Cast"],"picked":"Go for the Eyes","floor":10}],"player_experience":1286015,"relics_obtained":[{"floor":9,"key":"MealTicket"}],"event_choices":[{"damage_healed":0,"gold_gain":75,"player_choice":"Gather Gold","damage_taken":11,"max_hp_gain":0,"max_hp_loss":0,"event_name":"World of Goop","floor":2,"gold_loss":0},{"damage_healed":0,"gold_gain":0,"player_choice":"Entered Light","damage_taken":19,"max_hp_gain":0,"max_hp_loss":0,"event_name":"Shining Light","floor":3,"gold_loss":0,"cards_upgraded":["Strike_B","Defend_B"]},{"damage_healed":0,"gold_gain":0,"player_choice":"Lose Max HP","damage_taken":0,"relics_obtained":["Golden Idol"],"max_hp_gain":0,"max_hp_loss":6,"event_name":"Golden Idol","floor":4,"gold_loss":0},{"cards_removed":["Strike_B"],"damage_healed":0,"gold_gain":0,"player_choice":"Card Removal","damage_taken":7,"max_hp_gain":0,"max_hp_loss":0,"event_name":"Golden Wing","floor":5,"gold_loss":0},{"damage_healed":19,"gold_gain":0,"player_choice":"Banana","damage_taken":0,"max_hp_gain":0,"max_hp_loss":0,"event_name":"Big Fish","floor":11,"gold_loss":0}],"is_beta":false,"boss_relics":[],"items_purged_floors":[],"is_endless":false,"potions_floor_spawned":[1],"killed_by":"3 Sentries","ascension_level":20}}