{"host":"lktusdb9orijgc6z","time":1611768514,"event":{"mods":["BaseMod","Bestiary","Colored Map","Colored Powertips","Minty Spire (QoL Compilation)","Permanent Neow","Quick Restart","Relic Stats","StSLib","everything is the same but u backflip on backflip","slay the spire mod where everything is the same but ironclad has a cowboy hat"],"gold_per_floor":[113,113,131,144,157,157,188,188,237,70,70,91,106,106,106,204,204,223,223,236,236,236,236,252,267,317,342,342,371,390,3,3,82,82,102,102,22,70,87,121,121,146,146,181,181,194,194,241,241,241,241,241,241,7,38,38,38],"floor_reached":56,"language":"ENG","playtime":2927,"items_purged":["Dagger Throw","Pain"],"score":2021,"play_id":"39267448-9931-45bc-a720-f0c539b05373","local_time":"20210127182834","is_ascension_mode":true,"campfire_choices":[{"data":"Dagger Spray","floor":6.0,"key":"SMITH"},{"data":"Malaise","floor":11.0,"key":"SMITH"},{"floor":15.0,"key":"REST"},{"data":"Phantasmal Killer","floor":23.0,"key":"SMITH"},{"data":"Blade Dance","floor":28.0,"key":"SMITH"},{"floor":32.0,"key":"REST"},{"data":"Wraith Form v2","floor":41.0,"key":"SMITH"},{"data":"Adrenaline","floor":45.0,"key":"SMITH"},{"data":"Accuracy","floor":47.0,"key":"SMITH"},{"floor":49.0,"key":"RECALL"},{"data":"After Image","floor":53.0,"key":"SMITH"}],"circlet_count":0,"master_deck":["AscendersBane","Survivor","Neutralize","Blade Dance","Flying Knee","Dagger Spray+1","Dagger Spray","Leg Sweep","Malaise+1","Deadly Poison","Phantasmal Killer","Cloak And Dagger","After Image+1","Phantasmal Killer+1","Deflect","Poisoned Stab","Dagger Spray","Blade Dance+1","Blade Dance","Dagger Throw","Dagger Throw","Heel Hook","Backflip","Leg Sweep","Heel Hook","Slice","Bouncing Flask+1","Finisher","Adrenaline+1","Backstab","Slice+1","Wraith Form v2+1","Flash of Steel","Panacea","Accuracy+1","Reflex+1","Endless Agony+1","Eviscerate","Venomology","Acrobatics","Injury","Well Laid Plans","Calculated Gamble"],"relics":["Ring of the Snake","Centennial Puzzle","Bloody Idol","Mercury Hourglass","Shuriken","Dream Catcher","Pandora\u0027s Box","Snake Skull","Tiny Chest","Pear","Cursed Key","Du-Vu Doll","Smiling Mask","Bag of Preparation","Bird Faced Urn","Ancient Tea Set","Blood Vial"],"acts_visited":["Exordium","TheCity","TheBeyond","TheEnding"],"potions_floor_usage":[56,56],"damage_taken":[{"damage":5.0,"enemies":"2 Louse","floor":1.0,"turns":6.0},{"damage":2.0,"enemies":"Jaw Worm","floor":3.0,"turns":4.0},{"damage":1.0,"enemies":"Cultist","floor":4.0,"turns":3.0},{"damage":1.0,"enemies":"Looter","floor":5.0,"turns":3.0},{"damage":25.0,"enemies":"3 Sentries","floor":7.0,"turns":6.0},{"damage":0.0,"enemies":"2 Fungi Beasts","floor":12.0,"turns":3.0},{"damage":4.0,"enemies":"Exordium Wildlife","floor":13.0,"turns":2.0},{"damage":23.0,"enemies":"The Guardian","floor":16.0,"turns":14.0},{"damage":0.0,"enemies":"3 Byrds","floor":18.0,"turns":3.0},{"damage":0.0,"enemies":"Shell Parasite","floor":20.0,"turns":2.0},{"damage":18.0,"enemies":"Shelled Parasite and Fungi","floor":24.0,"turns":4.0},{"damage":10.0,"enemies":"Snake Plant","floor":25.0,"turns":6.0},{"damage":29.0,"enemies":"Slavers","floor":27.0,"turns":3.0},{"damage":2.0,"enemies":"Book of Stabbing","floor":29.0,"turns":4.0},{"damage":17.0,"enemies":"Snecko","floor":30.0,"turns":5.0},{"damage":14.0,"enemies":"Automaton","floor":33.0,"turns":6.0},{"damage":0.0,"enemies":"Orb Walker","floor":35.0,"turns":3.0},{"damage":5.0,"enemies":"2 Orb Walkers","floor":38.0,"turns":5.0},{"damage":7.0,"enemies":"3 Shapes","floor":39.0,"turns":3.0},{"damage":7.0,"enemies":"Giant Head","floor":40.0,"turns":5.0},{"damage":16.0,"enemies":"Nemesis","floor":42.0,"turns":5.0},{"damage":6.0,"enemies":"Giant Head","floor":44.0,"turns":4.0},{"damage":12.0,"enemies":"3 Darklings","floor":46.0,"turns":2.0},{"damage":5.0,"enemies":"Donu and Deca","floor":50.0,"turns":5.0},{"damage":23.0,"enemies":"Awakened One","floor":51.0,"turns":8.0},{"damage":0.0,"enemies":"Shield and Spear","floor":55.0,"turns":3.0},{"damage":77,"enemies":"The Heart","floor":56,"turns":6}],"seed_played":"8802607962220529988","potions_obtained":[{"floor":5.0,"key":"Dexterity Potion"},{"floor":7.0,"key":"DistilledChaos"},{"floor":20.0,"key":"DuplicationPotion"},{"floor":24.0,"key":"Strength Potion"},{"floor":35.0,"key":"SneckoOil"},{"floor":40.0,"key":"LiquidBronze"},{"floor":46.0,"key":"GamblersBrew"},{"floor":55.0,"key":"SpeedPotion"}],"is_trial":false,"path_per_floor":["M","?","M","M","M","R","E","T","T","$","R","M","M","?","R","B",null,"M","?","M","?","$","R","M","M","T","E","R","E","M","$","R","B",null,"M","?","$","?","M","E","R","E","T","E","R","M","R","T","R","B","B",null,"R","$","E","B"],"character_chosen":"THE_SILENT","items_purchased":["Malaise","Adrenaline","Backstab","Energy Potion","Accuracy","Well Laid Plans","SteroidPotion","Swift Potion"],"campfire_rested":2,"item_purchase_floors":[10,31,31,31,37,54,54,54],"current_hp_per_floor":[54,54,52,51,50,50,25,25,25,25,25,25,21,21,39,16,49,49,49,54,54,54,54,41,36,41,17,17,30,18,18,39,30,60,65,55,55,55,53,51,51,40,40,39,39,34,34,39,39,40,23,58,58,58,67,0,0],"gold":38,"neow_bonus":"RANDOM_COMMON_RELIC","is_daily":false,"chose_seed":false,"campfire_upgraded":8,"win_rate":0.0,"timestamp":1611768514,"path_taken":["M","?","M","M","M","R","E","?","T","$","R","M","?","?","R","BOSS","M","?","M","?","?","R","M","M","T","E","R","E","?","$","R","BOSS","M","?","$","?","M","E","R","E","T","E","R","M","R","?","R","BOSS","BOSS","R","$","E","BOSS"],"items_purchased_type":["Card","Card","Card","Potion","Card","Card","Potion","Potion"],"build_version":"2020-12-22","purchased_purges":2,"victory":false,"max_hp_per_floor":[66,60,60,60,60,60,60,60,60,60,60,60,60,60,60,60,60,60,60,60,60,60,60,60,60,60,60,60,70,70,70,70,70,70,70,70,70,70,70,70,70,70,70,70,70,70,70,70,70,70,70,70,70,70,70,70,70],"relic_stats":{"counters":[27,122],"Snake Skull":[34],"Bag of Preparation":[12],"Cursed Key":2,"Smiling Mask":50,"Mercury Hourglass":[354],"Blood Vial":2,"Centennial Puzzle":[65],"Dream Catcher":2,"Shuriken":[80],"Bloody Idol":85,"Bird Faced Urn":[23],"Pandora\u0027s Box":["Phantasmal Killer","Deflect","Poisoned Stab","Dagger Spray","Blade Dance","Blade Dance","Dagger Throw","Dagger Throw","Dagger Throw","Heel Hook"],"Tiny Chest":1,"obtain_stats":[{"Pear":29,"Golden Idol":2,"Snake Skull":26,"Bag of Preparation":42,"Cursed Key":34,"Smiling Mask":40,"Ancient Tea Set":48,"Mercury Hourglass":7,"Du-Vu Doll":38,"Blood Vial":55,"Centennial Puzzle":0,"Dream Catcher":9,"Shuriken":8,"Bloody Idol":19,"Bird Faced Urn":44,"Pandora\u0027s Box":17,"Tiny Chest":27,"Ring of the Snake":0},{"Pear":14,"Golden Idol":1,"Snake Skull":12,"Bag of Preparation":21,"Cursed Key":16,"Smiling Mask":20,"Ancient Tea Set":23,"Mercury Hourglass":5,"Du-Vu Doll":18,"Blood Vial":26,"Centennial Puzzle":0,"Dream Catcher":5,"Shuriken":5,"Bloody Idol":9,"Bird Faced Urn":22,"Pandora\u0027s Box":8,"Tiny Chest":13,"Ring of the Snake":0},{"Pear":63,"Golden Idol":6,"Snake Skull":56,"Bag of Preparation":94,"Cursed Key":73,"Smiling Mask":89,"Ancient Tea Set":100,"Mercury Hourglass":22,"Du-Vu Doll":81,"Blood Vial":116,"Centennial Puzzle":0,"Dream Catcher":22,"Shuriken":22,"Bloody Idol":44,"Bird Faced Urn":98,"Pandora\u0027s Box":41,"Tiny Chest":59,"Ring of the Snake":0}],"Ring of the Snake":[54]},"card_choices":[{"not_picked":["Poisoned Stab","Prepared"],"picked":"Blade Dance","floor":1.0},{"not_picked":["Bane","Outmaneuver"],"picked":"Flying Knee","floor":3.0},{"not_picked":["Quick Slash","Outmaneuver"],"picked":"Dagger Spray","floor":4.0},{"not_picked":["Concentrate","Underhanded Strike"],"picked":"Dagger Spray","floor":5.0},{"not_picked":["Quick Slash","Backflip"],"picked":"Leg Sweep","floor":7.0},{"not_picked":["Dagger Spray","Prepared"],"picked":"Deadly Poison","floor":12.0},{"not_picked":["Choke","All Out Attack"],"picked":"Phantasmal Killer","floor":13.0},{"not_picked":["Tactician","Setup"],"picked":"Cloak And Dagger","floor":15.0},{"not_picked":["Malaise","Tools of the Trade"],"picked":"After Image","floor":16.0},{"not_picked":["Deflect","Bane"],"picked":"Backflip","floor":18.0},{"not_picked":["Deadly Poison","Deflect"],"picked":"Leg Sweep","floor":20.0},{"not_picked":["Setup","Acrobatics+1","Poisoned Stab+1"],"picked":"SKIP","floor":24.0},{"not_picked":["Prepared","Riddle With Holes"],"picked":"Heel Hook","floor":25.0},{"not_picked":["Bane","Acrobatics"],"picked":"Slice","floor":27.0},{"not_picked":["Sucker Punch+1","Venomology"],"picked":"Bouncing Flask+1","floor":29.0},{"not_picked":["Dodge and Roll","Leg Sweep"],"picked":"Finisher","floor":30.0},{"not_picked":["Underhanded Strike","Prepared"],"picked":"Slice+1","floor":32.0},{"not_picked":["Die Die Die","Storm of Steel"],"picked":"Wraith Form v2","floor":33.0},{"not_picked":["Sucker Punch","Cloak And Dagger","Dagger Spray"],"picked":"SKIP","floor":35.0},{"not_picked":["Deep Breath","Forethought"],"picked":"Flash of Steel","floor":36.0},{"not_picked":["Impatience","Good Instincts"],"picked":"Panacea","floor":36.0},{"not_picked":["Dodge and Roll","Acrobatics"],"picked":"Reflex+1","floor":38.0},{"not_picked":["Dodge and Roll","Deadly Poison","Cloak And Dagger"],"picked":"SKIP","floor":39.0},{"not_picked":["Dagger Spray","Dash"],"picked":"Endless Agony+1","floor":40.0},{"not_picked":["Outmaneuver","Deadly Poison"],"picked":"Eviscerate","floor":42.0},{"not_picked":["Concentrate","Sucker Punch+1"],"picked":"Venomology","floor":44.0},{"not_picked":["Dagger Spray","Underhanded Strike"],"picked":"Acrobatics","floor":46.0},{"not_picked":["Endless Agony","Die Die Die"],"picked":"Calculated Gamble","floor":55.0}],"player_experience":696178,"relics_obtained":[{"floor":7.0,"key":"Mercury Hourglass"},{"floor":8.0,"key":"Shuriken"},{"floor":9.0,"key":"Dream Catcher"},{"floor":26.0,"key":"Snake Skull"},{"floor":27.0,"key":"Tiny Chest"},{"floor":29.0,"key":"Pear"},{"floor":38.0,"key":"Du-Vu Doll"},{"floor":40.0,"key":"Smiling Mask"},{"floor":42.0,"key":"Bag of Preparation"},{"floor":44.0,"key":"Bird Faced Urn"},{"floor":48.0,"key":"Ancient Tea Set"},{"floor":55.0,"key":"Blood Vial"}],"event_choices":[{"damage_healed":0.0,"max_hp_gain":0.0,"max_hp_loss":6.0,"gold_gain":0.0,"event_name":"Golden Idol","player_choice":"Lose Max HP","floor":2.0,"gold_loss":0.0,"damage_taken":0.0,"relics_obtained":["Golden Idol"]},{"damage_healed":0.0,"max_hp_gain":0.0,"max_hp_loss":0.0,"gold_gain":0.0,"event_name":"Liars Game","player_choice":"Ignored","floor":14.0,"gold_loss":0.0,"damage_taken":0.0},{"damage_healed":0.0,"max_hp_gain":0.0,"max_hp_loss":0.0,"gold_gain":0.0,"event_name":"Forgotten Altar","player_choice":"Gave Idol","floor":19.0,"relics_lost":["Golden Idol"],"gold_loss":0.0,"damage_taken":0.0,"relics_obtained":["Bloody Idol"]},{"damage_healed":0.0,"max_hp_gain":0.0,"max_hp_loss":0.0,"gold_gain":0.0,"event_name":"Beggar","player_choice":"Ignored","floor":21.0,"gold_loss":0.0,"damage_taken":0.0},{"damage_healed":0.0,"max_hp_gain":0.0,"max_hp_loss":0.0,"gold_gain":0.0,"event_name":"SensoryStone","player_choice":"Memory 3","floor":36.0,"gold_loss":0.0,"damage_taken":10.0},{"damage_healed":0.0,"max_hp_gain":0.0,"max_hp_loss":0.0,"gold_gain":0.0,"event_name":"Mysterious Sphere","player_choice":"Fight","floor":38.0,"gold_loss":0.0,"damage_taken":0.0}],"is_beta":false,"boss_relics":[{"not_picked":["Tiny House","Velvet Choker"],"picked":"Pandora\u0027s Box"},{"not_picked":["Empty Cage","Busted Crown"],"picked":"Cursed Key"}],"items_purged_floors":[31,54],"is_endless":false,"potions_floor_spawned":[5,7,13,18,20,24,35,40,46,55],"killed_by":"The Heart","ascension_level":20}}