{"host":"kg61lsvem4dxoat8","time":1611725606,"event":{"mods":["BaseMod","Colored Powertips","Minty Spire (QoL Compilation)","Quick Restart","Rare Cards Sparkle","Relic Stats","slay the spire mod where everything is the same but ironclad has a cowboy hat"],"gold_per_floor":[109,109,128,203,218,218,218,238,238,238,77,77,77,88,88,190,190,200,13,13,13,112,112,145,175,187,199,211,211],"floor_reached":28,"language":"ENG","playtime":550,"items_purged":["Strike_R","Strike_R"],"score":374,"play_id":"ce0af7d0-a375-49c9-931b-26aa7e80cbab","local_time":"20210127133326","is_ascension_mode":true,"campfire_choices":[{"data":"Flame Barrier","floor":7,"key":"SMITH"},{"floor":12,"key":"REST"},{"data":"True Grit","floor":15,"key":"SMITH"},{"data":"Double Tap","floor":23,"key":"SMITH"},{"data":"True Grit","floor":27,"key":"SMITH"}],"circlet_count":0,"master_deck":["Strike_R","Strike_R+1","Strike_R","Defend_R","Defend_R","Defend_R","Defend_R","Bash","Impervious","Rampage+1","True Grit+1","Flame Barrier+1","True Grit+1","Dramatic Entrance","Double Tap+1","Flash of Steel","Shame"],"relics":["Burning Blood","WingedGreaves","Shuriken","Bag of Preparation","Busted Crown","Omamori","Blue Candle","MawBank","The Courier"],"acts_visited":["Exordium","TheCity"],"potions_floor_usage":[16,24,24],"damage_taken":[{"damage":6,"enemies":"Jaw Worm","floor":1,"turns":5},{"damage":0,"enemies":"Small Slimes","floor":3,"turns":3},{"damage":13,"enemies":"Cultist","floor":5,"turns":5},{"damage":9,"enemies":"Exordium Thugs","floor":8,"turns":7},{"damage":0,"enemies":"2 Fungi Beasts","floor":14,"turns":3},{"damage":18,"enemies":"The Guardian","floor":16,"turns":9},{"damage":7,"enemies":"Shell Parasite","floor":18,"turns":6},{"damage":0,"enemies":"Gremlin Leader","floor":24,"turns":3},{"damage":30,"enemies":"Book of Stabbing","floor":25,"turns":6},{"damage":12,"enemies":"Slavers","floor":28,"turns":3}],"seed_played":"-939751242894048406","potions_obtained":[{"floor":8,"key":"FearPotion"},{"floor":14,"key":"SteroidPotion"},{"floor":16,"key":"DistilledChaos"}],"is_trial":false,"path_per_floor":["M","?","M","?","M","?","R","M","T","T","$","R","$","M","R","B",null,"M","$","?","$","?","R","E","E","T","R","E"],"character_chosen":"IRONCLAD","items_purchased":["Dramatic Entrance","Flash of Steel"],"campfire_rested":1,"item_purchase_floors":[11,19],"current_hp_per_floor":[72,56,62,51,44,11,11,8,8,8,8,32,32,38,38,26,67,66,66,66,66,66,66,72,48,48,48,36,36],"gold":211,"neow_bonus":"ONE_RANDOM_RARE_CARD","is_daily":false,"chose_seed":false,"campfire_upgraded":4,"win_rate":0.0,"timestamp":1611725606,"path_taken":["M","?","M","?","M","?","R","?","T","?","?","R","$","?","R","BOSS","M","$","?","$","?","R","E","E","T","R","E"],"items_purchased_type":["Card","Card"],"build_version":"2020-12-22","purchased_purges":2,"victory":false,"max_hp_per_floor":[80,80,80,80,80,80,80,80,80,80,80,80,80,80,80,80,80,80,80,80,80,80,80,80,80,80,80,80,80],"relic_stats":{"Busted Crown":6,"counters":[10,50],"Shuriken":[10],"Blue Candle":[2],"Bag of Preparation":[12],"MawBank":36,"obtain_stats":[{"Busted Crown":17,"Shuriken":9,"Blue Candle":24,"WingedGreaves":6,"The Courier":26,"Bag of Preparation":10,"Omamori":20,"MawBank":25,"Burning Blood":0},{"Busted Crown":6,"Shuriken":4,"Blue Candle":8,"WingedGreaves":3,"The Courier":9,"Bag of Preparation":4,"Omamori":7,"MawBank":9,"Burning Blood":0},{"Busted Crown":32,"Shuriken":20,"Blue Candle":41,"WingedGreaves":13,"The Courier":47,"Bag of Preparation":20,"Omamori":38,"MawBank":47,"Burning Blood":0}],"Burning Blood":54},"card_choices":[{"not_picked":["Anger","Clothesline"],"picked":"Rampage","floor":1},{"not_picked":["Twin Strike","Warcry"],"picked":"True Grit","floor":3},{"not_picked":["Pommel Strike","Iron Wave"],"picked":"Flame Barrier","floor":5},{"not_picked":["Infernal Blade","Searing Blow"],"picked":"True Grit","floor":8},{"not_picked":["Headbutt","Body Slam","Whirlwind"],"picked":"SKIP","floor":14},{"not_picked":["Fiend Fire","Exhume"],"picked":"Double Tap","floor":16},{"not_picked":["Pommel Strike"],"picked":"SKIP","floor":18},{"not_picked":["Armaments"],"picked":"SKIP","floor":24},{"not_picked":["Dropkick+1"],"picked":"SKIP","floor":25}],"player_experience":1403068,"relics_obtained":[{"floor":9,"key":"Shuriken"},{"floor":10,"key":"Bag of Preparation"},{"floor":24,"key":"Blue Candle"},{"floor":25,"key":"MawBank"},{"floor":26,"key":"The Courier"}],"event_choices":[{"damage_healed":0,"gold_gain":0,"player_choice":"Entered Light","damage_taken":16,"max_hp_gain":0,"max_hp_loss":0,"event_name":"Shining Light","floor":2,"gold_loss":0,"cards_upgraded":["Strike_R","Rampage"]},{"damage_healed":0,"gold_gain":75,"player_choice":"Gather Gold","damage_taken":11,"max_hp_gain":0,"max_hp_loss":0,"event_name":"World of Goop","floor":4,"gold_loss":0},{"damage_healed":0,"gold_gain":0,"player_choice":"Success","damage_taken":33,"relics_obtained":["WingedGreaves"],"max_hp_gain":0,"max_hp_loss":0,"event_name":"Scrap Ooze","floor":6,"gold_loss":0},{"damage_healed":0,"gold_gain":0,"player_choice":"Stole Relic","damage_taken":0,"relics_obtained":["Omamori"],"max_hp_gain":0,"max_hp_loss":0,"event_name":"Addict","floor":20,"gold_loss":0,"cards_obtained":["Shame"]},{"damage_healed":0,"gold_gain":99,"player_choice":"Stole From Cult","damage_taken":0,"max_hp_gain":0,"max_hp_loss":0,"event_name":"Nest","floor":22,"gold_loss":0}],"is_beta":false,"boss_relics":[{"not_picked":["Black Blood","Sozu"],"picked":"Busted Crown"}],"items_purged_floors":[11,19],"is_endless":false,"potions_floor_spawned":[8,14,16],"killed_by":"Slavers","ascension_level":8}}