{"host":"07e1k1rk6c4zn0bu","time":1611714996,"event":{"mods":["AchievementEnabler","BaseMod","Bestiary","Card Forge","Colored Map","Colored Powertips","DeckTracker","Minty Spire (QoL Compilation)","StSLib","slay the spire mod where everything is the same but ironclad has a cowboy hat"],"gold_per_floor":[118,118,129,55,69,96,110,139,162,177,177,21,39,57,57,159,159,99,14,14,14,14,14,14,14,14,14,14,14,14,14,14,14,14,14,14,14,14,14,14,14,14,14,14,14,14,14,14,14,14,14,14,14,14,14,14],"floor_reached":55,"language":"ENG","playtime":4233,"items_purged":[],"score":917,"play_id":"e6af0811-a8bc-4c5d-a382-125d400b8a7a","local_time":"20210126213636","is_ascension_mode":false,"campfire_choices":[{"floor":11,"key":"REST"},{"floor":15,"key":"REST"},{"floor":23,"key":"RECALL"},{"floor":32,"key":"REST"},{"data":"Cloak And Dagger","floor":41,"key":"SMITH"},{"floor":46,"key":"REST"},{"floor":49,"key":"REST"},{"floor":52,"key":"REST"}],"circlet_count":0,"master_deck":["Accuracy+1","Cloak And Dagger+1","Infinite Blades+1","Envenom+1","Blade Dance+1","Storm of Steel+1","Footwork+1","Backflip+1","After Image+1","A Thousand Cuts+1","Adrenaline+1","Bullet Time+1","Blur+1","Dodge and Roll+1","Finisher+1","A Thousand Cuts+1","Accuracy+1","Adrenaline+1","After Image+1","Burst+1","Choke+1","Cloak And Dagger+1","Finisher+1","Infinite Blades+1","Storm of Steel+1","Survivor+1","Neutralize+1","Endless Agony+1","Envenom+1","Blade Dance+1","Cloak And Dagger+1","Writhe"],"relics":["Ring of the Snake","Hammer of Thor","Seething Fire","Anvil of the Gods","NeowsBlessing","Bag of Preparation","Smiling Mask","Snake Skull","Ectoplasm","Blood Vial","Pear","Bag of Marbles","Black Star","HornCleat","Orichalcum","Vajra","Sundial","Darkstone Periapt","Happy Flower","Strawberry"],"acts_visited":["Exordium","TheCity","TheBeyond","TheEnding"],"potions_floor_usage":[22,24,27,35,50,50],"damage_taken":[{"damage":0,"enemies":"Jaw Worm","floor":1,"turns":1},{"damage":0,"enemies":"Cultist","floor":3,"turns":1},{"damage":0,"enemies":"2 Louse","floor":5,"turns":1},{"damage":5,"enemies":"3 Sentries","floor":6,"turns":3},{"damage":0,"enemies":"Large Slime","floor":7,"turns":3},{"damage":0,"enemies":"Lagavulin","floor":8,"turns":4},{"damage":0,"enemies":"Exordium Thugs","floor":10,"turns":2},{"damage":15,"enemies":"Blue Slaver","floor":13,"turns":3},{"damage":0,"enemies":"3 Louse","floor":14,"turns":3},{"damage":0,"enemies":"Slime Boss","floor":16,"turns":4},{"damage":3,"enemies":"2 Thieves","floor":18,"turns":3},{"damage":0,"enemies":"3 Byrds","floor":22,"turns":3},{"damage":0,"enemies":"3 Cultists","floor":24,"turns":4},{"damage":9,"enemies":"Centurion and Healer","floor":25,"turns":3},{"damage":2,"enemies":"Gremlin Leader","floor":27,"turns":5},{"damage":0,"enemies":"Sentry and Sphere","floor":28,"turns":5},{"damage":0,"enemies":"Snake Plant","floor":29,"turns":3},{"damage":10,"enemies":"Chosen and Byrds","floor":30,"turns":2},{"damage":0,"enemies":"Champ","floor":33,"turns":5},{"damage":7,"enemies":"3 Shapes","floor":35,"turns":4},{"damage":0,"enemies":"Orb Walker","floor":36,"turns":2},{"damage":8,"enemies":"Sphere and 2 Shapes","floor":38,"turns":3},{"damage":0,"enemies":"Jaw Worm Horde","floor":39,"turns":3},{"damage":0,"enemies":"Reptomancer","floor":40,"turns":3},{"damage":17,"enemies":"4 Shapes","floor":42,"turns":3},{"damage":0,"enemies":"Nemesis","floor":45,"turns":5},{"damage":12,"enemies":"3 Darklings","floor":47,"turns":4},{"damage":13,"enemies":"Sphere and 2 Shapes","floor":48,"turns":3},{"damage":12,"enemies":"Time Eater","floor":50,"turns":5},{"damage":12,"enemies":"Shield and Spear","floor":54,"turns":4},{"damage":113,"enemies":"The Heart","floor":55,"turns":8}],"seed_played":"7321345580128496959","potions_obtained":[{"floor":3,"key":"SkillPotion"},{"floor":7,"key":"Block Potion"},{"floor":24,"key":"Swift Potion"},{"floor":27,"key":"Poison Potion"},{"floor":28,"key":"FairyPotion"},{"floor":36,"key":"CultistPotion"}],"is_trial":false,"path_per_floor":["M","?","M","$","M","E","M","E","T","M","R","$","M","M","R","B",null,"M","?","?","?","M","R","M","M","T","E","M","M","M","?","R","B",null,"M","M","?","M","M","E","R","M","T","?","E","R","M","M","R","B",null,"R","$","E","B"],"character_chosen":"THE_SILENT","items_purchased":["Regen Potion","Snake Skull"],"campfire_rested":6,"item_purchase_floors":[4,12],"current_hp_per_floor":[70,70,70,70,70,65,65,65,65,65,70,70,55,55,70,70,70,67,67,54,36,38,38,52,45,55,55,57,59,51,51,76,78,85,78,80,85,77,79,81,81,66,66,85,85,85,73,62,85,73,85,85,85,80,0,0],"gold":14,"neow_bonus":"THREE_ENEMY_KILL","is_daily":false,"chose_seed":false,"campfire_upgraded":1,"win_rate":0.0,"timestamp":1611714996,"path_taken":["M","?","M","$","M","E","M","E","T","?","R","$","M","M","R","BOSS","M","?","?","?","M","R","M","?","T","E","M","M","M","?","R","BOSS","M","M","?","M","?","E","R","M","T","?","E","R","M","M","R","BOSS","R","$","E","BOSS"],"items_purchased_type":["Potion","Relic"],"build_version":"2020-12-22","purchased_purges":0,"victory":false,"max_hp_per_floor":[70,70,70,70,70,70,70,70,70,70,70,70,70,70,70,70,70,70,70,75,75,75,75,75,75,85,85,85,85,85,85,85,85,85,85,85,85,85,85,85,85,85,85,85,85,85,85,85,85,85,85,85,85,92,92,92],"card_choices":[{"not_picked":["Deadly Poison","Slice","Blade Dance"],"picked":"SKIP","floor":1},{"not_picked":["Poisoned Stab","PiercingWail","Distraction"],"picked":"SKIP","floor":3},{"not_picked":["Reflex","Deadly Poison","Sucker Punch"],"picked":"SKIP","floor":5},{"not_picked":["Eviscerate","Caltrops","Crippling Poison"],"picked":"SKIP","floor":6},{"not_picked":["Bullet Time","Predator","Caltrops"],"picked":"SKIP","floor":7},{"not_picked":["Backflip","Sucker Punch","Crippling Poison"],"picked":"SKIP","floor":8},{"not_picked":["Prepared","Expertise","Cloak And Dagger"],"picked":"SKIP","floor":10},{"not_picked":["Flying Knee","Footwork","Poisoned Stab"],"picked":"SKIP","floor":13},{"not_picked":["Underhanded Strike","Grand Finale"],"picked":"Cloak And Dagger","floor":14},{"not_picked":["Underhanded Strike","Bane","PiercingWail"],"picked":"SKIP","floor":18},{"not_picked":["Deflect","Cloak And Dagger","Choke"],"picked":"SKIP","floor":22},{"not_picked":["Flying Knee","Tactician","Deadly Poison"],"picked":"SKIP","floor":24},{"not_picked":["Bane+1","Acrobatics+1","Deadly Poison"],"picked":"SKIP","floor":25},{"not_picked":["Accuracy+1","Doppelganger","Outmaneuver"],"picked":"SKIP","floor":27},{"not_picked":["Backstab","Dash","Finisher+1"],"picked":"SKIP","floor":28},{"not_picked":["Catalyst","Bouncing Flask","Distraction"],"picked":"SKIP","floor":29},{"not_picked":["Outmaneuver","Setup","Deflect"],"picked":"SKIP","floor":30},{"not_picked":["Distraction+1","Bane","Deflect"],"picked":"SKIP","floor":35},{"not_picked":["Flying Knee","Well Laid Plans","Predator"],"picked":"SKIP","floor":36},{"not_picked":["Accuracy","Poisoned Stab+1","Expertise"],"picked":"SKIP","floor":38},{"not_picked":["Noxious Fumes","Accuracy+1","Escape Plan"],"picked":"SKIP","floor":39},{"not_picked":["Calculated Gamble+1","Dash+1","Riddle With Holes"],"picked":"SKIP","floor":40},{"not_picked":["Poisoned Stab+1","Sucker Punch","Dagger Throw+1"],"picked":"SKIP","floor":42},{"not_picked":["Storm of Steel","Dash","Sucker Punch"],"picked":"SKIP","floor":45},{"not_picked":["Underhanded Strike+1","Poisoned Stab","PiercingWail+1"],"picked":"SKIP","floor":47},{"not_picked":["Flying Knee","Riddle With Holes","Catalyst"],"picked":"SKIP","floor":48},{"not_picked":["Wraith Form v2","Burst","Acrobatics+1"],"picked":"SKIP","floor":54}],"player_experience":68380,"relics_obtained":[{"floor":6,"key":"Bag of Preparation"},{"floor":8,"key":"Smiling Mask"},{"floor":26,"key":"Pear"},{"floor":27,"key":"Bag of Marbles"},{"floor":40,"key":"HornCleat"},{"floor":40,"key":"Orichalcum"},{"floor":43,"key":"Vajra"},{"floor":45,"key":"Sundial"},{"floor":45,"key":"Darkstone Periapt"},{"floor":54,"key":"Happy Flower"},{"floor":54,"key":"Strawberry"}],"event_choices":[{"damage_healed":0,"gold_gain":0,"player_choice":"Ignored","damage_taken":0,"max_hp_gain":0,"max_hp_loss":0,"event_name":"Upgrade Shrine","floor":2,"gold_loss":0},{"damage_healed":0,"gold_gain":0,"player_choice":"Obtained Relic","damage_taken":0,"relics_obtained":["Blood Vial"],"max_hp_gain":0,"max_hp_loss":0,"event_name":"Addict","floor":19,"gold_loss":85},{"damage_healed":0,"gold_gain":0,"player_choice":"Shed Blood","damage_taken":18,"max_hp_gain":5,"max_hp_loss":0,"event_name":"Forgotten Altar","floor":20,"gold_loss":0},{"damage_healed":0,"gold_gain":90,"player_choice":"GOLD CARD ","damage_taken":18,"max_hp_gain":0,"max_hp_loss":0,"event_name":"Knowing Skull","floor":21,"potions_obtained":[],"gold_loss":0,"cards_obtained":["Madness"]},{"damage_healed":0,"gold_gain":0,"player_choice":"Ignored","damage_taken":0,"max_hp_gain":0,"max_hp_loss":0,"event_name":"Ghosts","floor":31,"gold_loss":0},{"cards_removed":["Madness"],"damage_healed":5,"gold_gain":0,"player_choice":"Offered Uncommon","damage_taken":0,"max_hp_gain":0,"max_hp_loss":0,"event_name":"Bonfire Elementals","floor":37,"gold_loss":0},{"damage_healed":21,"gold_gain":0,"player_choice":"Writhe","damage_taken":0,"max_hp_gain":0,"max_hp_loss":0,"event_name":"Winding Halls","floor":44,"gold_loss":0,"cards_obtained":["Writhe"]}],"is_beta":false,"boss_relics":[{"not_picked":["Tiny House","Velvet Choker"],"picked":"Ectoplasm"},{"not_picked":["HoveringKite","SacredBark"],"picked":"Black Star"}],"items_purged_floors":[],"is_endless":false,"potions_floor_spawned":[3,7,10,14,16,22,24,27,28,33,36,39,42,45],"killed_by":"The Heart","ascension_level":0}}