{"host":"m4pe905ae9bldoe7","time":1611739885,"event":{"mods":["BaseMod","Bestiary","Block Reminder","Downfall","Minty Spire (QoL Compilation)","StSLib"],"gold_per_floor":[99,110,110,41,59,69,150,160,175,194,216,216,216,216,231,329,329,329,347,136,136,136,136,182,211,221,59,59,77,77,89,89,89,89],"floor_reached":32,"language":"ENG","playtime":2259,"items_purged":["downfall:Malfunctioning"],"score":252,"play_id":"be3ea24a-4ddc-49a1-8e11-65e8db2e49bb","local_time":"20210127103125","is_ascension_mode":false,"campfire_choices":[{"data":"Guardian:TwinSlam","floor":1,"key":"SMITH"},{"data":"Guardian:Clone","floor":13,"key":"SMITH"},{"data":"Guardian:AncientConstruct","floor":18,"key":"SMITH"},{"data":"Guardian:EvasiveProtocol","floor":23,"key":"SMITH"}],"circlet_count":0,"master_deck":["Guardian:Strike_Guardian","Guardian:Strike_Guardian","Guardian:Strike_Guardian","Guardian:Strike_Guardian","Guardian:Defend_Guardian","Guardian:Defend_Guardian","Guardian:Defend_Guardian","Guardian:Defend_Guardian+1","Guardian:CurlUp","Guardian:TwinSlam+1","Guardian:Recover","Guardian:RollAttack","Guardian:TimeSifter","Guardian:GuardianWhirl","Guardian:RollAttack+1","Guardian:BronzeOrb","Guardian:Clone+1","Guardian:Preprogram+1","Guardian:AncientConstruct+1","Guardian:BodySlam","Guardian:Planning","Guardian:EvasiveProtocol+1","Guardian:DecasProtection","Guardian:SpikerProtocol","Guardian:ArmoredProtocol+1","Guardian:GuardianWhirl+1","Guardian:Gem_Green","Guardian:Gem_Fragmented","Guardian:ShieldCharger"],"relics":["Guardian:ModeShifter","Bottled Tornado","Odd Mushroom","Philosopher\u0027s Stone","Orichalcum","Guardian:PickAxe","Nloth\u0027s Gift"],"acts_visited":["Exordium","TheCity"],"potions_floor_usage":[16,25,31,32],"damage_taken":[{"damage":0,"enemies":"2 Louse","floor":2,"turns":4},{"damage":0,"enemies":"downfall:FleeingMerchant","floor":4,"turns":4},{"damage":3,"enemies":"Cultist","floor":5,"turns":3},{"damage":5,"enemies":"Jaw Worm","floor":6,"turns":4},{"damage":16,"enemies":"Large Slime","floor":8,"turns":8},{"damage":5,"enemies":"3 Louse","floor":9,"turns":3},{"damage":5,"enemies":"2 Fungi Beasts","floor":10,"turns":3},{"damage":14,"enemies":"The Mushroom Lair","floor":11,"turns":3},{"damage":0,"enemies":"Large Slime","floor":15,"turns":4},{"damage":61,"enemies":"IC_STATUS_ARCHETYPE","floor":16,"turns":15},{"damage":1,"enemies":"Spheric Guardian","floor":19,"turns":4},{"damage":7,"enemies":"downfall:FleeingMerchant","floor":20,"turns":4},{"damage":22,"enemies":"Slavers","floor":25,"turns":4},{"damage":18,"enemies":"Sentry and Sphere","floor":26,"turns":6},{"damage":8,"enemies":"downfall:FleeingMerchant","floor":27,"turns":4},{"damage":9,"enemies":"3 Cultists","floor":29,"turns":5},{"damage":21,"enemies":"Cultist and Chosen","floor":31,"turns":10},{"damage":2,"enemies":"Sentry and Sphere","floor":32,"turns":2}],"seed_played":"-1603984836669414091","potions_obtained":[{"floor":3,"key":"SmokeBomb"},{"floor":3,"key":"Slimebound:ThreeZeroPotion"},{"floor":3,"key":"Fire Potion"},{"floor":5,"key":"SteroidPotion"},{"floor":11,"key":"PowerPotion"},{"floor":16,"key":"AttackPotion"},{"floor":29,"key":"bronze:BurnAndBuffPotion"}],"is_trial":false,"path_per_floor":["R","M","?","$","M","M","T","M","M","M","?","?","R","?","M","B",null,"R","M","$","?","?","R","T","E","M","$","?","M","R","M","M"],"character_chosen":"GUARDIAN","items_purchased":["Guardian:RollAttack","Guardian:Gem_Green","Guardian:EvasiveProtocol","Guardian:PickAxe"],"campfire_rested":0,"item_purchase_floors":[4,20,20,27],"current_hp_per_floor":[88,88,88,88,85,80,80,64,59,54,40,40,40,69,69,8,88,88,87,80,80,80,80,80,58,40,32,32,23,23,2,0,0,0],"gold":89,"neow_bonus":"TEN_PERCENT_HP_BONUS","is_daily":false,"chose_seed":false,"campfire_upgraded":4,"win_rate":0.0,"timestamp":1611739885,"path_taken":["R","M","?","$","M","?","T","M","M","M","?","?","R","?","M","BOSS","R","M","$","?","?","R","T","E","M","$","?","?","R","M","M"],"items_purchased_type":["Card","Card","Card","Relic"],"build_version":"2020-12-22","purchased_purges":1,"victory":false,"max_hp_per_floor":[88,88,88,88,88,88,88,88,88,88,88,88,88,88,88,88,88,88,88,88,88,88,88,88,88,88,88,88,88,88,88,88,88,88],"card_choices":[{"not_picked":["Guardian:Gem_Lightblue","Guardian:Emergency"],"picked":"Guardian:Gem_Cyan","floor":2},{"not_picked":["Guardian:ShieldSpikes","Guardian:Repulse"],"picked":"Guardian:Recover","floor":4},{"not_picked":["Guardian:Incinerate","Guardian:TemporalStrike"],"picked":"Guardian:TimeSifter","floor":5},{"not_picked":["Guardian:CrystalBeam","Guardian:VentSteam"],"picked":"Guardian:GuardianWhirl","floor":6},{"not_picked":["Guardian:FloatingOrbs","Guardian:Gem_Lightblue"],"picked":"Guardian:RollAttack","floor":8},{"not_picked":["Guardian:ChargeCore","Guardian:Gem_Green"],"picked":"Guardian:BronzeOrb","floor":9},{"not_picked":["Guardian:GuardianWhirl","Guardian:Suspension"],"picked":"Guardian:Clone","floor":10},{"not_picked":["Guardian:Gem_White","Guardian:TemporalShield"],"picked":"Guardian:Preprogram","floor":11},{"not_picked":["Guardian:WalkerClaw","Guardian:CrystalBeam","Guardian:Preprogram"],"picked":"SKIP","floor":15},{"not_picked":["Guardian:Gem_Orange","Guardian:ExploitGems"],"picked":"Guardian:AncientConstruct","floor":16},{"not_picked":["Guardian:RollAttack","Guardian:Recover+1"],"picked":"Guardian:BodySlam","floor":19},{"not_picked":["Guardian:BronzeArmor+1","Guardian:Gem_Yellow"],"picked":"Guardian:Planning","floor":20},{"not_picked":["Guardian:TemporalStrike","Guardian:TemporalShield"],"picked":"Guardian:DecasProtection","floor":25},{"not_picked":["Guardian:Gem_Green","Guardian:Harden+1"],"picked":"Guardian:SpikerProtocol","floor":26},{"not_picked":["Guardian:SentryBeam","Guardian:DonusPower"],"picked":"Guardian:ArmoredProtocol+1","floor":27},{"not_picked":["Guardian:Recover","Guardian:WalkerClaw"],"picked":"Guardian:GuardianWhirl+1","floor":29},{"not_picked":["Guardian:Repulse","Guardian:Incinerate"],"picked":"Guardian:ShieldCharger","floor":31}],"player_experience":487171,"relics_obtained":[{"floor":7,"key":"Bottled Tornado"},{"floor":11,"key":"Odd Mushroom"},{"floor":24,"key":"Oddly Smooth Stone"},{"floor":25,"key":"Orichalcum"}],"event_choices":[{"damage_healed":0,"gold_gain":0,"player_choice":"Got Potions","damage_taken":0,"max_hp_gain":0,"max_hp_loss":0,"event_name":"Lab","floor":3,"gold_loss":0},{"damage_healed":0,"gold_gain":0,"player_choice":"Fought Mushrooms","damage_taken":0,"max_hp_gain":0,"max_hp_loss":0,"event_name":"Mushrooms","floor":11,"gold_loss":0},{"damage_healed":29,"gold_gain":0,"player_choice":"Banana","damage_taken":0,"max_hp_gain":0,"max_hp_loss":0,"event_name":"Big Fish","floor":14,"gold_loss":0},{"damage_healed":0,"gold_gain":0,"player_choice":"Ignored","damage_taken":0,"max_hp_gain":0,"max_hp_loss":0,"event_name":"Vampires","floor":21,"gold_loss":0}],"is_beta":false,"boss_relics":[{"not_picked":["Runic Pyramid","Snecko Eye"],"picked":"Philosopher\u0027s Stone"}],"items_purged_floors":[20],"is_endless":false,"potions_floor_spawned":[5,6,8,11,16,19,29],"killed_by":"Sentry and Sphere","ascension_level":0}}