{"host":"rj1j8apb2x4vafcu","time":1611706104,"event":{"mods":["AchievementEnabler","Act Like it!","BaseMod","Colored Map","Colored Powertips","Minty Spire (QoL Compilation)","Rare Cards Sparkle","StSLib"],"gold_per_floor":[112,112,62,73,173,173,186,186,213,238,250,282,307,319,319,319,319],"floor_reached":16,"language":"ENG","playtime":785,"items_purged":[],"score":110,"play_id":"c9db5cd5-8a99-4f3e-9c7f-850b4c9e69bf","local_time":"20210126220824","is_ascension_mode":false,"campfire_choices":[{"data":"Dualcast","floor":6,"key":"SMITH"},{"data":"Self Repair","floor":8,"key":"SMITH"},{"floor":15,"key":"DIG"}],"circlet_count":0,"master_deck":["Zap","Dualcast+1","Seek","Hello World","Storm","Self Repair+1","Melter","Scrape+1","White Noise+1","Beam Cell","White Noise","Leap","Streamline","Chill","Double Energy"],"relics":["Pandora\u0027s Box","Tiny Chest","Shovel","Regal Pillow","Odd Mushroom","Bottled Lightning"],"acts_visited":["Exordium"],"potions_floor_usage":[11,12,16],"damage_taken":[{"damage":10,"enemies":"Small Slimes","floor":1,"turns":3},{"damage":12,"enemies":"2 Louse","floor":4,"turns":2},{"damage":11,"enemies":"Jaw Worm","floor":7,"turns":2},{"damage":31,"enemies":"3 Sentries","floor":10,"turns":4},{"damage":0,"enemies":"Lots of Slimes","floor":11,"turns":1},{"damage":8,"enemies":"Gremlin Nob","floor":12,"turns":3},{"damage":4,"enemies":"The Mushroom Lair","floor":13,"turns":4},{"damage":5,"enemies":"3 Louse","floor":14,"turns":2},{"damage":54,"enemies":"The Guardian","floor":16,"turns":8}],"seed_played":"-4463739137660678316","potions_obtained":[{"floor":1,"key":"PowerPotion"},{"floor":11,"key":"DistilledChaos"},{"floor":12,"key":"SkillPotion"},{"floor":13,"key":"SmokeBomb"}],"is_trial":false,"path_per_floor":["M","?","?","M","?","R","M","R","T","E","M","E","?","M","R","B"],"character_chosen":"DEFECT","items_purchased":[],"campfire_rested":0,"item_purchase_floors":[],"current_hp_per_floor":[72,57,57,52,52,52,55,55,55,44,44,46,52,47,47,0,0],"gold":319,"neow_bonus":"BOSS_RELIC","is_daily":false,"chose_seed":false,"campfire_upgraded":2,"win_rate":0.0,"timestamp":1611706104,"path_taken":["M","?","?","M","?","R","?","R","T","E","M","E","?","M","R","BOSS"],"items_purchased_type":[],"build_version":"2020-12-22","purchased_purges":0,"victory":false,"max_hp_per_floor":[75,75,75,75,75,75,75,75,75,75,75,75,75,75,75,75,75],"card_choices":[{"not_picked":["White Noise","Hologram"],"picked":"Beam Cell","floor":1},{"not_picked":["Sweeping Beam","Lockon","Rebound"],"picked":"SKIP","floor":4},{"not_picked":["Hello World","Ball Lightning"],"picked":"White Noise","floor":7},{"not_picked":["Sunder","Reprogram"],"picked":"Leap","floor":10},{"not_picked":["Sweeping Beam","Melter"],"picked":"Streamline","floor":11},{"not_picked":["Redo","Auto Shields"],"picked":"Chill","floor":12},{"not_picked":["Cold Snap","Barrage"],"picked":"Double Energy","floor":13},{"not_picked":["Coolheaded","Fission","Sweeping Beam"],"picked":"SKIP","floor":14}],"player_experience":134324,"relics_obtained":[{"floor":9,"key":"Tiny Chest"},{"floor":10,"key":"Shovel"},{"floor":12,"key":"Regal Pillow"},{"floor":13,"key":"Odd Mushroom"},{"floor":15,"key":"Bottled Lightning"}],"event_choices":[{"damage_healed":0,"gold_gain":0,"player_choice":"Entered Light","damage_taken":15,"max_hp_gain":0,"max_hp_loss":0,"event_name":"Shining Light","floor":2,"gold_loss":0,"cards_upgraded":["Scrape","White Noise"]},{"cards_removed":["Hologram"],"damage_healed":0,"gold_gain":0,"player_choice":"Card Removal","damage_taken":0,"max_hp_gain":0,"max_hp_loss":0,"event_name":"The Cleric","floor":3,"gold_loss":50},{"damage_healed":0,"gold_gain":100,"player_choice":"Pray","damage_taken":0,"max_hp_gain":0,"max_hp_loss":0,"event_name":"Golden Shrine","floor":5,"gold_loss":0},{"damage_healed":0,"gold_gain":0,"player_choice":"Fought Mushrooms","damage_taken":0,"max_hp_gain":0,"max_hp_loss":0,"event_name":"Mushrooms","floor":13,"gold_loss":0}],"is_beta":false,"boss_relics":[],"items_purged_floors":[],"is_endless":false,"potions_floor_spawned":[1,11,12,13],"killed_by":"The Guardian","ascension_level":0}}