{"host":"zhec3g4cvsmevugl","time":1611765376,"event":{"mods":["BaseMod","BetterRewards","Minty Spire (QoL Compilation)","Relic Stats","Slay-I","StSLib"],"gold_per_floor":[114,129,144,144,144,144,174,174,174,201,243,255,282,334,346,458,520,547,574,586,613,625,667,694,706,706],"floor_reached":25,"language":"ENG","playtime":4825,"items_purged":[],"score":258,"play_id":"26a49f28-fefa-4ed4-a5a8-0154be9d665f","local_time":"20210128003616","daily_mods":["Heirloom","Blue Cards","Elite Swarm"],"is_ascension_mode":false,"campfire_choices":[{"data":"1","floor":6,"key":"LIFT"},{"data":"2","floor":8,"key":"LIFT"},{"data":"3","floor":15,"key":"LIFT"}],"circlet_count":0,"master_deck":["Strike_R","Strike_R","Strike_R","Strike_R","Strike_R","Defend_R","Defend_R","Defend_R","Defend_R","Bash","Metallicize+1","Anger","Cleave","Machine Learning+1","Twin Strike","Reaper","Inflame","Iron Wave","Feed","Ball Lightning","Streamline+1","Spot Weakness","Doubt","True Grit","Electrodynamics","Conserve Battery"],"relics":["Burning Blood","Girya","Unceasing Top","MawBank","Centennial Puzzle","Mummified Hand","Dream Catcher","Tiny House","Letter Opener"],"acts_visited":["Exordium","TheCity"],"potions_floor_usage":[2,14,16,19,19,24,25],"damage_taken":[{"damage":5,"enemies":"2 Louse","floor":1,"turns":3},{"damage":9,"enemies":"Cultist","floor":2,"turns":5},{"damage":0,"enemies":"Small Slimes","floor":3,"turns":3},{"damage":27,"enemies":"3 Sentries","floor":7,"turns":8},{"damage":13,"enemies":"Red Slaver","floor":10,"turns":2},{"damage":11,"enemies":"Gremlin Nob","floor":11,"turns":4},{"damage":9,"enemies":"Large Slime","floor":13,"turns":5},{"damage":14,"enemies":"3 Sentries","floor":14,"turns":4},{"damage":28,"enemies":"Hexaghost","floor":16,"turns":7},{"damage":11,"enemies":"Shell Parasite","floor":18,"turns":4},{"damage":10,"enemies":"3 Byrds","floor":19,"turns":5},{"damage":30,"enemies":"Sentry and Sphere","floor":21,"turns":4},{"damage":68,"enemies":"Slavers","floor":23,"turns":7},{"damage":33,"enemies":"Centurion and Healer","floor":24,"turns":5},{"damage":26,"enemies":"Gremlin Leader","floor":25,"turns":4}],"seed_played":"-8653540479942029245","potions_obtained":[{"floor":1,"key":"SkillPotion"},{"floor":3,"key":"SneckoOil"},{"floor":13,"key":"Regen Potion"},{"floor":16,"key":"Block Potion"},{"floor":17,"key":"Fruit Juice"},{"floor":18,"key":"Strength Potion"},{"floor":23,"key":"HeartOfIron"},{"floor":24,"key":"Swift Potion"}],"is_trial":false,"path_per_floor":["M","M","M","?","?","R","E","R","T","M","E","?","M","?","R","B",null,"M","M","?","M","?","E","M","E"],"character_chosen":"IRONCLAD","items_purchased":[],"campfire_rested":0,"item_purchase_floors":[],"current_hp_per_floor":[80,77,80,80,80,80,59,59,59,52,47,47,44,54,54,47,85,83,96,96,87,78,37,13,0,0],"gold":706,"neow_bonus":"","is_daily":true,"chose_seed":false,"campfire_upgraded":0,"win_rate":0.0,"timestamp":1611765376,"path_taken":["M","M","M","?","?","R","E","R","T","?","E","?","M","?","R","BOSS","M","M","?","?","?","E","M","E"],"items_purchased_type":[],"build_version":"2020-12-22","purchased_purges":0,"victory":false,"max_hp_per_floor":[80,80,80,80,80,80,80,80,80,80,80,80,80,80,80,80,85,88,96,96,99,99,99,102,102,102],"relic_stats":{"Centennial Puzzle":[27],"Dream Catcher":0,"counters":[15,70],"Mummified Hand":[19],"Letter Opener":[0],"MawBank":192,"obtain_stats":[{"Girya":0,"Centennial Puzzle":11,"Dream Catcher":14,"Tiny House":17,"Mummified Hand":12,"Letter Opener":23,"MawBank":9,"Burning Blood":0,"Unceasing Top":7},{"Girya":0,"Centennial Puzzle":6,"Dream Catcher":8,"Tiny House":9,"Mummified Hand":6,"Letter Opener":13,"MawBank":4,"Burning Blood":0,"Unceasing Top":4},{"Girya":0,"Centennial Puzzle":25,"Dream Catcher":34,"Tiny House":41,"Mummified Hand":25,"Letter Opener":61,"MawBank":19,"Burning Blood":0,"Unceasing Top":19}],"Burning Blood":79,"Unceasing Top":[0]},"card_choices":[{"not_picked":["Static Discharge","Chaos"],"picked":"Metallicize","floor":1},{"not_picked":["Sword Boomerang","Steam"],"picked":"Anger","floor":2},{"not_picked":["Loop","Genetic Algorithm"],"picked":"Cleave","floor":3},{"not_picked":["Exhume","Berserk"],"picked":"Machine Learning","floor":7},{"not_picked":["Redo","Warcry"],"picked":"Twin Strike","floor":10},{"not_picked":["Meteor Strike","Juggernaut"],"picked":"Reaper","floor":11},{"not_picked":["Dropkick","Pommel Strike"],"picked":"Inflame","floor":13},{"not_picked":["Perfected Strike","Rupture"],"picked":"Iron Wave","floor":14},{"not_picked":["Immolate","Machine Learning"],"picked":"Feed","floor":16},{"not_picked":["Turbo","Leap"],"picked":"Ball Lightning","floor":17},{"not_picked":["Double Energy","Compile Driver"],"picked":"Streamline+1","floor":18},{"not_picked":["Heavy Blade+1","Sever Soul"],"picked":"Spot Weakness","floor":19},{"not_picked":["All For One","Searing Blow+1"],"picked":"True Grit","floor":21},{"not_picked":["Brutality","Amplify"],"picked":"Electrodynamics","floor":23},{"not_picked":["Twin Strike","Scrape"],"picked":"Conserve Battery","floor":24}],"player_experience":232679,"relics_obtained":[{"floor":7,"key":"Unceasing Top"},{"floor":9,"key":"MawBank"},{"floor":11,"key":"Centennial Puzzle"},{"floor":14,"key":"Dream Catcher"},{"floor":23,"key":"Letter Opener"}],"event_choices":[{"damage_healed":0,"gold_gain":0,"player_choice":"Leave","damage_taken":0,"max_hp_gain":0,"max_hp_loss":0,"event_name":"The Cleric","floor":4,"gold_loss":0},{"damage_healed":0,"gold_gain":0,"player_choice":"Upgraded","damage_taken":0,"max_hp_gain":0,"max_hp_loss":0,"event_name":"Upgrade Shrine","floor":5,"gold_loss":0,"cards_upgraded":["Metallicize"]},{"damage_healed":0,"gold_gain":0,"player_choice":"Box","damage_taken":0,"relics_obtained":["Mummified Hand"],"max_hp_gain":0,"max_hp_loss":0,"event_name":"Big Fish","floor":12,"gold_loss":0,"cards_obtained":["Regret"]},{"damage_healed":0,"gold_gain":0,"player_choice":"Searched \u00271\u0027 times","damage_taken":0,"max_hp_gain":0,"max_hp_loss":0,"event_name":"Dead Adventurer","floor":14,"gold_loss":0},{"damage_healed":0,"gold_gain":0,"cards_transformed":["Regret"],"player_choice":"Transformed","damage_taken":0,"max_hp_gain":0,"max_hp_loss":0,"event_name":"Transmorgrifier","floor":20,"gold_loss":0,"cards_obtained":["Doubt"]},{"damage_healed":0,"gold_gain":0,"player_choice":"Damaged","damage_taken":9,"max_hp_gain":0,"max_hp_loss":0,"event_name":"Wheel of Change","floor":22,"gold_loss":0}],"is_beta":false,"boss_relics":[{"not_picked":["Velvet Choker","Snecko Eye"],"picked":"Tiny House"}],"items_purged_floors":[],"is_endless":false,"potions_floor_spawned":[1,3,13,16,18,23,24],"killed_by":"Gremlin Leader","ascension_level":0}}