{"host":"vpaavrwbmey593fx","time":1611786900,"event":{"mods":["AchievementEnabler","BaseMod","Bestiary","Colored Map","Colored Powertips","DeckTracker","Minty Spire (QoL Compilation)","Relic Sorter"],"gold_per_floor":[119,139,154,154,154,154,187,262,262,262,116,116,185,198,198,329,329,349,264,120,159,178,213,213,252,252,252,287,287,323,45,45,171,171,190,150,170,183,40,80,143,143,143,163,91,91,91,104,104,104,104,104,69,103,103],"floor_reached":56,"language":"ENG","playtime":3619,"items_purged":["Injury"],"score":1630,"play_id":"bed40ead-caf0-46ac-81cd-29ad0531e6e8","local_time":"20210127143500","is_ascension_mode":true,"campfire_choices":[{"data":"Bouncing Flask","floor":6.0,"key":"SMITH"},{"floor":10.0,"key":"REST"},{"data":"Caltrops","floor":12.0,"key":"SMITH"},{"floor":15.0,"key":"REST"},{"data":"Wraith Form v2","floor":24.0,"key":"SMITH"},{"data":"Noxious Fumes","floor":27.0,"key":"SMITH"},{"data":"Catalyst","floor":29.0,"key":"SMITH"},{"floor":32.0,"key":"REST"},{"floor":42.0,"key":"RECALL"},{"data":"Footwork","floor":49,"key":"SMITH"},{"data":"Catalyst","floor":52,"key":"SMITH"}],"circlet_count":0,"master_deck":["Strike_G+1","Strike_G","Strike_G","Strike_G+1","Defend_G","Defend_G","Defend_G","Defend_G","Defend_G","Survivor","Neutralize","Blade Dance","Bouncing Flask+1","Backflip","Caltrops+1","Catalyst+1","Catalyst+1","Wraith Form v2+1","Crippling Poison","Well Laid Plans","PiercingWail","Noxious Fumes+1","Injury","Leg Sweep","Corpse Explosion","Blur+1","Bullet Time","Footwork+1","PiercingWail+1","Footwork","PiercingWail+1"],"relics":["Ring of the Snake","Snake Skull","Golden Idol","Unceasing Top","Tingsha","FossilizedHelix","Cursed Key","Orichalcum","Red Mask","Bag of Marbles","Letter Opener","Boot","Paper Crane","Bottled Tornado","Snecko Eye","Strange Spoon","Singing Bowl","Gambling Chip","Whetstone"],"acts_visited":["Exordium","TheCity","TheBeyond","TheEnding"],"potions_floor_usage":[55,55,55,55,55],"damage_taken":[{"damage":2.0,"enemies":"Small Slimes","floor":1.0,"turns":4.0},{"damage":0.0,"enemies":"Jaw Worm","floor":2.0,"turns":4.0},{"damage":0.0,"enemies":"2 Louse","floor":3.0,"turns":3.0},{"damage":20.0,"enemies":"Lagavulin","floor":7.0,"turns":6.0},{"damage":22.0,"enemies":"Gremlin Nob","floor":13.0,"turns":4.0},{"damage":0.0,"enemies":"Large Slime","floor":14.0,"turns":2.0},{"damage":5.0,"enemies":"Hexaghost","floor":16.0,"turns":6.0},{"damage":0.0,"enemies":"Shell Parasite","floor":18.0,"turns":3.0},{"damage":11.0,"enemies":"Masked Bandits","floor":21.0,"turns":4.0},{"damage":0.0,"enemies":"3 Byrds","floor":22.0,"turns":5.0},{"damage":21.0,"enemies":"Slavers","floor":23.0,"turns":5.0},{"damage":0.0,"enemies":"Book of Stabbing","floor":25.0,"turns":3.0},{"damage":3.0,"enemies":"Gremlin Leader","floor":28.0,"turns":5.0},{"damage":9.0,"enemies":"Book of Stabbing","floor":30.0,"turns":4.0},{"damage":8.0,"enemies":"Champ","floor":33.0,"turns":9.0},{"damage":0.0,"enemies":"3 Darklings","floor":35.0,"turns":2.0},{"damage":0.0,"enemies":"Orb Walker","floor":37.0,"turns":2.0},{"damage":0.0,"enemies":"Jaw Worm Horde","floor":38.0,"turns":3.0},{"damage":0.0,"enemies":"Reptomancer","floor":40.0,"turns":5.0},{"damage":0.0,"enemies":"Mind Bloom Boss Battle","floor":41.0,"turns":5.0},{"damage":0.0,"enemies":"Sphere and 2 Shapes","floor":44.0,"turns":2.0},{"damage":0,"enemies":"4 Shapes","floor":48,"turns":2},{"damage":9,"enemies":"Donu and Deca","floor":50,"turns":5},{"damage":0,"enemies":"Shield and Spear","floor":54,"turns":3},{"damage":43,"enemies":"The Heart","floor":55,"turns":6}],"seed_played":"6579048657835866108","potions_obtained":[{"floor":1.0,"key":"AttackPotion"},{"floor":13.0,"key":"SpeedPotion"},{"floor":14.0,"key":"BlessingOfTheForge"},{"floor":18.0,"key":"Poison Potion"},{"floor":22.0,"key":"Explosive Potion"},{"floor":23.0,"key":"DistilledChaos"},{"floor":36.0,"key":"Fruit Juice"},{"floor":36.0,"key":"EntropicBrew"},{"floor":36.0,"key":"Weak Potion"},{"floor":48,"key":"Strength Potion"},{"floor":54,"key":"ColorlessPotion"}],"is_trial":false,"path_per_floor":["M","M","M","?","?","R","E","?","T","R","$","R","?","M","R","B",null,"M","?","$","?","M","E","R","E","T","R","E","R","E","$","R","B",null,"M","?","M","M","$","E","?","R","T","M","$","$","?","M","R","B",null,"R","$","E","B",null],"character_chosen":"THE_SILENT","items_purchased":["Caltrops","Crippling Poison","Well Laid Plans","Leg Sweep","Bottled Tornado","Strange Spoon","Footwork","Footwork"],"campfire_rested":3,"item_purchase_floors":[11,20,20,31,31,39,45,53],"current_hp_per_floor":[61,61,61,54,54,54,34,23,23,44,44,44,22,22,43,38,62,62,62,62,51,51,30,30,30,30,30,27,27,18,18,39,31,60,60,65,65,65,65,65,67,67,67,69,69,69,69,69,69,60,71,71,71,71,28],"gold":103,"neow_bonus":"RANDOM_COMMON_RELIC","is_daily":false,"chose_seed":false,"campfire_upgraded":7,"win_rate":0.0,"timestamp":1611786900,"path_taken":["M","M","M","?","?","R","E","?","T","R","$","R","?","M","R","BOSS","M","?","$","?","M","E","R","E","T","R","E","R","E","$","R","BOSS","M","?","M","?","$","E","?","R","T","M","?","$","?","M","R","BOSS","R","$","E","BOSS"],"items_purchased_type":["Card","Card","Card","Card","Relic","Relic","Card","Card"],"build_version":"2020-12-22","purchased_purges":1,"victory":true,"max_hp_per_floor":[70,70,70,70,70,70,70,70,70,70,70,70,70,70,70,70,70,70,70,70,70,70,70,70,70,70,70,70,70,70,70,70,70,70,70,75,75,75,75,75,77,77,77,79,79,79,75,75,75,75,75,75,75,75,75],"card_choices":[{"not_picked":["Riddle With Holes","Calculated Gamble"],"picked":"Blade Dance","floor":1.0},{"not_picked":["Underhanded Strike","Dodge and Roll","Flechettes"],"picked":"SKIP","floor":2.0},{"not_picked":["Dagger Throw","Crippling Poison"],"picked":"Bouncing Flask","floor":3.0},{"not_picked":["Slice","Blur"],"picked":"Backflip","floor":7.0},{"not_picked":["Cloak And Dagger","PiercingWail"],"picked":"Catalyst","floor":13.0},{"not_picked":["Deadly Poison","Escape Plan"],"picked":"Catalyst","floor":14.0},{"not_picked":["Tools of the Trade","Glass Knife"],"picked":"Wraith Form v2","floor":16.0},{"not_picked":["Dagger Spray","Sucker Punch+1","Riddle With Holes"],"picked":"SKIP","floor":18.0},{"not_picked":["Bouncing Flask","Terror"],"picked":"PiercingWail","floor":21.0},{"not_picked":["Reflex+1","Outmaneuver","Bouncing Flask"],"picked":"SKIP","floor":23.0},{"not_picked":["Phantasmal Killer","Dodge and Roll"],"picked":"Noxious Fumes","floor":25.0},{"not_picked":["Backstab","Tactician","Slice+1"],"picked":"SKIP","floor":28.0},{"not_picked":["Flying Knee","A Thousand Cuts","Bane"],"picked":"SKIP","floor":30.0},{"not_picked":["Doppelganger","A Thousand Cuts"],"picked":"Corpse Explosion","floor":33.0},{"not_picked":["Poisoned Stab+1","Deadly Poison+1","Cloak And Dagger+1"],"picked":"SKIP","floor":35.0},{"not_picked":["Dagger Spray","Blade Dance","Quick Slash"],"picked":"SKIP","floor":37.0},{"not_picked":["Blade Dance+1","Bouncing Flask+1"],"picked":"Blur+1","floor":38.0},{"not_picked":["Skewer+1","Outmaneuver"],"picked":"Bullet Time","floor":40.0},{"not_picked":["Prepared+1","Outmaneuver+1","Concentrate"],"picked":"Singing Bowl","floor":41.0},{"not_picked":["Endless Agony","Flechettes","Dagger Throw+1"],"picked":"Singing Bowl","floor":44.0},{"not_picked":["Acrobatics+1","Underhanded Strike+1"],"picked":"PiercingWail+1","floor":48},{"not_picked":["Envenom","Footwork+1"],"picked":"PiercingWail+1","floor":54}],"player_experience":289101,"relics_obtained":[{"floor":7.0,"key":"Unceasing Top"},{"floor":9.0,"key":"Tingsha"},{"floor":13.0,"key":"FossilizedHelix"},{"floor":21.0,"key":"Red Mask"},{"floor":23.0,"key":"Bag of Marbles"},{"floor":25.0,"key":"Letter Opener"},{"floor":28.0,"key":"Boot"},{"floor":30.0,"key":"Paper Crane"},{"floor":40.0,"key":"Singing Bowl"},{"floor":41.0,"key":"Gambling Chip"},{"floor":54,"key":"Whetstone"}],"event_choices":[{"cards_removed":["Strike_G"],"damage_healed":0.0,"max_hp_gain":0.0,"max_hp_loss":0.0,"gold_gain":0.0,"event_name":"Golden Wing","player_choice":"Card Removal","floor":4.0,"gold_loss":0.0,"damage_taken":7.0},{"damage_healed":0.0,"max_hp_gain":0.0,"max_hp_loss":0.0,"gold_gain":0.0,"event_name":"Golden Idol","player_choice":"Take Wound","floor":5.0,"gold_loss":0.0,"damage_taken":0.0,"relics_obtained":["Golden Idol"],"cards_obtained":["Injury"]},{"damage_healed":0.0,"max_hp_gain":0.0,"max_hp_loss":0.0,"gold_gain":75.0,"event_name":"World of Goop","player_choice":"Gather Gold","floor":8.0,"gold_loss":0.0,"damage_taken":11.0},{"damage_healed":0.0,"max_hp_gain":0.0,"max_hp_loss":0.0,"gold_gain":0.0,"event_name":"Dead Adventurer","player_choice":"Searched \u00271\u0027 times","floor":13.0,"gold_loss":0.0,"damage_taken":0.0},{"damage_healed":0.0,"max_hp_gain":0.0,"max_hp_loss":0.0,"gold_gain":0.0,"event_name":"Addict","player_choice":"Obtained Relic","floor":19.0,"gold_loss":85.0,"damage_taken":0.0,"relics_obtained":["Orichalcum"]},{"damage_healed":0.0,"max_hp_gain":0.0,"max_hp_loss":0.0,"gold_gain":0.0,"event_name":"Masked Bandits","player_choice":"Fought Bandits","floor":21.0,"gold_loss":0.0,"damage_taken":0.0},{"damage_healed":0.0,"max_hp_gain":0.0,"max_hp_loss":0.0,"gold_gain":0.0,"event_name":"The Woman in Blue","player_choice":"Bought 3 Potions","floor":36.0,"gold_loss":0.0,"damage_taken":0.0},{"damage_healed":0.0,"max_hp_gain":0.0,"max_hp_loss":0.0,"gold_gain":0.0,"event_name":"MindBloom","player_choice":"Fight","floor":41.0,"gold_loss":0.0,"damage_taken":0.0},{"damage_healed":0,"gold_gain":0,"player_choice":"Max HP","damage_taken":0,"max_hp_gain":0,"max_hp_loss":4,"event_name":"Winding Halls","floor":47,"gold_loss":0}],"is_beta":false,"boss_relics":[{"not_picked":["Busted Crown","Fusion Hammer"],"picked":"Cursed Key"},{"not_picked":["HoveringKite","Velvet Choker"],"picked":"Snecko Eye"}],"items_purged_floors":[11],"is_endless":false,"potions_floor_spawned":[1,13,14,18,22,23,38,48,54],"ascension_level":7}}