{"host":"jhywql2x2v3ppvhm","time":1611767717,"event":{"mods":["BaseMod","Colored Map","Colored Powertips","Downfall","Googly Eyes","Hermit","Marisa????????","Minty Spire (QoL Compilation)","Rare Cards Sparkle","Slay the Relics Exporter","StSLib","The Animator","The Bug Knight","The Cursed","The Disciple","The Necromancer","The Runesmith","The Servant 0.9.4","slay the spire mod where everything is the same but ironclad has a cowboy hat"],"gold_per_floor":[99,118,133,144,144,44,97,132,145,173,193,204,4,35,53,156,156,156,173,188,98,98,98,122,135,19,169,169,179,179,195,214,214,214,214],"floor_reached":33,"language":"ENG","playtime":2662,"items_purged":["Slimebound:Tackle"],"score":286,"play_id":"2ad13009-03f6-4aa9-801b-33810e9c31a1","local_time":"20210127121517","is_ascension_mode":false,"campfire_choices":[{"floor":1,"key":"RECALL"},{"data":"Slimebound:SamplingLick","floor":6,"key":"SMITH"},{"floor":13,"key":"REST"},{"data":"Slimebound:Darklings","floor":18,"key":"SMITH"},{"data":"Slimebound:SamplingLick","floor":23,"key":"SMITH"},{"data":"Slimebound:RainOfGoop","floor":28,"key":"SMITH"}],"circlet_count":0,"master_deck":["Slimebound:Strike_Slimebound","Slimebound:Strike_Slimebound","Slimebound:Strike_Slimebound+1","Slimebound:Defend_Slimebound","Slimebound:Defend_Slimebound","Slimebound:Defend_Slimebound","Slimebound:Split","Slimebound:CorrosiveSpit","Slimebound:SamplingLick+1","Slimebound:LeechingTouch+1","Slimebound:Prepare","Slimebound:RainOfGoop","Slimebound:LeechingTouch","Slimebound:SplitMire","Slimebound:DisruptingSlam","Slimebound:SamplingLick+1","Slimebound:Repurpose","Slimebound:Darklings+1","Slimebound:RainOfGoop+1","Slimebound:Schlurp+1","Slimebound:SplitLeeching+1","Slimebound:SamplingLick","Slimebound:AcidTongue","Slimebound:Schlurp","Slimebound:PrepareCrush"],"relics":["Slimebound:AbsorbEndCombatUpgraded","downfall:HeartBlessingRed","StoneCalendar","Odd Mushroom","downfall:HeartBlessingBlue","downfall:HeartBlessingGreen","downfall:RedIOU"],"acts_visited":["Exordium","TheCity"],"potions_floor_usage":[8,10,20,33,33],"damage_taken":[{"damage":3,"enemies":"Small Slimes","floor":2,"turns":3},{"damage":4,"enemies":"Cultist","floor":3,"turns":3},{"damage":3,"enemies":"Jaw Worm","floor":4,"turns":3},{"damage":55,"enemies":"Gremlin Nob","floor":8,"turns":5},{"damage":3,"enemies":"Lots of Slimes","floor":9,"turns":6},{"damage":10,"enemies":"The Mushroom Lair","floor":10,"turns":5},{"damage":11,"enemies":"3 Louse","floor":11,"turns":4},{"damage":20,"enemies":"Gremlin Gang","floor":12,"turns":5},{"damage":9,"enemies":"3 Sentries","floor":14,"turns":7},{"damage":0,"enemies":"Large Slime","floor":15,"turns":5},{"damage":6,"enemies":"WA_ARCHETYPE_RETAIN","floor":16,"turns":7},{"damage":15,"enemies":"Centurion and Healer","floor":19,"turns":7},{"damage":23,"enemies":"Snecko","floor":20,"turns":5},{"damage":0,"enemies":"downfall:FleeingMerchant","floor":21,"turns":4},{"damage":5,"enemies":"Snake Plant","floor":25,"turns":4},{"damage":0,"enemies":"downfall:FleeingMerchant","floor":26,"turns":4},{"damage":4,"enemies":"3 Cultists","floor":29,"turns":5},{"damage":28,"enemies":"Centurion and Healer","floor":31,"turns":5},{"damage":10,"enemies":"Snake Plant","floor":32,"turns":4},{"damage":87,"enemies":"IC_MUSHROOM_ARCHETYPE","floor":33,"turns":7}],"seed_played":"-8089211622810451954","potions_obtained":[{"floor":2,"key":"LiquidMemories"},{"floor":4,"key":"Weak Potion"},{"floor":12,"key":"ColorlessPotion"},{"floor":14,"key":"hexamod:SoulburnPotion"},{"floor":16,"key":"SteroidPotion"},{"floor":20,"key":"SmokeBomb"},{"floor":31,"key":"Explosive Potion"}],"is_trial":false,"path_per_floor":["R","M","M","M","?","R","T","E","M","?","M","M","R","E","M","B",null,"R","M","M","$","?","R","T","M","$","?","R","M","?","M","M","B"],"character_chosen":"SLIMEBOUND","items_purchased":["Slimebound:SamplingLick","Slimebound:AcidTongue"],"campfire_rested":1,"item_purchase_floors":[26,26],"current_hp_per_floor":[71,70,69,68,68,68,68,17,22,20,15,3,37,36,44,46,81,81,77,63,72,72,72,72,73,81,81,81,81,81,59,52,0,0,0],"gold":214,"neow_bonus":"TEN_PERCENT_HP_BONUS","is_daily":false,"chose_seed":false,"campfire_upgraded":4,"win_rate":0.0,"timestamp":1611767717,"path_taken":["R","M","M","M","?","R","T","E","?","?","M","M","R","E","M","BOSS","R","M","M","$","?","R","T","?","$","?","R","?","?","M","M","BOSS"],"items_purchased_type":["Card","Card"],"build_version":"2020-12-22","purchased_purges":1,"victory":false,"max_hp_per_floor":[71,71,71,71,71,71,71,71,71,71,71,71,81,81,81,81,81,81,81,81,81,81,81,81,81,81,81,81,81,81,81,81,81,81,81],"card_choices":[{"not_picked":["Slimebound:SlimeBarrage","Slimebound:SplitSpecialist"],"picked":"Slimebound:SamplingLick","floor":2},{"not_picked":["Slimebound:SplitLeeching","Slimebound:Chomp"],"picked":"Slimebound:LeechingTouch","floor":3},{"not_picked":["Slimebound:ProtectTheBoss","Slimebound:LivingWall"],"picked":"Slimebound:Prepare","floor":4},{"not_picked":["Slimebound:Nibble","Slimebound:Grow"],"picked":"Slimebound:RainOfGoop","floor":8},{"not_picked":["Slimebound:SplitSpecialist","Slimebound:SplitAcid"],"picked":"Slimebound:LeechingTouch","floor":9},{"not_picked":["Slimebound:Prepare","Slimebound:LeechingTouch"],"picked":"Slimebound:SplitMire","floor":10},{"not_picked":["Slimebound:Equalize","Slimebound:LeadByExample"],"picked":"Slimebound:DisruptingSlam","floor":11},{"not_picked":["Slimebound:GrowthPunch","Slimebound:SlimeSpikes"],"picked":"Slimebound:SamplingLick","floor":12},{"not_picked":["Slimebound:FlameTackle","Slimebound:FirmFortitude"],"picked":"Slimebound:Repurpose","floor":14},{"not_picked":["Slimebound:LevelUp","Slimebound:LeechEnergy","Slimebound:LivingWall"],"picked":"SKIP","floor":15},{"not_picked":["Slimebound:WasteNot","Slimebound:RallyTheTroops"],"picked":"Slimebound:Darklings","floor":16},{"not_picked":["Slimebound:GoopTackle","Slimebound:ComboTackle"],"picked":"Slimebound:RainOfGoop","floor":19},{"not_picked":["Slimebound:SpikyOuterGoop","Slimebound:MegaLick+1"],"picked":"Slimebound:Schlurp+1","floor":20},{"not_picked":["Slimebound:LeechingTouch","Slimebound:MinionMaster"],"picked":"Slimebound:SplitLeeching+1","floor":21},{"not_picked":["Slimebound:LeechEnergy","Slimebound:FinishingTackle+1","Slimebound:Grow"],"picked":"SKIP","floor":25},{"not_picked":["Slimebound:PressTheAttack+1","Slimebound:BestDefense","Slimebound:ServeAndProtect"],"picked":"SKIP","floor":26},{"not_picked":["Slimebound:SpikyOuterGoop","Slimebound:ItLooksTasty"],"picked":"Slimebound:Schlurp","floor":29},{"not_picked":["Slimebound:SplitBruiser","Slimebound:RainOfGoop"],"picked":"Slimebound:PrepareCrush","floor":31},{"not_picked":["Slimebound:LevelUp","Slimebound:LeechEnergy+1","Slimebound:SplitBruiser"],"picked":"SKIP","floor":32}],"player_experience":171312,"relics_obtained":[{"floor":8,"key":"StoneCalendar"},{"floor":10,"key":"Odd Mushroom"},{"floor":14,"key":"Whetstone"},{"floor":24,"key":"Regal Pillow"}],"event_choices":[{"damage_healed":0,"gold_gain":0,"player_choice":"Fought Mushrooms","damage_taken":0,"max_hp_gain":0,"max_hp_loss":0,"event_name":"Mushrooms","floor":10,"gold_loss":0}],"is_beta":false,"boss_relics":[{"not_picked":["Cursed Key","SlaversCollar"],"picked":"Slimebound:AbsorbEndCombatUpgraded"}],"items_purged_floors":[21],"is_endless":false,"potions_floor_spawned":[2,4,12,14,16,19,20,31,32],"killed_by":"IC_MUSHROOM_ARCHETYPE","ascension_level":0}}