{"host":"19r1ww88x2tc73i0","time":1611783244,"event":{"mods":["BaseMod","BetterRewards","Colored Map","Minty Spire (QoL Compilation)","Relic Stats","StSLib","SuperFastMode","slay the spire mod where everything is the same but ironclad has a cowboy hat"],"gold_per_floor":[118,118,130,143,161,161,192,208,208,283,283,315,315,315,315,389,389,407,420,439,221,248,273,273,309,318,362,362,362,378,378,378,378,378],"floor_reached":33,"language":"ENG","playtime":991,"items_purged":[],"score":676,"play_id":"bf47f75a-0115-45da-b805-4e550057f5ac","local_time":"25640128043404","is_ascension_mode":true,"campfire_choices":[{"data":"Searing Blow","floor":6.0,"key":"SMITH"},{"data":"Searing Blow+1","floor":11.0,"key":"SMITH"},{"data":"Searing Blow+2","floor":13.0,"key":"SMITH"},{"data":"Searing Blow+3","floor":15.0,"key":"SMITH"},{"data":"Searing Blow+4","floor":24.0,"key":"SMITH"},{"data":"Searing Blow+5","floor":29,"key":"SMITH"},{"data":"Searing Blow+6","floor":32,"key":"SMITH"}],"circlet_count":0,"master_deck":["AscendersBane","Strike_R+1","Strike_R","Strike_R","Strike_R","Defend_R","Defend_R","Defend_R","Defend_R","Bash","Shrug It Off","Cleave+1","Fire Breathing","Searing Blow+7","Barricade","Disarm","Battle Trance","Bludgeon","Iron Wave+1","Thunderclap","Evolve","True Grit","Writhe","Exhume"],"relics":["Burning Blood","Akabeko","Orichalcum","Whetstone","Gremlin Horn","Cursed Key","CeramicFish","Red Mask","Bag of Marbles","The Courier","Juzu Bracelet","Pear"],"acts_visited":["Exordium","TheCity"],"potions_floor_usage":[33],"damage_taken":[{"damage":8.0,"enemies":"Jaw Worm","floor":1.0,"turns":6.0},{"damage":1.0,"enemies":"Small Slimes","floor":3.0,"turns":3.0},{"damage":6.0,"enemies":"2 Louse","floor":4.0,"turns":3.0},{"damage":0.0,"enemies":"2 Fungi Beasts","floor":5.0,"turns":3.0},{"damage":22.0,"enemies":"3 Sentries","floor":7.0,"turns":5.0},{"damage":13.0,"enemies":"Blue Slaver","floor":8.0,"turns":4.0},{"damage":25.0,"enemies":"Lagavulin","floor":12.0,"turns":7.0},{"damage":6.0,"enemies":"Slime Boss","floor":16.0,"turns":6.0},{"damage":17.0,"enemies":"2 Thieves","floor":18.0,"turns":2.0},{"damage":22.0,"enemies":"Spheric Guardian","floor":19.0,"turns":5.0},{"damage":10.0,"enemies":"Cultist and Chosen","floor":20.0,"turns":4.0},{"damage":1.0,"enemies":"Masked Bandits","floor":22.0,"turns":3.0},{"damage":16.0,"enemies":"Slavers","floor":23.0,"turns":4.0},{"damage":0.0,"enemies":"Gremlin Leader","floor":25.0,"turns":4.0},{"damage":34.0,"enemies":"Slavers","floor":27.0,"turns":4.0},{"damage":4,"enemies":"Chosen and Byrds","floor":30,"turns":4},{"damage":89,"enemies":"Automaton","floor":33,"turns":6}],"seed_played":"-6354401610724465665","potions_obtained":[{"floor":1.0,"key":"Strength Potion"},{"floor":4.0,"key":"Fire Potion"},{"floor":8.0,"key":"Swift Potion"},{"floor":20.0,"key":"Ancient Potion"},{"floor":25.0,"key":"BlessingOfTheForge"},{"floor":30,"key":"BlessingOfTheForge"}],"is_trial":false,"path_per_floor":["M","?","M","M","M","R","E","M","T","?","R","E","R","?","R","B",null,"M","M","M","$","?","E","R","E","T","E","?","R","M","?","R","B"],"character_chosen":"IRONCLAD","items_purchased":["BloodPotion","CeramicFish"],"campfire_rested":0,"item_purchase_floors":[21,21],"current_hp_per_floor":[73,68,73,73,79,79,63,56,56,45,45,26,26,19,19,19,66,55,39,35,35,40,30,30,36,36,34,52,52,54,54,54,0,0],"gold":378,"neow_bonus":"TEN_PERCENT_HP_BONUS","is_daily":false,"chose_seed":false,"campfire_upgraded":7,"win_rate":0.0,"timestamp":1611783244,"path_taken":["M","?","M","M","M","R","E","M","T","?","R","E","R","?","R","BOSS","M","M","M","$","?","E","R","E","T","E","?","R","M","?","R","BOSS"],"items_purchased_type":["Potion","Relic"],"build_version":"2020-12-22","purchased_purges":0,"victory":false,"max_hp_per_floor":[82,82,82,82,82,82,82,82,82,82,82,82,82,82,82,82,82,82,82,82,82,82,82,82,82,82,92,92,92,92,92,92,92,92],"relic_stats":{"Gremlin Horn":[18,18],"counters":[17,73],"CeramicFish":27,"Juzu Bracelet":0,"Whetstone":["Strike_R","Cleave"],"Orichalcum":[78],"Cursed Key":1,"obtain_stats":[{"Pear":27,"Gremlin Horn":12,"CeramicFish":21,"The Courier":25,"Red Mask":22,"Bag of Marbles":23,"Juzu Bracelet":26,"Whetstone":9,"Orichalcum":7,"Cursed Key":17,"Burning Blood":0,"Akabeko":2},{"Pear":15,"Gremlin Horn":7,"CeramicFish":11,"The Courier":14,"Red Mask":12,"Bag of Marbles":13,"Juzu Bracelet":14,"Whetstone":6,"Orichalcum":5,"Cursed Key":8,"Burning Blood":0,"Akabeko":1},{"Pear":63,"Gremlin Horn":31,"CeramicFish":48,"The Courier":59,"Red Mask":51,"Bag of Marbles":55,"Juzu Bracelet":59,"Whetstone":24,"Orichalcum":20,"Cursed Key":37,"Burning Blood":0,"Akabeko":6}],"Burning Blood":96},"card_choices":[{"not_picked":["Seeing Red","Entrench"],"picked":"Shrug It Off","floor":1.0},{"not_picked":["Heavy Blade","Wild Strike"],"picked":"Cleave","floor":3.0},{"not_picked":["Body Slam","Iron Wave"],"picked":"Fire Breathing","floor":4.0},{"not_picked":["Heavy Blade","Warcry"],"picked":"Searing Blow","floor":5.0},{"not_picked":["Shrug It Off","Juggernaut"],"picked":"Barricade","floor":7.0},{"not_picked":["Twin Strike","Heavy Blade"],"picked":"Disarm","floor":8.0},{"not_picked":["Reaper","Whirlwind"],"picked":"Battle Trance","floor":12.0},{"not_picked":["Brutality","Barricade"],"picked":"Bludgeon","floor":16.0},{"not_picked":["Havoc+1","Searing Blow+1"],"picked":"Iron Wave+1","floor":18.0},{"not_picked":["Whirlwind","Clash"],"picked":"Thunderclap","floor":19.0},{"not_picked":["Armaments","Wild Strike"],"picked":"Evolve","floor":20.0},{"not_picked":["Combust","Evolve","Rage"],"picked":"SKIP","floor":23.0},{"not_picked":["Armaments","Anger+1"],"picked":"True Grit","floor":25.0},{"not_picked":["Headbutt","Thunderclap"],"picked":"Exhume","floor":27.0},{"not_picked":["Hemokinesis","Flex","Twin Strike"],"picked":"SKIP","floor":30}],"player_experience":961816,"relics_obtained":[{"floor":7.0,"key":"Orichalcum"},{"floor":9.0,"key":"Whetstone"},{"floor":12.0,"key":"Gremlin Horn"},{"floor":22.0,"key":"Red Mask"},{"floor":23.0,"key":"Bag of Marbles"},{"floor":25.0,"key":"The Courier"},{"floor":26.0,"key":"Juzu Bracelet"},{"floor":27.0,"key":"Pear"}],"event_choices":[{"damage_healed":0.0,"max_hp_gain":0.0,"max_hp_loss":0.0,"gold_gain":0.0,"event_name":"Scrap Ooze","player_choice":"Success","floor":2.0,"gold_loss":0.0,"damage_taken":5.0,"relics_obtained":["Akabeko"]},{"damage_healed":0.0,"max_hp_gain":0.0,"max_hp_loss":0.0,"gold_gain":75.0,"event_name":"World of Goop","player_choice":"Gather Gold","floor":10.0,"gold_loss":0.0,"damage_taken":11.0},{"cards_removed":["Strike_R"],"damage_healed":0.0,"max_hp_gain":0.0,"max_hp_loss":0.0,"gold_gain":0.0,"event_name":"Golden Wing","player_choice":"Card Removal","floor":14.0,"gold_loss":0.0,"damage_taken":7.0},{"damage_healed":0.0,"max_hp_gain":0.0,"max_hp_loss":0.0,"gold_gain":0.0,"event_name":"Masked Bandits","player_choice":"Fought Bandits","floor":22.0,"gold_loss":0.0,"damage_taken":0.0},{"damage_healed":18,"gold_gain":0,"player_choice":"Heal","damage_taken":0,"max_hp_gain":0,"max_hp_loss":0,"event_name":"The Library","floor":28,"gold_loss":0},{"damage_healed":0,"gold_gain":0,"player_choice":"Ignored","damage_taken":0,"max_hp_gain":0,"max_hp_loss":0,"event_name":"Ghosts","floor":31,"gold_loss":0}],"is_beta":false,"boss_relics":[{"not_picked":["Tiny House","Velvet Choker"],"picked":"Cursed Key"}],"items_purged_floors":[],"is_endless":false,"potions_floor_spawned":[1,4,5,8,20,25,30],"killed_by":"Automaton","ascension_level":20}}