{"host":"15dd7v8o90xso62x","time":1611754846,"event":{"mods":["BaseMod","Minty Spire (QoL Compilation)","Quick Restart","StSLib","SuperFastMode"],"gold_per_floor":[110,123,143,158,174,174,205,205,231,266,286,315,325,325,325,325,325],"floor_reached":16,"language":"KOR","playtime":518,"items_purged":[],"score":248,"play_id":"90c509e4-ea93-4a18-9a9d-037ca99bfba3","local_time":"20210127224046","is_ascension_mode":true,"campfire_choices":[{"data":"Eruption","floor":6,"key":"SMITH"},{"data":"EmptyFist","floor":8,"key":"SMITH"},{"floor":15,"key":"REST"}],"circlet_count":0,"master_deck":["AscendersBane","Strike_P","Strike_P","Strike_P","Strike_P","Defend_P","Defend_P","Defend_P","Defend_P","Eruption+1","Vigilance","Conclude","EmptyFist+1","Halt","CutThroughFate","Tantrum"],"relics":["PureWater","NeowsBlessing","Pantograph","Toy Ornithopter","Strawberry","Oddly Smooth Stone"],"acts_visited":["Exordium"],"potions_floor_usage":[7,10],"damage_taken":[{"damage":0.0,"enemies":"Jaw Worm","floor":1.0,"turns":1.0},{"damage":0.0,"enemies":"Small Slimes","floor":2.0,"turns":1.0},{"damage":0.0,"enemies":"Cultist","floor":3.0,"turns":2.0},{"damage":8.0,"enemies":"Blue Slaver","floor":4.0,"turns":2.0},{"damage":20,"enemies":"Large Slime","floor":5,"turns":9},{"damage":19,"enemies":"3 Sentries","floor":7,"turns":9},{"damage":15,"enemies":"Gremlin Nob","floor":10,"turns":3},{"damage":0,"enemies":"3 Louse","floor":11,"turns":3},{"damage":10,"enemies":"3 Sentries","floor":12,"turns":3},{"damage":0,"enemies":"2 Fungi Beasts","floor":13,"turns":2},{"damage":44,"enemies":"The Guardian","floor":16,"turns":7}],"seed_played":"-7046958490579301619","potions_obtained":[{"floor":1.0,"key":"Weak Potion"},{"floor":5,"key":"SkillPotion"},{"floor":7,"key":"Dexterity Potion"},{"floor":12,"key":"Swift Potion"}],"is_trial":false,"path_per_floor":["M","M","M","M","M","R","E","R","T","E","M","E","M","?","R","B"],"character_chosen":"WATCHER","items_purchased":[],"campfire_rested":1,"item_purchase_floors":[],"current_hp_per_floor":[61,61,61,53,33,33,14,14,14,11,11,1,1,1,23,4,4],"gold":325,"neow_bonus":"THREE_ENEMY_KILL","is_daily":false,"chose_seed":false,"campfire_upgraded":2,"win_rate":0.0,"timestamp":1611754846,"path_taken":["M","M","M","M","M","R","E","R","T","E","M","E","M","?","R","BOSS"],"items_purchased_type":[],"build_version":"2020-12-22","purchased_purges":0,"victory":false,"max_hp_per_floor":[68,68,68,68,68,68,68,68,68,75,75,75,75,75,75,75,75],"card_choices":[{"not_picked":["FollowUp","PathToVictory"],"picked":"Conclude","floor":1.0},{"not_picked":["Nirvana","FollowUp","CarveReality"],"picked":"SKIP","floor":2.0},{"not_picked":["Prostrate","FlyingSleeves"],"picked":"EmptyFist","floor":3.0},{"not_picked":["SandsOfTime","Weave","Omniscience"],"picked":"SKIP","floor":4.0},{"not_picked":["Prostrate","Indignation"],"picked":"Halt","floor":5},{"not_picked":["SignatureMove","Weave","Halt"],"picked":"SKIP","floor":7},{"not_picked":["Conclude","Pray","ClearTheMind"],"picked":"SKIP","floor":10},{"not_picked":["PathToVictory","EmptyBody"],"picked":"CutThroughFate","floor":11},{"not_picked":["Weave","SandsOfTime"],"picked":"Tantrum","floor":12},{"not_picked":["FlurryOfBlows","ForeignInfluence","CutThroughFate"],"picked":"SKIP","floor":13}],"player_experience":898146,"relics_obtained":[{"floor":7,"key":"Pantograph"},{"floor":9,"key":"Toy Ornithopter"},{"floor":10,"key":"Strawberry"},{"floor":12,"key":"Oddly Smooth Stone"}],"event_choices":[{"damage_healed":0,"gold_gain":0,"player_choice":"Ignored","damage_taken":0,"max_hp_gain":0,"max_hp_loss":0,"event_name":"Shining Light","floor":14,"gold_loss":0}],"is_beta":false,"boss_relics":[],"items_purged_floors":[],"is_endless":false,"potions_floor_spawned":[1,5,7,12],"killed_by":"The Guardian","ascension_level":20}}