{"host":"ndqo0ze3xqwwg5zo","time":1611729358,"event":{"mods":["BaseMod","Colored Powertips","Downfall","Hermit","Koishi","Marisa????????","Minty Spire (QoL Compilation)","Permanent Neow","Replay The Spire","Shop Mod","StSLib","Td1madao Mod","The Cursed","The Disciple","The Hierophant","The Necromancer","The Runesmith","The Servant 0.9.4","The Wild Card"],"gold_per_floor":[119,132,80,91,111,146,160,195,264,274,69,82,82,82,82,180,180,196,196,211,211,229,258,258,268,268,268,285,296,307,307,307,412,412,429,127,322,322,322,357,357,308,334,334,367,382,458,458,458,458],"floor_reached":51,"language":"ENG","playtime":31854,"items_purged":[],"score":712,"play_id":"eef91942-97af-47d6-9856-4a1de2d6975c","local_time":"20210127003558","is_ascension_mode":false,"campfire_choices":[{"data":"hermit:TakeCover","floor":13,"key":"SMITH"},{"floor":15,"key":"REST"},{"floor":24,"key":"REST"},{"data":"hermit:Determination","floor":27,"key":"SMITH"},{"data":"hermit:WideOpen","floor":41,"key":"SMITH"},{"data":"hermit:WideOpen","floor":44,"key":"SMITH"},{"floor":49,"key":"DIG"}],"circlet_count":0,"master_deck":["hermit:Strike_Hermit","hermit:Strike_Hermit","hermit:Strike_Hermit","hermit:Strike_Hermit","hermit:Defend_Hermit","hermit:Defend_Hermit","hermit:Defend_Hermit","hermit:Defend_Hermit","hermit:Snapshot","hermit:WideOpen+1","hermit:TakeCover+1","hermit:GhostlyPresence+1","hermit:Spite","hermit:WideOpen+1","hermit:CalledShot+1","hermit:Showdown+1","hermit:TrackingShot","hermit:Vantage","hermit:Magnum","hermit:GhostlyPresence","hermit:Quickdraw","hermit:Determination+1","hermit:GhostlyPresence","hermit:RoundhouseKick","hermit:TakeCover+1","hermit:CalledShot+1","hermit:Quickdraw+1"],"relics":["Black Star","Pet Ghost","Vajra","Counterbalance","Oddly Smooth Stone","InkBottle","Whetstone","Replay:Bronze Core","Replay:Accelerometer","Eternal Feather","Juzu Bracelet","PreservedInsect","Replay:Mystery Machine","Busted Crown","Simple Rune","Sling","Bag of Preparation","Blue Doll","MealTicket","Bird Faced Urn","Meat on the Bone","Bottled Flame","Anchor"],"acts_visited":["Exordium","TheCity","TheBeyond"],"potions_floor_usage":[8,16,16,23,30,33,35,50,50],"damage_taken":[{"damage":0,"enemies":"2 Louse","floor":1,"turns":3},{"damage":0,"enemies":"Cultist","floor":2,"turns":3},{"damage":2,"enemies":"Jaw Worm","floor":4,"turns":5},{"damage":3,"enemies":"Red Slaver","floor":5,"turns":4},{"damage":19,"enemies":"Lagavulin","floor":6,"turns":8},{"damage":1,"enemies":"Blue Slaver","floor":7,"turns":5},{"damage":12,"enemies":"3 Sentries","floor":8,"turns":6},{"damage":0,"enemies":"Large Slime","floor":10,"turns":3},{"damage":4,"enemies":"3 Louse","floor":12,"turns":2},{"damage":4,"enemies":"Fading Forest","floor":16,"turns":11},{"damage":0,"enemies":"3 Byrds","floor":18,"turns":5},{"damage":2,"enemies":"Shell Parasite","floor":20,"turns":5},{"damage":31,"enemies":"Chosen and Byrds","floor":22,"turns":6},{"damage":10,"enemies":"Slavers","floor":23,"turns":6},{"damage":3,"enemies":"Centurion and Healer","floor":25,"turns":5},{"damage":15,"enemies":"Snake Plant","floor":28,"turns":5},{"damage":18,"enemies":"Sentry and Sphere","floor":29,"turns":6},{"damage":0,"enemies":"Cultist and Chosen","floor":30,"turns":6},{"damage":31,"enemies":"Champ","floor":33,"turns":12},{"damage":10,"enemies":"3 Darklings","floor":35,"turns":8},{"damage":0,"enemies":"Giant Head","floor":40,"turns":7},{"damage":1,"enemies":"R_Hoarder","floor":45,"turns":4},{"damage":0,"enemies":"3 Shapes","floor":46,"turns":4},{"damage":7,"enemies":"Awakened One","floor":50,"turns":15}],"seed_played":"47183364437614739","potions_obtained":[{"floor":1,"key":"Flashbang"},{"floor":5,"key":"CultistPotion"},{"floor":6,"key":"Dexterity Potion"},{"floor":8,"key":"hexamod:SoulburnPotion"},{"floor":18,"key":"BlessingOfTheForge"},{"floor":20,"key":"FearPotion"},{"floor":23,"key":"Guardian:BlockOnCardUsePotion"},{"floor":29,"key":"Swift Potion"},{"floor":33,"key":"LiquidMemories"},{"floor":40,"key":"Toxic Potion"},{"floor":45,"key":"Adrenaline Potion"}],"is_trial":false,"path_per_floor":["M","M","$","M","M","E","M","E","T","M","$","M","R","?","R","B",null,"M","T","M","T","M","E","R","M","T","R","M","M","M","?","R","B",null,"M","$","?","?","?","E","R","$","T","R","E","M","T","?","R","B",null],"character_chosen":"HERMIT","items_purchased":["hermit:GhostlyPresence+1","hermit:Vantage","Whetstone","Simple Rune","Sling","hermit:Tonic"],"campfire_rested":2,"item_purchase_floors":[3,11,11,36,36,42],"current_hp_per_floor":[75,75,75,73,70,51,50,38,38,38,38,34,34,34,56,52,75,75,75,73,73,42,32,66,63,63,75,60,42,42,42,75,44,75,65,65,65,65,65,65,71,71,71,71,70,71,71,71,71,64],"gold":458,"neow_bonus":"BOSS_RELIC","is_daily":false,"chose_seed":false,"campfire_upgraded":4,"win_rate":0.0,"timestamp":1611729358,"path_taken":["M","M","$","M","M","E","M","E","T","M","$","M","R","?","R","BOSS","M","?","M","?","?","E","R","M","T","R","M","M","M","?","R","BOSS","M","$","?","?","?","E","R","?","T","R","E","M","?","?","R","BOSS"],"items_purchased_type":["Card","Card","Relic","Relic","Relic","Potion"],"build_version":"2020-12-22","purchased_purges":0,"victory":true,"max_hp_per_floor":[75,75,75,75,75,75,75,75,75,75,75,75,75,75,75,75,75,75,75,75,75,75,75,75,75,75,75,75,75,75,75,75,75,75,75,75,75,71,71,71,71,71,71,71,71,71,71,71,71,71],"card_choices":[{"not_picked":["hermit:Vantage","hermit:Desperado"],"picked":"hermit:WideOpen","floor":1},{"not_picked":["hermit:Cheat","hermit:FullyLoaded"],"picked":"hermit:TakeCover","floor":2},{"not_picked":["hermit:FullyLoaded","hermit:TrackingShot"],"picked":"hermit:Spite","floor":4},{"not_picked":["hermit:DeadMansHand","hermit:Roulette"],"picked":"hermit:WideOpen","floor":5},{"not_picked":["hermit:FatalDesire","hermit:Vantage"],"picked":"hermit:CalledShot","floor":6},{"not_picked":["hermit:LowProfile","hermit:Roulette"],"picked":"hermit:Showdown","floor":7},{"not_picked":["hermit:HoleUp","hermit:Ricochet"],"picked":"hermit:TrackingShot","floor":8},{"not_picked":["hermit:Ricochet","hermit:TrackingShot","hermit:Malice"],"picked":"SKIP","floor":10},{"not_picked":["hermit:CursedWeapon","hermit:Horror","hermit:SprayPray"],"picked":"SKIP","floor":12},{"not_picked":["hermit:BlackWind","hermit:Dissolve"],"picked":"hermit:Magnum","floor":16},{"not_picked":["hermit:TrackingShot","hermit:Feint"],"picked":"hermit:GhostlyPresence","floor":18},{"not_picked":["hermit:ItchyTrigger+1","hermit:Horror","hermit:Feint"],"picked":"SKIP","floor":20},{"not_picked":["hermit:Combo","hermit:HighCaliber"],"picked":"hermit:Quickdraw","floor":22},{"not_picked":["hermit:ItchyTrigger","hermit:Misfire","hermit:HoleUp"],"picked":"SKIP","floor":23},{"not_picked":["hermit:PistolWhip","hermit:Spite"],"picked":"hermit:Determination","floor":25},{"not_picked":["hermit:Virtue","hermit:Snipe"],"picked":"hermit:GhostlyPresence","floor":28},{"not_picked":["hermit:Coalescence","hermit:NoHoldsBarred","hermit:CalledShot"],"picked":"SKIP","floor":29},{"not_picked":["hermit:WideOpen","hermit:CursedWeapon","hermit:Vantage"],"picked":"SKIP","floor":30},{"not_picked":["hermit:Magnum","hermit:OverwhelmingPower"],"picked":"hermit:RoundhouseKick","floor":33},{"not_picked":["hermit:ItchyTrigger+1"],"picked":"SKIP","floor":35},{"not_picked":[],"picked":"hermit:CalledShot+1","floor":40},{"not_picked":[],"picked":"hermit:Quickdraw+1","floor":45},{"not_picked":["hermit:Brawl+1"],"picked":"SKIP","floor":46}],"player_experience":60303,"relics_obtained":[{"floor":6,"key":"Pet Ghost"},{"floor":6,"key":"Vajra"},{"floor":8,"key":"Counterbalance"},{"floor":8,"key":"Oddly Smooth Stone"},{"floor":9,"key":"InkBottle"},{"floor":19,"key":"Replay:Accelerometer"},{"floor":21,"key":"Eternal Feather"},{"floor":23,"key":"Juzu Bracelet"},{"floor":23,"key":"PreservedInsect"},{"floor":26,"key":"Replay:Mystery Machine"},{"floor":40,"key":"Bag of Preparation"},{"floor":40,"key":"Blue Doll"},{"floor":43,"key":"MealTicket"},{"floor":45,"key":"Bird Faced Urn"},{"floor":45,"key":"Meat on the Bone"},{"floor":47,"key":"Bottled Flame"},{"floor":49,"key":"Anchor"}],"event_choices":[{"cards_removed":["hermit:Covet"],"damage_healed":0,"gold_gain":0,"player_choice":"Offered Basic","damage_taken":0,"max_hp_gain":0,"max_hp_loss":0,"event_name":"Bonfire Elementals","floor":14,"gold_loss":0},{"damage_healed":0,"gold_gain":0,"player_choice":"Max HP","damage_taken":0,"max_hp_gain":0,"max_hp_loss":4,"event_name":"Winding Halls","floor":38,"gold_loss":0},{"damage_healed":0,"gold_gain":0,"player_choice":"Copied","damage_taken":0,"max_hp_gain":0,"max_hp_loss":0,"event_name":"Duplicator","floor":39,"gold_loss":0,"cards_obtained":["hermit:TakeCover"]}],"is_beta":false,"boss_relics":[{"not_picked":["Runic Dome","Astrolabe"],"picked":"Replay:Bronze Core"},{"not_picked":["bronze:MakeshiftBattery","Velvet Choker"],"picked":"Busted Crown"}],"items_purged_floors":[],"is_endless":false,"potions_floor_spawned":[1,5,6,8,18,20,23,29,33,40,45],"ascension_level":0}}