{"host":"684z1xpuwaoqmmh1","time":1611753004,"event":{"mods":["BaseMod","Downfall","Hermit","Jorbs\u0027s Wanderer Trilogy","Marisa????????","Minty Spire (QoL Compilation)","Robot Space Explorer","Shade Mod","StSLib","The Bug Knight","The Cursed","The Dragon Tamer","The Hayseed","The Hierophant","The Marked","The Mystic","The Runesmith","The Senshi"],"gold_per_floor":[118,133,95,114,125,151,151,182,263,263,288,302,302,364,364,460,460,473,473,473,489,286,316,316,333,402,402,402],"floor_reached":27,"language":"ENG","playtime":1224,"items_purged":["TheSimpletonMod:Strike_TheSimpleton"],"score":364,"play_id":"c8565f68-6850-4334-b59d-634e06653c65","local_time":"20210127151004","is_ascension_mode":true,"campfire_choices":[{"data":"TheSimpletonMod:CrackOfDawn","floor":7,"key":"SMITH"},{"floor":13,"key":"REST"},{"data":"TheSimpletonMod:Swelter","floor":15,"key":"SMITH"},{"data":"TheSimpletonMod:Biorefinement","floor":24,"key":"SMITH"}],"circlet_count":0,"master_deck":["TheSimpletonMod:Strike_TheSimpleton","TheSimpletonMod:Strike_TheSimpleton","TheSimpletonMod:Strike_TheSimpleton+1","TheSimpletonMod:Defend_TheSimpleton","TheSimpletonMod:Defend_TheSimpleton","TheSimpletonMod:Defend_TheSimpleton","TheSimpletonMod:Defend_TheSimpleton","TheSimpletonMod:Haymaker","TheSimpletonMod:ReapAndSow","TheSimpletonMod:CloseScrape","TheSimpletonMod:Sunchoke+1","TheSimpletonMod:Coffee+1","TheSimpletonMod:Sunseed","TheSimpletonMod:CrackOfDawn+1","TheSimpletonMod:Swelter+1","TheSimpletonMod:StockTheCellar","TheSimpletonMod:FlashPasteurize","TheSimpletonMod:Pruning","TheSimpletonMod:ResistantStrain","TheSimpletonMod:Aerate+1","TheSimpletonMod:Germinate","TheSimpletonMod:Biorefinement+1"],"relics":["TheSimpletonMod:SpudOfTheInnocent","TheSimpletonMod:NightSoil","TheSimpletonMod:TheHarvester","Tiny Chest","TheSimpletonMod:HornOfPlenty","Mummified Hand","Art of War","Smiling Mask","SlaversCollar","StrikeDummy","Whetstone","Akabeko","Pear"],"acts_visited":["Exordium","TheCity"],"potions_floor_usage":[8,11,14,14],"damage_taken":[{"damage":1.0,"enemies":"Cultist","floor":1.0,"turns":4.0},{"damage":0.0,"enemies":"Small Slimes","floor":2.0,"turns":3.0},{"damage":3.0,"enemies":"2 Louse","floor":4.0,"turns":3.0},{"damage":18,"enemies":"Exordium Wildlife","floor":5,"turns":4},{"damage":25,"enemies":"Lagavulin","floor":6,"turns":6},{"damage":37,"enemies":"Gremlin Nob","floor":8,"turns":5},{"damage":16,"enemies":"3 Sentries","floor":11,"turns":4},{"damage":16,"enemies":"Large Slime","floor":12,"turns":6},{"damage":10,"enemies":"3 Sentries","floor":14,"turns":3},{"damage":15,"enemies":"The Guardian","floor":16,"turns":15},{"damage":0,"enemies":"3 Byrds","floor":18,"turns":4},{"damage":8,"enemies":"Chosen","floor":21,"turns":5},{"damage":22,"enemies":"HollowMod:Nosk","floor":23,"turns":7},{"damage":14,"enemies":"Snake Plant","floor":25,"turns":5},{"damage":61,"enemies":"Gremlin Leader","floor":27,"turns":4}],"seed_played":"-1148813944654849556","potions_obtained":[{"floor":5,"key":"Explosive Potion"},{"floor":6,"key":"ColorlessPotion"},{"floor":8,"key":"bronze:BurnAndBuffPotion"},{"floor":11,"key":"Regen Potion"},{"floor":12,"key":"Explosive Potion"}],"is_trial":false,"path_per_floor":["M","M","?","M","M","E","R","E","T","?","E","M","R","?","R","B",null,"M","?","T","M","$","E","R","M","T","E"],"character_chosen":"THE_SIMPLETON","items_purchased":["Whetstone"],"campfire_rested":1,"item_purchase_floors":[22],"current_hp_per_floor":[78,82,82,82,68,47,47,14,14,41,25,13,37,40,40,29,69,69,69,69,65,65,47,47,37,47,0,0],"gold":402,"neow_bonus":"TEN_PERCENT_HP_BONUS","is_daily":false,"chose_seed":false,"campfire_upgraded":3,"win_rate":0.0,"timestamp":1611753004,"path_taken":["M","M","?","M","M","E","R","E","T","?","E","M","R","?","R","BOSS","M","?","?","M","$","E","R","M","T","E"],"items_purchased_type":["Relic"],"build_version":"2020-12-22","purchased_purges":1,"victory":false,"max_hp_per_floor":[82,82,82,82,82,82,82,82,82,82,82,82,82,82,82,82,82,82,82,82,82,82,82,82,82,92,92,92],"card_choices":[{"not_picked":["TheSimpletonMod:SeedCoat","TheSimpletonMod:Aerate"],"picked":"TheSimpletonMod:CloseScrape","floor":1.0},{"not_picked":["TheSimpletonMod:Innovate","TheSimpletonMod:BumperCrop"],"picked":"TheSimpletonMod:Sunchoke","floor":2.0},{"not_picked":["TheSimpletonMod:Onions","TheSimpletonMod:GoToMarket"],"picked":"TheSimpletonMod:Sunseed","floor":4.0},{"not_picked":["TheSimpletonMod:VineRipen","TheSimpletonMod:OnionBloom"],"picked":"TheSimpletonMod:CrackOfDawn","floor":5},{"not_picked":["TheSimpletonMod:OnionBloom","TheSimpletonMod:Sunseed"],"picked":"TheSimpletonMod:Swelter","floor":6},{"not_picked":["TheSimpletonMod:Aerate","TheSimpletonMod:RootDown"],"picked":"TheSimpletonMod:StockTheCellar","floor":8},{"not_picked":["TheSimpletonMod:Onions","TheSimpletonMod:DoubleBarrel"],"picked":"TheSimpletonMod:FlashPasteurize","floor":11},{"not_picked":["TheSimpletonMod:Rototilling","TheSimpletonMod:GoToMarket"],"picked":"TheSimpletonMod:Pruning","floor":12},{"not_picked":["TheSimpletonMod:BuzzBomb","TheSimpletonMod:ErosionControl"],"picked":"TheSimpletonMod:ResistantStrain","floor":16},{"not_picked":["TheSimpletonMod:OnionBloom+1","TheSimpletonMod:CullingStrike"],"picked":"TheSimpletonMod:Aerate+1","floor":18},{"not_picked":["TheSimpletonMod:VineRipen","TheSimpletonMod:CloseScrape"],"picked":"TheSimpletonMod:Germinate","floor":21},{"not_picked":["TheSimpletonMod:OnionBloom","TheSimpletonMod:ToughenUp"],"picked":"TheSimpletonMod:Biorefinement","floor":23},{"not_picked":["TheSimpletonMod:Fertilaser","TheSimpletonMod:CloseScrape","TheSimpletonMod:Ferment"],"picked":"SKIP","floor":25}],"player_experience":2964175,"relics_obtained":[{"floor":6,"key":"Tiny Chest"},{"floor":8,"key":"TheSimpletonMod:HornOfPlenty"},{"floor":9,"key":"Mummified Hand"},{"floor":11,"key":"Art of War"},{"floor":14,"key":"Smiling Mask"},{"floor":20,"key":"StrikeDummy"},{"floor":23,"key":"Akabeko"},{"floor":26,"key":"Pear"}],"event_choices":[{"damage_healed":27,"gold_gain":0,"player_choice":"Banana","damage_taken":0,"max_hp_gain":0,"max_hp_loss":0,"event_name":"Big Fish","floor":10,"gold_loss":0},{"damage_healed":0,"gold_gain":30,"player_choice":"Searched \u00273\u0027 times","damage_taken":0,"max_hp_gain":0,"max_hp_loss":0,"event_name":"Dead Adventurer","floor":14,"gold_loss":0},{"damage_healed":0,"gold_gain":0,"player_choice":"Ignored","damage_taken":0,"max_hp_gain":0,"max_hp_loss":0,"event_name":"Ghosts","floor":19,"gold_loss":0}],"is_beta":false,"boss_relics":[{"not_picked":["Philosopher\u0027s Stone","bronze:MakeshiftBattery"],"picked":"SlaversCollar"}],"items_purged_floors":[22],"is_endless":false,"potions_floor_spawned":[5,6,8,11,12],"killed_by":"Gremlin Leader","ascension_level":7}}