{"host":"lzzv50t0ea3gz1kk","time":1611766027,"event":{"mods":["ATMod(∞¢Ë™Mod)","Act Like it!","Aspiration","BaseMod","Colored Powertips","Downfall","Gensokyo","Hallownest","Hermit","Marisa£®ÏF”Í°°ƒß¿Ì…≥£©","Minty Spire (QoL Compilation)","Reimu£®≤©¿ˆ¡È√Œ£©","Remilia£®¿Ÿ√◊¿Ú—«£©","StSLib","The Servant 0.9.4","Youmu£®ªÍ∆«—˝√Œ£©"],"gold_per_floor":[99,111,121,141,141,141,165,185,16,39,67,84,84,95,114,218,218,18,35,35,35,50,50,74,90,119,119,119,129,39,71,87,185,185,85,85,70,70,70,70,70,82,82,82,110,110,110,136,151,151,151,178,78,78,78,78],"floor_reached":57,"language":"ZHS","playtime":3812,"items_purged":["Slimebound:Chomp","Slimebound:Strike_Slimebound"],"score":1173,"play_id":"f7ca8277-58ad-4825-9e51-5f47577a3e2e","local_time":"20210128004707","is_ascension_mode":false,"campfire_choices":[{"data":"Slimebound:RollThrough","floor":1.0,"key":"SMITH"},{"floor":6.0,"key":"RECALL"},{"data":"Slimebound:Darklings","floor":18.0,"key":"SMITH"},{"data":"Slimebound:LevelUp","floor":27.0,"key":"SMITH"},{"data":"Slimebound:LeadByExample","floor":35.0,"key":"SMITH"},{"data":"Slimebound:SplitSpecialist","floor":40,"key":"SMITH"},{"data":"Slimebound:GoopSpray","floor":46,"key":"SMITH"},{"floor":54,"key":"REST"}],"circlet_count":1,"master_deck":["Slimebound:Strike_Slimebound","Slimebound:Strike_Slimebound","Slimebound:Tackle","Slimebound:Defend_Slimebound","Slimebound:Defend_Slimebound+1","Slimebound:Defend_Slimebound","Slimebound:Defend_Slimebound","Slimebound:CorrosiveSpit+1","Slimebound:RollThrough+1","Slimebound:Prepare","Slimebound:Darklings+1","Slimebound:LevelUp+1","Slimebound:SplitSpecialist+1","Slimebound:LeechLife","Slimebound:GoopSpray+1","Slimebound:LeadByExample+1","Slimebound:Prepare+1","Gensokyo:Dawn+1","Slimebound:SamplingLick+1","Slimebound:SlimeBrawl","Slimebound:ComboTackle+1"],"relics":["Slimebound:AbsorbEndCombatUpgraded","AT_ATBox","AT_SunfireAegis","War Paint","Bronze Scales","Gensokyo:Justice","downfall:HeartBlessingBlue","downfall:HeartBlessingRed","Gensokyo:MosesMiracle","Juzu Bracelet","AT_ImmortalShieldbow","Pocketwatch","Torii","SlaversCollar","downfall:HeartBlessingGreen","Circlet","AT_ChloranthyRing","Bottled Flame","CaptainsWheel"],"acts_visited":["Gensokyo:Gensokyo","Gensokyo:Gensokyoer","Gensokyo:Gensokyoest","TheEnding"],"potions_floor_usage":[45,52,56,56],"damage_taken":[{"damage":1.0,"enemies":"Gensokyo:3_Fairies","floor":2.0,"turns":4.0},{"damage":11.0,"enemies":"Gensokyo:Python","floor":3.0,"turns":3.0},{"damage":7.0,"enemies":"Gensokyo:Gryphon","floor":4.0,"turns":4.0},{"damage":5.0,"enemies":"Gensokyo:Kitsune","floor":8.0,"turns":4.0},{"damage":0.0,"enemies":"downfall:FleeingMerchant","floor":9.0,"turns":4.0},{"damage":16.0,"enemies":"Gensokyo:Mamizou","floor":11.0,"turns":7.0},{"damage":3.0,"enemies":"Gensokyo:3_Kodama","floor":12.0,"turns":2.0},{"damage":4.0,"enemies":"Gensokyo:VengefulSpirit","floor":14.0,"turns":3.0},{"damage":0.0,"enemies":"Gensokyo:Kitsune","floor":15.0,"turns":3.0},{"damage":32.0,"enemies":"WA_ARCHETYPE_RETAIN","floor":16.0,"turns":5.0},{"damage":0.0,"enemies":"Gensokyo:Chomper","floor":19.0,"turns":3.0},{"damage":18.0,"enemies":"Gensokyo:AngelMirror","floor":22.0,"turns":4.0},{"damage":33.0,"enemies":"Gensokyo:Swordslinger","floor":25.0,"turns":4.0},{"damage":35.0,"enemies":"Gensokyo:Reisen","floor":26.0,"turns":6.0},{"damage":31.0,"enemies":"Gensokyo:Slime_Group","floor":29.0,"turns":4.0},{"damage":0.0,"enemies":"downfall:FleeingMerchant","floor":30.0,"turns":4.0},{"damage":32.0,"enemies":"Gensokyo:Tenshi","floor":31.0,"turns":5.0},{"damage":2.0,"enemies":"Gensokyo:Wraith","floor":32.0,"turns":5.0},{"damage":19.0,"enemies":"SI_MIRROR_ARCHETYPE","floor":33.0,"turns":7.0},{"damage":0,"enemies":"downfall:FleeingMerchant","floor":37,"turns":4},{"damage":12,"enemies":"downfall:FleeingMerchant","floor":38,"turns":7},{"damage":1,"enemies":"Gensokyo:AncientGuardian","floor":42,"turns":3},{"damage":8,"enemies":"Gensokyo:Kasen","floor":45,"turns":5},{"damage":21,"enemies":"Gensokyo:Marisa","floor":48,"turns":5},{"damage":1,"enemies":"Gensokyo:3_Boulders","floor":49,"turns":3},{"damage":44,"enemies":"DF_ARCHETYPE_ORBS","floor":50,"turns":6},{"damage":40,"enemies":"downfall:CharBossMerchant","floor":52,"turns":6},{"damage":24,"enemies":"downfall:NeowBoss","floor":55,"turns":14},{"damage":37,"enemies":"downfall:NeowBossFinal","floor":56,"turns":7}],"seed_played":"-627521806221494880","potions_obtained":[{"floor":4.0,"key":"Swift Potion"},{"floor":11.0,"key":"Swift Potion"},{"floor":14.0,"key":"GamblersBrew"},{"floor":15.0,"key":"GrandPatriotsElixir:ReiMu"},{"floor":16.0,"key":"SkillPotion"},{"floor":31.0,"key":"GrandPatriotsElixir:ReiMu"},{"floor":45,"key":"Dexterity Potion"},{"floor":48,"key":"FearPotion"}],"is_trial":false,"path_per_floor":["R","M","M","M","?","R","T","M","$","T","E","M","?","M","M","B",null,"R","M","?","?","M","?","T","M","E","R","T","M","$","E","M","B",null,"R","?","$","?","COS","R","T","M","?","?","E","R","?","E","M","B",null,"E","$","R","B","B",null],"character_chosen":"SLIMEBOUND","items_purchased":["AT_SunfireAegis"],"campfire_rested":1,"item_purchase_floors":[9],"current_hp_per_floor":[65,64,55,52,59,59,59,54,56,56,42,41,41,41,43,17,65,75,75,75,75,60,60,60,30,15,15,15,12,29,53,54,52,75,75,75,75,75,75,75,75,75,75,75,75,75,75,72,75,49,75,38,38,60,57,41],"gold":78,"neow_bonus":"THREE_CARDS","is_daily":false,"chose_seed":false,"campfire_upgraded":6,"win_rate":0.0,"timestamp":1611766027,"path_taken":["R","M","M","M","?","R","T","M","$","?","E","?","?","M","M","BOSS","R","M","?","?","M","?","T","M","E","R","?","M","?","E","M","BOSS","R","?","$","?","COS","R","T","M","?","?","E","R","?","E","M","BOSS","E","$","R","BOSS","BOSS"],"items_purchased_type":["Relic"],"build_version":"2020-12-22","purchased_purges":2,"victory":true,"max_hp_per_floor":[65,65,65,65,65,65,65,65,65,65,65,65,65,65,65,65,65,75,75,75,75,75,75,75,75,75,75,75,75,75,75,75,75,75,75,75,75,75,75,75,75,75,75,75,75,75,75,75,75,75,75,75,75,75,75,75],"card_choices":[{"not_picked":["Slimebound:LeechingTouch","Slimebound:ServeAndProtect"],"picked":"Slimebound:RollThrough","floor":0.0},{"not_picked":["Slimebound:LeechEnergy","Slimebound:FormOfPuddle","Slimebound:RollThrough"],"picked":"SKIP","floor":2.0},{"not_picked":["Slimebound:SlimeSpikes","Slimebound:FormOfPuddle","Slimebound:SplitMire"],"picked":"SKIP","floor":3.0},{"not_picked":["Slimebound:Schlurp","Slimebound:SplitBruiser","Slimebound:LeechingTouch"],"picked":"SKIP","floor":4.0},{"not_picked":["Slimebound:LeechingTouch","Slimebound:SamplingLick"],"picked":"Slimebound:Prepare","floor":8.0},{"not_picked":["Slimebound:Schlurp","Slimebound:SlimeSpikes","Slimebound:SplitLeeching"],"picked":"SKIP","floor":9.0},{"not_picked":["Slimebound:GoopTackle","Slimebound:SlimeSpikes","Slimebound:Prepare"],"picked":"SKIP","floor":11.0},{"not_picked":["Slimebound:Dissolve","Slimebound:SplitAcid"],"picked":"Slimebound:Chomp","floor":12.0},{"not_picked":["Slimebound:LeechingTouch","Slimebound:SplitBruiser","Slimebound:FirmFortitude"],"picked":"SKIP","floor":14.0},{"not_picked":["Slimebound:SamplingLick","Slimebound:PressTheAttack"],"picked":"Slimebound:HauntingLick","floor":15.0},{"not_picked":["Slimebound:MinionMaster","Slimebound:FirmFortitude"],"picked":"Slimebound:Darklings","floor":16.0},{"not_picked":["Slimebound:SplitBruiser","Slimebound:SplitMire"],"picked":"Slimebound:LevelUp","floor":19.0},{"not_picked":["Slimebound:DisruptingSlam","Slimebound:LeechingTouch"],"picked":"Slimebound:SplitSpecialist","floor":22.0},{"not_picked":["Slimebound:Schlurp","Slimebound:ItLooksTasty"],"picked":"Slimebound:GoopSpray","floor":25.0},{"not_picked":["Slimebound:SplitAcid+1","Slimebound:Schlurp+1","Slimebound:SlimeSpikes+1"],"picked":"SKIP","floor":26.0},{"not_picked":["Slimebound:SplitBruiser","Slimebound:ComboTackle"],"picked":"Slimebound:LeadByExample","floor":29.0},{"not_picked":["Slimebound:Overexert","Slimebound:ServeAndProtect","Slimebound:SplitLeeching+1"],"picked":"SKIP","floor":30.0},{"not_picked":["Slimebound:SlimeSpikes+1","Slimebound:DouseInSlime"],"picked":"Slimebound:Prepare+1","floor":31.0},{"not_picked":["Slimebound:DisruptingSlam+1","Slimebound:Prepare","Slimebound:ServeAndProtect"],"picked":"SKIP","floor":32.0},{"not_picked":["Slimebound:SlimeTap+1","Slimebound:LeechEnergy","Slimebound:SplitAcid+1"],"picked":"SKIP","floor":37},{"not_picked":["Gensokyo:LifeSpringInfinity+1","Gensokyo:UnlikelyAid+1"],"picked":"Gensokyo:Dawn+1","floor":38},{"not_picked":["Slimebound:Dissolve","Slimebound:SplitMire","Slimebound:LevelUp"],"picked":"SKIP","floor":42},{"not_picked":["Slimebound:LevelUp+1","Slimebound:SplitBruiser"],"picked":"Slimebound:SamplingLick+1","floor":45},{"not_picked":["Slimebound:ServeAndProtect","Slimebound:ItLooksTasty+1","Slimebound:Chomp+1"],"picked":"SKIP","floor":48},{"not_picked":["Slimebound:FinishingTackle","Slimebound:ProtectTheBoss+1"],"picked":"Slimebound:SlimeBrawl","floor":49},{"not_picked":["Slimebound:LeechEnergy+1","Slimebound:SplitMire"],"picked":"Slimebound:ComboTackle+1","floor":52}],"player_experience":438096,"relics_obtained":[{"floor":10.0,"key":"War Paint"},{"floor":11.0,"key":"Bronze Scales"},{"floor":24.0,"key":"Juzu Bracelet"},{"floor":26.0,"key":"Gensokyo:MosesMiracle"},{"floor":26.0,"key":"AT_ImmortalShieldbow"},{"floor":28.0,"key":"Pocketwatch"},{"floor":31.0,"key":"Torii"},{"floor":41,"key":"Circlet"},{"floor":45,"key":"AT_ChloranthyRing"},{"floor":48,"key":"Bottled Flame"},{"floor":52,"key":"CaptainsWheel"}],"event_choices":[],"is_beta":false,"boss_relics":[{"not_picked":["Tiny House","aspiration:PoetsPen_weak"],"picked":"Slimebound:AbsorbEndCombatUpgraded"},{"not_picked":["aspiration:RunicSpoon","AT_MortalBlade"],"picked":"SlaversCollar"}],"items_purged_floors":[30,53],"is_endless":false,"potions_floor_spawned":[4,11,12,14,15,16,19,22,25,31,45,48,49],"ascension_level":0}}