{"host":"p9t7qd83igtcp2bh","time":1611716749,"event":{"mods":["2.2 Compatiblity","AchievementEnabler","BaseMod","Colored Map","Colored Powertips","Custom Start","DeckTracker","Keyboard Shortcuts","Minty Spire (QoL Compilation)","Permanent Neow","StSLib","SuperFastMode","everything is the same but u backflip on backflip"],"gold_per_floor":[113,124,124,48,62,62,79,79,79,97,57,57,91,103,103,103,103],"floor_reached":16,"language":"KOR","playtime":254,"items_purged":[],"score":204,"play_id":"f9581bb4-ca3b-496d-9334-bbf01f367bdf","local_time":"20210127120549","is_ascension_mode":true,"campfire_choices":[{"data":"Electrodynamics","floor":6.0,"key":"SMITH"},{"data":"Go for the Eyes","floor":8.0,"key":"SMITH"},{"data":"Heatsinks","floor":12.0,"key":"SMITH"},{"data":"Capacitor","floor":15,"key":"SMITH"}],"circlet_count":0,"master_deck":["AscendersBane","Strike_B","Strike_B","Strike_B","Strike_B","Defend_B","Defend_B","Defend_B","Defend_B","Zap","Dualcast","Go for the Eyes+1","Hello World","Self Repair","Electrodynamics+1","Heatsinks+1","Capacitor+1","Cold Snap"],"relics":["Cracked Core","NeowsBlessing","Mercury Hourglass","Ornamental Fan","Potion Belt"],"acts_visited":["Exordium"],"potions_floor_usage":[16,16],"damage_taken":[{"damage":0.0,"enemies":"Jaw Worm","floor":1.0,"turns":1.0},{"damage":0.0,"enemies":"Cultist","floor":2.0,"turns":1.0},{"damage":0.0,"enemies":"Small Slimes","floor":5.0,"turns":1.0},{"damage":6.0,"enemies":"3 Louse","floor":7.0,"turns":2.0},{"damage":11.0,"enemies":"Looter","floor":10.0,"turns":3.0},{"damage":25,"enemies":"3 Sentries","floor":13,"turns":3},{"damage":4,"enemies":"Blue Slaver","floor":14,"turns":4},{"damage":39,"enemies":"Slime Boss","floor":16,"turns":6}],"seed_played":"-7253913615282825946","potions_obtained":[{"floor":2.0,"key":"BlessingOfTheForge"},{"floor":10.0,"key":"Ancient Potion"},{"floor":11.0,"key":"CultistPotion"},{"floor":14,"key":"DistilledChaos"}],"is_trial":false,"path_per_floor":["M","M","?","$","M","R","M","R","T","M","?","R","E","M","R","B"],"character_chosen":"DEFECT","items_purchased":["Self Repair"],"campfire_rested":0,"item_purchase_floors":[4],"current_hp_per_floor":[64,64,64,64,64,64,58,58,58,54,54,54,36,39,39,0,0],"gold":103,"neow_bonus":"THREE_ENEMY_KILL","is_daily":false,"chose_seed":false,"campfire_upgraded":4,"win_rate":0.0,"timestamp":1611716749,"path_taken":["M","M","?","$","?","R","M","R","T","M","?","R","E","?","R","BOSS"],"items_purchased_type":["Card"],"build_version":"2020-12-22","purchased_purges":0,"victory":false,"max_hp_per_floor":[71,71,71,71,71,71,71,71,71,71,71,71,71,71,71,71,71],"card_choices":[{"not_picked":["Gash","Leap"],"picked":"Go for the Eyes","floor":1.0},{"not_picked":["Darkness","Barrage"],"picked":"Hello World","floor":2.0},{"not_picked":["Scrape","Aggregate"],"picked":"Electrodynamics","floor":5.0},{"not_picked":["Rebound","Steam Power"],"picked":"Heatsinks","floor":7.0},{"not_picked":["Coolheaded","Undo"],"picked":"Capacitor","floor":10.0},{"not_picked":["Auto Shields","Sweeping Beam","Stack"],"picked":"SKIP","floor":13},{"not_picked":["Beam Cell","Redo"],"picked":"Cold Snap","floor":14}],"player_experience":685955,"relics_obtained":[{"floor":9.0,"key":"Ornamental Fan"},{"floor":13,"key":"Potion Belt"}],"event_choices":[{"damage_healed":0.0,"max_hp_gain":0.0,"max_hp_loss":0.0,"gold_gain":0.0,"event_name":"WeMeetAgain","player_choice":"Gave Potion","floor":3.0,"gold_loss":0.0,"damage_taken":0.0,"relics_obtained":["Mercury Hourglass"]},{"damage_healed":0.0,"max_hp_gain":0.0,"max_hp_loss":0.0,"gold_gain":0.0,"event_name":"The Woman in Blue","player_choice":"Bought 3 Potions","floor":11.0,"gold_loss":0.0,"damage_taken":0.0}],"is_beta":false,"boss_relics":[],"items_purged_floors":[],"is_endless":false,"potions_floor_spawned":[2,10,14],"killed_by":"Slime Boss","ascension_level":20}}