{"host":"00f1p9ihhzi7hxfk","time":1611772870,"event":{"mods":["AchievementEnabler","BaseMod","Colored Map","Colored Powertips","Minty Spire (QoL Compilation)","Rare Cards Sparkle","Relic Stats"],"gold_per_floor":[116,116,133,151,170,170,200,200,247,247,259,272,288,306,306,402,402,391,404,503,9,27,27,54,68,94,123,23,23,41,66,66,167,167,178,178,193,193,209,209,241,241,241,259,269,118,118,118,118,118],"floor_reached":51,"language":"DEU","playtime":4444,"items_purged":["Strike_G","Shame"],"score":791,"play_id":"b87cae4f-e8df-40d5-98e6-29367d4ca59a","local_time":"20210127194110","is_ascension_mode":false,"campfire_choices":[{"data":"Bouncing Flask","floor":6.0,"key":"SMITH"},{"data":"Catalyst","floor":8.0,"key":"SMITH"},{"data":"Backflip","floor":10.0,"key":"SMITH"},{"floor":15.0,"key":"REST"},{"data":"Burst","floor":23.0,"key":"SMITH"},{"floor":29.0,"key":"REST"},{"data":"Secret Technique","floor":32.0,"key":"SMITH"},{"data":"Night Terror","floor":40.0,"key":"SMITH"},{"floor":47,"key":"REST"},{"data":"Noxious Fumes","floor":49,"key":"SMITH"}],"circlet_count":0,"master_deck":["Strike_G","Strike_G","Defend_G","Defend_G","Defend_G","Defend_G","Defend_G","Survivor","Neutralize","Bouncing Flask+1","Deadly Poison","Catalyst+1","Backflip+1","Poisoned Stab","Noxious Fumes+1","Backflip","Bane","Burst+1","Outmaneuver+1","Calculated Gamble+1","Secret Technique+1","Deflect+1","Noxious Fumes","Prepared","Night Terror+1","Good Instincts","Doubt"],"relics":["Ring of the Snake","Question Card","Pen Nib","Potion Belt","Cursed Key","Strange Spoon","Snake Skull","Lantern","Paper Crane","FossilizedHelix","Empty Cage","InkBottle","Pantograph","TwistedFunnel"],"acts_visited":["Exordium","TheCity","TheBeyond"],"potions_floor_usage":[45],"damage_taken":[{"damage":1.0,"enemies":"2 Louse","floor":1.0,"turns":3.0},{"damage":3.0,"enemies":"Jaw Worm","floor":3.0,"turns":3.0},{"damage":0.0,"enemies":"Small Slimes","floor":4.0,"turns":4.0},{"damage":8.0,"enemies":"2 Fungi Beasts","floor":5.0,"turns":4.0},{"damage":3.0,"enemies":"Lagavulin","floor":7.0,"turns":5.0},{"damage":8.0,"enemies":"Exordium Thugs","floor":11.0,"turns":6.0},{"damage":9.0,"enemies":"Red Slaver","floor":12.0,"turns":3.0},{"damage":1.0,"enemies":"3 Louse","floor":13.0,"turns":5.0},{"damage":0.0,"enemies":"2 Fungi Beasts","floor":14.0,"turns":3.0},{"damage":8.0,"enemies":"The Guardian","floor":16.0,"turns":6.0},{"damage":5.0,"enemies":"2 Thieves","floor":18.0,"turns":4.0},{"damage":0.0,"enemies":"Chosen","floor":19.0,"turns":3.0},{"damage":18.0,"enemies":"Snake Plant","floor":22.0,"turns":3.0},{"damage":0.0,"enemies":"Book of Stabbing","floor":24.0,"turns":1.0},{"damage":6.0,"enemies":"Centurion and Healer","floor":25.0,"turns":4.0},{"damage":18.0,"enemies":"Gremlin Leader","floor":27.0,"turns":5.0},{"damage":0.0,"enemies":"Chosen and Byrds","floor":30.0,"turns":3.0},{"damage":1.0,"enemies":"Book of Stabbing","floor":31.0,"turns":2.0},{"damage":10.0,"enemies":"Champ","floor":33.0,"turns":7.0},{"damage":9.0,"enemies":"3 Darklings","floor":35.0,"turns":3.0},{"damage":0.0,"enemies":"Orb Walker","floor":37.0,"turns":2.0},{"damage":10.0,"enemies":"Spire Growth","floor":39.0,"turns":3.0},{"damage":52.0,"enemies":"Reptomancer","floor":41.0,"turns":5.0},{"damage":0.0,"enemies":"Maw","floor":44.0,"turns":2.0},{"damage":11,"enemies":"Sphere and 2 Shapes","floor":45,"turns":6},{"damage":0,"enemies":"Time Eater","floor":50,"turns":3}],"seed_played":"6258728763207215118","potions_obtained":[{"floor":3.0,"key":"BlessingOfTheForge"},{"floor":4.0,"key":"DistilledChaos"},{"floor":12.0,"key":"DuplicationPotion"},{"floor":13.0,"key":"Block Potion"},{"floor":14.0,"key":"SneckoOil"},{"floor":18.0,"key":"Explosive Potion"},{"floor":24.0,"key":"BlessingOfTheForge"},{"floor":30.0,"key":"PowerPotion"},{"floor":31.0,"key":"GamblersBrew"},{"floor":45,"key":"BlessingOfTheForge"}],"is_trial":false,"path_per_floor":["M","?","M","M","M","R","E","R","T","R","M","M","M","M","R","B",null,"M","M","?","$","M","R","E","M","T","E","$","R","M","E","R","B",null,"M","?","M","?","M","R","E","?","T","M","M","$","R","?","R","B",null],"character_chosen":"THE_SILENT","items_purchased":["Strange Spoon","FairyPotion","Secret Technique","TwistedFunnel"],"campfire_rested":3,"item_purchase_floors":[21,21,21,46],"current_hp_per_floor":[76,64,61,61,53,53,50,50,50,50,42,33,32,32,55,47,77,72,72,72,72,54,54,54,48,48,30,30,53,53,52,52,42,77,68,68,68,68,58,58,6,6,6,6,22,22,45,45,45,70],"gold":118,"neow_bonus":"TEN_PERCENT_HP_BONUS","is_daily":false,"chose_seed":false,"campfire_upgraded":7,"win_rate":0.0,"timestamp":1611772870,"path_taken":["M","?","M","M","M","R","E","R","T","R","M","M","M","M","R","BOSS","M","M","?","$","M","R","E","M","T","E","$","R","M","E","R","BOSS","M","?","M","?","M","R","E","?","T","M","M","$","R","?","R","BOSS"],"items_purchased_type":["Relic","Potion","Card","Relic"],"build_version":"2020-12-22","purchased_purges":2,"victory":true,"max_hp_per_floor":[77,77,77,77,77,77,77,77,77,77,77,77,77,77,77,77,77,77,77,77,77,77,77,77,77,77,77,77,77,77,77,77,77,77,77,77,77,77,77,77,77,77,77,77,77,77,77,77,77,77],"relic_stats":{"Strange Spoon":[17],"counters":[26,98],"Pantograph":25,"Pen Nib":[7],"Snake Skull":[141],"Question Card":25,"Cursed Key":2,"obtain_stats":[{"Potion Belt":9,"TwistedFunnel":46,"Lantern":26,"Pen Nib":7,"Snake Skull":24,"Paper Crane":27,"Question Card":2,"Cursed Key":17,"Empty Cage":34,"Strange Spoon":21,"Pantograph":43,"FossilizedHelix":31,"InkBottle":41,"Ring of the Snake":0},{"Potion Belt":5,"TwistedFunnel":25,"Lantern":15,"Pen Nib":5,"Snake Skull":14,"Paper Crane":16,"Question Card":1,"Cursed Key":10,"Empty Cage":19,"Strange Spoon":12,"Pantograph":23,"FossilizedHelix":18,"InkBottle":23,"Ring of the Snake":0},{"Potion Belt":19,"TwistedFunnel":95,"Lantern":57,"Pen Nib":19,"Snake Skull":53,"Paper Crane":62,"Question Card":3,"Cursed Key":42,"Empty Cage":74,"Strange Spoon":49,"Pantograph":87,"FossilizedHelix":67,"InkBottle":87,"Ring of the Snake":0}],"InkBottle":[5],"Ring of the Snake":[52]},"card_choices":[{"not_picked":["Outmaneuver","Deflect"],"picked":"Bouncing Flask","floor":1.0},{"not_picked":["Slice","Underhanded Strike","Cloak And Dagger","Storm of Steel"],"picked":"SKIP","floor":3.0},{"not_picked":["Skewer","Quick Slash","Predator"],"picked":"Deadly Poison","floor":4.0},{"not_picked":["Flying Knee","Skewer","Bane"],"picked":"Catalyst","floor":5.0},{"not_picked":["Leg Sweep","Poisoned Stab","Deadly Poison"],"picked":"Backflip","floor":7.0},{"not_picked":["Cloak And Dagger","Acrobatics","Escape Plan"],"picked":"Poisoned Stab","floor":11.0},{"not_picked":["Bouncing Flask","Blade Dance","Flying Knee"],"picked":"Noxious Fumes","floor":12.0},{"not_picked":["Flying Knee","Dodge and Roll","Blade Dance"],"picked":"Backflip","floor":13.0},{"not_picked":["Poisoned Stab","Dagger Throw","Outmaneuver"],"picked":"Bane","floor":14.0},{"not_picked":["Die Die Die","A Thousand Cuts","Wraith Form v2"],"picked":"Burst","floor":16.0},{"not_picked":["Dodge and Roll+1","Flying Knee+1","PiercingWail+1"],"picked":"Outmaneuver+1","floor":18.0},{"not_picked":["Dagger Throw","Blade Dance+1","Infinite Blades"],"picked":"Calculated Gamble","floor":19.0},{"not_picked":["Bouncing Flask+1","Underhanded Strike+1","Endless Agony+1"],"picked":"Deflect+1","floor":22.0},{"not_picked":["Slice","Flechettes","Blade Dance"],"picked":"Noxious Fumes","floor":24.0},{"not_picked":["Sucker Punch","Deflect","Deadly Poison"],"picked":"Prepared","floor":25.0},{"not_picked":["Night Terror","Slice+1","Underhanded Strike","Cloak And Dagger+1"],"picked":"SKIP","floor":27.0},{"not_picked":["Predator","Prepared","Dash","Deadly Poison"],"picked":"SKIP","floor":30.0},{"not_picked":["Sucker Punch","Blur","All Out Attack","Choke+1"],"picked":"SKIP","floor":31.0},{"not_picked":["Tools of the Trade","Phantasmal Killer","Envenom"],"picked":"Night Terror","floor":33.0},{"not_picked":["Sucker Punch+1","Deflect","Choke+1","Dodge and Roll"],"picked":"SKIP","floor":35.0},{"not_picked":["Dramatic Entrance","Mind Blast","The Bomb"],"picked":"Good Instincts","floor":36.0},{"not_picked":["Infinite Blades","Well Laid Plans","PiercingWail+1","Heel Hook+1"],"picked":"SKIP","floor":37.0},{"not_picked":["Bane","Blade Dance+1","PiercingWail+1","Eviscerate"],"picked":"SKIP","floor":39.0},{"not_picked":["Malaise","Calculated Gamble+1","Flying Knee+1","Slice"],"picked":"SKIP","floor":41.0},{"not_picked":["Deadly Poison+1","Distraction+1","Deflect+1","Blade Dance+1"],"picked":"SKIP","floor":44.0},{"not_picked":["Well Laid Plans","PiercingWail+1","Dodge and Roll","Dagger Spray"],"picked":"SKIP","floor":45}],"player_experience":89052,"relics_obtained":[{"floor":7.0,"key":"Pen Nib"},{"floor":9.0,"key":"Potion Belt"},{"floor":24.0,"key":"Snake Skull"},{"floor":26.0,"key":"Lantern"},{"floor":27.0,"key":"Paper Crane"},{"floor":31.0,"key":"FossilizedHelix"},{"floor":41.0,"key":"InkBottle"},{"floor":43.0,"key":"Pantograph"}],"event_choices":[{"damage_healed":0.0,"max_hp_gain":0.0,"max_hp_loss":0.0,"gold_gain":0.0,"event_name":"Scrap Ooze","player_choice":"Success","floor":2.0,"gold_loss":0.0,"damage_taken":12.0,"relics_obtained":["Question Card"]},{"damage_healed":0.0,"max_hp_gain":0.0,"max_hp_loss":0.0,"gold_gain":99.0,"event_name":"Nest","player_choice":"Stole From Cult","floor":20.0,"gold_loss":0.0,"damage_taken":0.0},{"damage_healed":0.0,"max_hp_gain":0.0,"max_hp_loss":0.0,"gold_gain":0.0,"event_name":"SensoryStone","player_choice":"Memory 1","floor":36.0,"gold_loss":0.0,"damage_taken":0.0},{"damage_healed":0.0,"max_hp_gain":0.0,"max_hp_loss":0.0,"gold_gain":0.0,"event_name":"Tomb of Lord Red Mask","player_choice":"Ignored","floor":38.0,"gold_loss":0.0,"damage_taken":0.0},{"damage_healed":0.0,"max_hp_gain":0.0,"max_hp_loss":0.0,"gold_gain":0.0,"event_name":"Mysterious Sphere","player_choice":"Ignored","floor":42.0,"gold_loss":0.0,"damage_taken":0.0},{"damage_healed":0,"gold_gain":0,"player_choice":"Upgraded","damage_taken":0,"max_hp_gain":0,"max_hp_loss":0,"event_name":"Upgrade Shrine","floor":48,"gold_loss":0,"cards_upgraded":["Calculated Gamble"]}],"is_beta":false,"boss_relics":[{"not_picked":["Runic Dome","Busted Crown"],"picked":"Cursed Key"},{"not_picked":["Velvet Choker","Astrolabe"],"picked":"Empty Cage"}],"items_purged_floors":[21,28],"is_endless":false,"potions_floor_spawned":[3,4,12,13,14,18,24,30,31,45],"ascension_level":0}}