{"host":"3po7ngt2j61s4rmj","time":1611784516,"event":{"mods":["Act Like it!","BaseMod","Elementarium","JesterMod","Minty Spire (QoL Compilation)","Relic Stats","Shade Mod","StSLib"],"gold_per_floor":[114,114,130,3,62,95,95,123,203,224,269,269,296,317,317,430,430,457,7,7,30,84,146,173,173,173,200,200,200,230,256,256,367,367,406,406,466,466,49,49,73,113,113],"floor_reached":42,"language":"ENG","playtime":5213,"items_purged":["Regret","jesterMod:Strike"],"score":629,"play_id":"031ea6f0-b615-406e-8f65-92f0aab366ad","local_time":"20210127145516","is_ascension_mode":true,"campfire_choices":[{"data":"jesterMod:HitAndRun","floor":7,"key":"SMITH"},{"floor":12,"key":"REST"},{"data":"jesterMod:Frenzy","floor":15,"key":"SMITH"},{"floor":25,"key":"REST"},{"data":"Elementarium:GildedForm","floor":29,"key":"SMITH"},{"floor":32,"key":"REST"},{"floor":40,"key":"REST"}],"circlet_count":0,"master_deck":["jesterMod:Strike","jesterMod:Strike","jesterMod:Sickle","jesterMod:Defend","jesterMod:Defend","jesterMod:Defend","jesterMod:Defend","jesterMod:Dodge","jesterMod:HitAndRun+1","jesterMod:Mending","jesterMod:Prankster","jesterMod:Loot","jesterMod:Swiftness","jesterMod:DancingMad","jesterMod:Disposophobia","jesterMod:DanceOfChaos","jesterMod:Frenzy+1","jesterMod:ButterflyDance","jesterMod:Swiftness","Elementarium:GildedForm+1","jesterMod:Contradiction","jesterMod:HitAndRun+1","jesterMod:Disposophobia+1","jesterMod:Arrythmia","jesterMod:FlameDance","jesterMod:Pillage","CurseOfTheBell","Purity","jesterMod:DancingMad+1"],"relics":["jesterMod:JesterCap","jesterMod:BagOfTricks","Bag of Preparation","Happy Flower","Blue Candle","Regal Pillow","Runic Pyramid","Dead Branch","Strange Spoon","Bottled Lightning","Tingsha","Oddly Smooth Stone","Elementarium:ElementariumTrophy","Calling Bell","Juzu Bracelet","Singing Bowl","jesterMod:JesterMask","Potion Belt"],"acts_visited":["Exordium","Exordium","TheBeyond"],"potions_floor_usage":[1,6,8,8,16,18,22,31,31,33,41,42],"damage_taken":[{"damage":0,"enemies":"2 Louse","floor":1,"turns":3},{"damage":7,"enemies":"Jaw Worm","floor":3,"turns":4},{"damage":22,"enemies":"3 Sentries","floor":6,"turns":8},{"damage":18,"enemies":"Gremlin Nob","floor":8,"turns":4},{"damage":0,"enemies":"Small Slimes","floor":10,"turns":5},{"damage":1,"enemies":"Lagavulin","floor":11,"turns":8},{"damage":3,"enemies":"Red Slaver","floor":13,"turns":4},{"damage":2,"enemies":"3 Louse","floor":14,"turns":4},{"damage":20,"enemies":"Slime Boss","floor":16,"turns":15},{"damage":7,"enemies":"Elementarium:2_ELEMENTALS","floor":18,"turns":3},{"damage":16,"enemies":"Elementarium:Cyclone","floor":21,"turns":6},{"damage":27,"enemies":"Elementarium:STONE_GOLEMS","floor":22,"turns":7},{"damage":33,"enemies":"Elementarium:FIRE_NOBILITY","floor":23,"turns":6},{"damage":14,"enemies":"Elementarium:Hydrostalker","floor":24,"turns":9},{"damage":6,"enemies":"Elementarium:CYCLONE_AND_LIVING_STORMCLOUD","floor":27,"turns":5},{"damage":19,"enemies":"Elementarium:VoidBeast","floor":30,"turns":5},{"damage":21,"enemies":"Elementarium:ElementalPortal","floor":31,"turns":3},{"damage":20,"enemies":"Elementarium:GolemEmperor","floor":33,"turns":6},{"damage":4,"enemies":"Orb Walker","floor":35,"turns":4},{"damage":30,"enemies":"3 Darklings","floor":37,"turns":7},{"damage":1,"enemies":"4 Shapes","floor":41,"turns":6},{"damage":73,"enemies":"Giant Head","floor":42,"turns":9}],"seed_played":"9030803323065263510","potions_obtained":[{"floor":0,"key":"PowerPotion"},{"floor":0,"key":"Fruit Juice"},{"floor":0,"key":"BlessingOfTheForge"},{"floor":1,"key":"GamblersBrew"},{"floor":13,"key":"Swift Potion"},{"floor":14,"key":"SkillPotion"},{"floor":16,"key":"Fruit Juice"},{"floor":18,"key":"FairyPotion"},{"floor":22,"key":"FairyPotion"},{"floor":27,"key":"Explosive Potion"},{"floor":30,"key":"Explosive Potion"},{"floor":31,"key":"ColorlessPotion"},{"floor":41,"key":"DistilledChaos"}],"is_trial":false,"path_per_floor":["M","?","M","$","?","E","R","E","T","M","E","R","M","M","R","B",null,"M","$","?","M","M","E","M","R","T","M","?","R","M","E","R","B",null,"M","?","M","?","$","R","M","E"],"character_chosen":"THE_JESTER","items_purchased":["jesterMod:Prankster","Dead Branch","Strange Spoon","Purity","Potion Belt","DistilledChaos"],"campfire_rested":4,"item_purchase_floors":[4,19,19,39,39,39],"current_hp_per_floor":[68,68,61,61,61,39,39,21,21,21,20,57,54,52,52,32,64,57,57,57,41,19,14,21,57,57,51,51,51,32,11,47,27,60,58,58,32,32,32,69,69,0,0],"gold":113,"neow_bonus":"THREE_SMALL_POTIONS","is_daily":false,"chose_seed":false,"campfire_upgraded":3,"win_rate":0.0,"timestamp":1611784516,"path_taken":["M","?","M","$","?","E","R","E","T","M","E","R","M","M","R","BOSS","M","$","?","M","M","E","M","R","T","?","?","R","M","E","R","BOSS","M","?","M","?","$","R","M","E"],"items_purchased_type":["Card","Relic","Relic","Card","Relic","Potion"],"build_version":"2020-12-22","purchased_purges":2,"victory":false,"max_hp_per_floor":[75,75,75,75,75,75,75,75,75,75,75,75,75,75,75,75,75,75,75,66,66,71,71,71,71,71,71,71,71,71,71,71,71,71,73,73,75,75,75,75,75,75,75],"relic_stats":{"Strange Spoon":[74],"Regal Pillow":60,"Happy Flower":[37],"Singing Bowl":4,"counters":[22,131],"Blue Candle":[3],"Dead Branch":[150],"Tingsha":[416],"Bag of Preparation":[38],"Juzu Bracelet":0,"obtain_stats":[{"jesterMod:BagOfTricks":2,"Potion Belt":39,"Regal Pillow":11,"Happy Flower":8,"Singing Bowl":34,"Blue Candle":9,"Dead Branch":19,"Oddly Smooth Stone":31,"jesterMod:JesterMask":34,"Tingsha":26,"jesterMod:JesterCap":0,"Bag of Preparation":6,"Juzu Bracelet":34,"Calling Bell":34,"Strange Spoon":19,"Elementarium:ElementariumTrophy":33,"Bottled Lightning":23,"Runic Pyramid":17},{"jesterMod:BagOfTricks":1,"Potion Belt":20,"Regal Pillow":6,"Happy Flower":4,"Singing Bowl":18,"Blue Candle":4,"Dead Branch":10,"Oddly Smooth Stone":17,"jesterMod:JesterMask":18,"Tingsha":14,"jesterMod:JesterCap":0,"Bag of Preparation":3,"Juzu Bracelet":18,"Calling Bell":18,"Strange Spoon":10,"Elementarium:ElementariumTrophy":18,"Bottled Lightning":13,"Runic Pyramid":9},{"jesterMod:BagOfTricks":3,"Potion Belt":116,"Regal Pillow":32,"Happy Flower":19,"Singing Bowl":105,"Blue Candle":19,"Dead Branch":58,"Oddly Smooth Stone":99,"jesterMod:JesterMask":105,"Tingsha":86,"jesterMod:JesterCap":0,"Bag of Preparation":15,"Juzu Bracelet":105,"Calling Bell":105,"Strange Spoon":58,"Elementarium:ElementariumTrophy":105,"Bottled Lightning":77,"Runic Pyramid":55}]},"card_choices":[{"not_picked":["jesterMod:Prankster","jesterMod:OblivionStrike"],"picked":"jesterMod:HitAndRun","floor":1},{"not_picked":["jesterMod:LightTheWick","jesterMod:DesperateStrike"],"picked":"jesterMod:Mending","floor":3},{"not_picked":["jesterMod:Placebo","jesterMod:Precipitation"],"picked":"jesterMod:Loot","floor":6},{"not_picked":["jesterMod:SelfMockery","jesterMod:LightTheWick"],"picked":"jesterMod:Swiftness","floor":8},{"not_picked":["jesterMod:Hide","jesterMod:Schizophrenia"],"picked":"jesterMod:DancingMad","floor":10},{"not_picked":["jesterMod:MudBall","jesterMod:TrickyDodge"],"picked":"jesterMod:Disposophobia","floor":11},{"not_picked":["jesterMod:Prankster","jesterMod:Patience"],"picked":"jesterMod:DanceOfChaos","floor":13},{"not_picked":["jesterMod:QuickStrike","jesterMod:RecklessStrike"],"picked":"jesterMod:Frenzy","floor":14},{"not_picked":["jesterMod:Frustration","jesterMod:HedgehogForm"],"picked":"jesterMod:ButterflyDance","floor":16},{"not_picked":["jesterMod:Rebuff+1","jesterMod:Hide"],"picked":"jesterMod:Swiftness","floor":18},{"not_picked":["jesterMod:SelfMockery","jesterMod:OblivionStrike","jesterMod:Patience"],"picked":"SKIP","floor":21},{"not_picked":["jesterMod:Tinker","jesterMod:RecklessStrike"],"picked":"jesterMod:Contradiction","floor":22},{"not_picked":["jesterMod:Patience","jesterMod:OblivionStrike"],"picked":"jesterMod:HitAndRun+1","floor":23},{"not_picked":["jesterMod:LightTheWick+1","jesterMod:Anticipation+1"],"picked":"jesterMod:Disposophobia+1","floor":24},{"not_picked":["jesterMod:OblivionStrike","jesterMod:Hide"],"picked":"jesterMod:Arrythmia","floor":27},{"not_picked":["jesterMod:TrickyDodge+1","jesterMod:Mending"],"picked":"jesterMod:FlameDance","floor":30},{"not_picked":["jesterMod:HitAndRun","jesterMod:Frustration","jesterMod:Rebuff+1"],"picked":"SKIP","floor":31},{"not_picked":["jesterMod:ButterflyDance","jesterMod:Trance"],"picked":"jesterMod:Pillage","floor":33},{"not_picked":["jesterMod:RecklessStrike+1","jesterMod:Patience","jesterMod:Disposophobia"],"picked":"Singing Bowl","floor":35},{"not_picked":["jesterMod:Discretion+1","jesterMod:BouncingKnife","jesterMod:JackInTheBox+1"],"picked":"Singing Bowl","floor":37},{"not_picked":["jesterMod:JugglerBlade+1","jesterMod:JackInTheBox"],"picked":"jesterMod:DancingMad+1","floor":41}],"player_experience":1112316,"relics_obtained":[{"floor":6,"key":"Bag of Preparation"},{"floor":8,"key":"Happy Flower"},{"floor":9,"key":"Blue Candle"},{"floor":11,"key":"Regal Pillow"},{"floor":23,"key":"Bottled Lightning"},{"floor":26,"key":"Tingsha"},{"floor":31,"key":"Oddly Smooth Stone"},{"floor":34,"key":"Juzu Bracelet"},{"floor":34,"key":"Singing Bowl"},{"floor":34,"key":"jesterMod:JesterMask"}],"event_choices":[{"damage_healed":0,"gold_gain":0,"player_choice":"Box","damage_taken":0,"relics_obtained":["jesterMod:BagOfTricks"],"max_hp_gain":0,"max_hp_loss":0,"event_name":"Big Fish","floor":2,"gold_loss":0,"cards_obtained":["Regret"]},{"damage_healed":0,"gold_gain":59,"player_choice":"Gained Gold","damage_taken":0,"max_hp_gain":0,"max_hp_loss":0,"event_name":"Golden Wing","floor":5,"gold_loss":0},{"damage_healed":0,"gold_gain":0,"player_choice":"Dive in","damage_taken":0,"max_hp_gain":0,"max_hp_loss":9,"event_name":"Elementarium:FountainOfGold","floor":20,"gold_loss":0,"cards_obtained":["Elementarium:GildedForm"]},{"cards_removed":["jesterMod:Strike"],"damage_healed":0,"gold_gain":0,"player_choice":"Burn","damage_taken":0,"max_hp_gain":0,"max_hp_loss":0,"event_name":"Elementarium:LostScrolls","floor":28,"gold_loss":0},{"damage_healed":0,"gold_gain":0,"player_choice":"Ignored","damage_taken":0,"max_hp_gain":0,"max_hp_loss":0,"event_name":"Elementarium:ChestOfTheGoldenMirage","floor":36,"gold_loss":0},{"damage_healed":0,"gold_gain":0,"player_choice":"Ignored","damage_taken":0,"max_hp_gain":0,"max_hp_loss":0,"event_name":"Mysterious Sphere","floor":38,"gold_loss":0}],"is_beta":false,"boss_relics":[{"not_picked":["Astrolabe","Busted Crown"],"picked":"Runic Pyramid"},{"not_picked":["Runic Dome","Black Star"],"picked":"Calling Bell"}],"items_purged_floors":[4,39],"is_endless":false,"potions_floor_spawned":[1,13,14,16,18,22,27,30,31,41],"killed_by":"Giant Head","ascension_level":7}}