{"host":"mai03x2ekbjy4059","time":1611766724,"event":{"mods":["2.2 Compatiblity","BaseMod","Colored Map","DeckTracker","Keyboard Shortcuts","Minty Spire (QoL Compilation)","Permanent Neow","Quick Restart","SuperFastMode","everything is the same but u backflip on backflip"],"gold_per_floor":[113,63,63,73,92,119,119,152,177,195,195,213,238,255,255,357,357,372,297,315,315,349,380,397,424,424,424,424,524,535,561,561,665,665,678,692,692,708,236,265,265,283,583,583,583,633,668,686,686,686,686,686,7,34,34],"floor_reached":56,"language":"KOR","playtime":2276,"items_purged":["Venomology","Dagger Spray"],"score":1517,"play_id":"03cf8b6a-28c1-4514-a11b-43ee4a4e6fcc","local_time":"20210128015844","is_ascension_mode":true,"campfire_choices":[{"data":"Apotheosis","floor":7,"key":"SMITH"},{"data":"Caltrops","floor":15,"key":"SMITH"},{"data":"A Thousand Cuts","floor":27,"key":"SMITH"},{"data":"Caltrops","floor":32,"key":"SMITH"},{"data":"Adrenaline","floor":41,"key":"SMITH"},{"data":"Adrenaline","floor":45,"key":"SMITH"},{"floor":49,"key":"RECALL"},{"data":"Neutralize","floor":52,"key":"SMITH"}],"circlet_count":0,"master_deck":["Survivor","Neutralize+1","Apotheosis+1","Blade Dance","After Image","Adrenaline+1","Caltrops+1","Cloak And Dagger","Endless Agony","Slice","Caltrops+1","A Thousand Cuts+1","Escape Plan","Blade Dance","Finisher+1","Blur","Footwork+1","Adrenaline+1","Escape Plan+1","Footwork+1","Cloak And Dagger+1","Accuracy"],"relics":["Ring of the Snake","Centennial Puzzle","Orichalcum","Toy Ornithopter","Bottled Tornado","Pandora\u0027s Box","Red Mask","Blue Candle","StoneCalendar","CaptainsWheel","Darkstone Periapt","Question Card","Sozu","ClockworkSouvenir","Sundial","Bag of Preparation","Old Coin","TungstenRod","Pen Nib","Letter Opener","InkBottle","Pear"],"acts_visited":["Exordium","TheCity","TheBeyond","TheEnding"],"potions_floor_usage":[13,18,20,22,23,24,25,29,29,30,31,33,55,55,55],"damage_taken":[{"damage":0,"enemies":"2 Louse","floor":1,"turns":3},{"damage":0,"enemies":"Cultist","floor":4,"turns":5},{"damage":0,"enemies":"Small Slimes","floor":5,"turns":5},{"damage":15,"enemies":"3 Sentries","floor":6,"turns":12},{"damage":0,"enemies":"Lagavulin","floor":8,"turns":7},{"damage":1,"enemies":"Red Slaver","floor":10,"turns":3},{"damage":0,"enemies":"Blue Slaver","floor":12,"turns":3},{"damage":1,"enemies":"3 Sentries","floor":13,"turns":5},{"damage":0,"enemies":"Large Slime","floor":14,"turns":6},{"damage":5,"enemies":"Hexaghost","floor":16,"turns":9},{"damage":9,"enemies":"Spheric Guardian","floor":18,"turns":4},{"damage":12,"enemies":"2 Thieves","floor":20,"turns":2},{"damage":0,"enemies":"Masked Bandits","floor":22,"turns":2},{"damage":0,"enemies":"Slavers","floor":23,"turns":3},{"damage":0,"enemies":"Centurion and Healer","floor":24,"turns":2},{"damage":0,"enemies":"Gremlin Leader","floor":25,"turns":5},{"damage":6,"enemies":"Colosseum Slavers","floor":29,"turns":2},{"damage":1,"enemies":"Colosseum Nobs","floor":29,"turns":3},{"damage":10,"enemies":"Snake Plant","floor":30,"turns":3},{"damage":18,"enemies":"Slavers","floor":31,"turns":4},{"damage":5,"enemies":"Automaton","floor":33,"turns":5},{"damage":0,"enemies":"Orb Walker","floor":35,"turns":3},{"damage":7,"enemies":"3 Shapes","floor":36,"turns":4},{"damage":0,"enemies":"Transient","floor":38,"turns":5},{"damage":0,"enemies":"Giant Head","floor":40,"turns":5},{"damage":0,"enemies":"Jaw Worm Horde","floor":42,"turns":3},{"damage":0,"enemies":"Mind Bloom Boss Battle","floor":46,"turns":4},{"damage":8,"enemies":"Reptomancer","floor":47,"turns":3},{"damage":0,"enemies":"Maw","floor":48,"turns":4},{"damage":0,"enemies":"Time Eater","floor":50,"turns":8},{"damage":6,"enemies":"Shield and Spear","floor":54,"turns":4},{"damage":13,"enemies":"The Heart","floor":55,"turns":6}],"seed_played":"1713657897419719088","potions_obtained":[{"floor":5,"key":"Strength Potion"},{"floor":6,"key":"FearPotion"},{"floor":11,"key":"SteroidPotion"},{"floor":14,"key":"AttackPotion"},{"floor":24,"key":"Strength Potion"},{"floor":29,"key":"EntropicBrew"}],"is_trial":false,"path_per_floor":["M","?","?","M","M","E","R","E","T","M","?","M","E","M","R","B",null,"M","?","M","?","?","E","M","E","T","R","?","?","M","E","R","B",null,"M","M","?","M","$","E","R","M","T","?","R","?","E","M","R","B",null,"R","$","E","B",null],"character_chosen":"THE_SILENT","items_purchased":["ClockworkSouvenir","Sundial","Accuracy","Letter Opener","InkBottle"],"campfire_rested":0,"item_purchase_floors":[39,39,53,53,53],"current_hp_per_floor":[63,63,63,63,63,48,48,48,48,47,47,47,51,51,51,46,63,54,54,47,47,52,57,62,63,63,63,63,63,58,45,45,45,63,63,56,56,56,56,56,56,56,56,56,56,56,48,48,48,48,60,60,60,64,57],"gold":34,"neow_bonus":"RANDOM_COLORLESS_2","is_daily":false,"chose_seed":false,"campfire_upgraded":7,"win_rate":0.0,"timestamp":1611766724,"path_taken":["M","?","?","?","M","E","R","E","T","M","?","?","E","M","R","BOSS","M","?","M","?","?","E","?","E","T","R","?","?","M","E","R","BOSS","M","M","?","M","$","E","R","M","T","?","R","?","E","M","R","BOSS","R","$","E","BOSS"],"items_purchased_type":["Relic","Relic","Card","Relic","Relic"],"build_version":"2020-12-22","purchased_purges":2,"victory":true,"max_hp_per_floor":[63,63,63,63,63,63,63,63,63,63,63,63,63,63,63,63,63,63,63,63,63,63,63,63,63,63,63,63,63,63,63,63,63,63,63,63,63,63,63,63,63,63,63,60,60,60,60,60,60,60,60,60,60,70,70],"card_choices":[{"not_picked":["Magnetism","Chrysalis"],"picked":"Apotheosis","floor":0},{"not_picked":["Finisher","Bane"],"picked":"Blade Dance","floor":1},{"not_picked":["Deflect","Quick Slash","Concentrate"],"picked":"SKIP","floor":4},{"not_picked":["Quick Slash","Poisoned Stab","Dagger Spray"],"picked":"SKIP","floor":5},{"not_picked":["Accuracy","Crippling Poison"],"picked":"Adrenaline","floor":6},{"not_picked":["Acrobatics","Backflip","Expertise"],"picked":"SKIP","floor":8},{"not_picked":["Setup","Dodge and Roll","Quick Slash"],"picked":"SKIP","floor":10},{"not_picked":["Poisoned Stab","Flying Knee"],"picked":"Caltrops","floor":12},{"not_picked":["Prepared","Infinite Blades"],"picked":"Cloak And Dagger","floor":13},{"not_picked":["Choke","Quick Slash","Dodge and Roll"],"picked":"SKIP","floor":14},{"not_picked":["Sucker Punch","Dagger Spray+1","Setup"],"picked":"SKIP","floor":18},{"not_picked":["Poisoned Stab","Dodge and Roll","PiercingWail"],"picked":"SKIP","floor":20},{"not_picked":["Heel Hook+1","Predator"],"picked":"Finisher+1","floor":23},{"not_picked":["Corpse Explosion","Deflect"],"picked":"Blur","floor":24},{"not_picked":["PiercingWail","Grand Finale"],"picked":"Infinite Blades","floor":25},{"not_picked":["Acrobatics","Reflex","Underhanded Strike"],"picked":"SKIP","floor":30},{"not_picked":["Crippling Poison","Eviscerate"],"picked":"Footwork+1","floor":31},{"not_picked":["Wraith Form v2","Night Terror","Envenom"],"picked":"Adrenaline","floor":33},{"not_picked":["Finisher+1","Cloak And Dagger+1","Riddle With Holes+1"],"picked":"Escape Plan+1","floor":35},{"not_picked":["Deflect+1","Cloak And Dagger+1","Reflex+1"],"picked":"Footwork+1","floor":36},{"not_picked":["Deadly Poison+1","Bane+1","Skewer+1","Slice+1"],"picked":"SKIP","floor":38},{"not_picked":["Deflect","Masterful Stab","Crippling Poison+1","Riddle With Holes"],"picked":"SKIP","floor":40},{"not_picked":["Dagger Spray","Outmaneuver","Sucker Punch+1"],"picked":"Cloak And Dagger+1","floor":42},{"not_picked":["Dagger Throw+1","Slice+1","Bane+1","Backflip+1"],"picked":"SKIP","floor":47},{"not_picked":["Acrobatics","Backflip","Underhanded Strike","Flying Knee+1"],"picked":"SKIP","floor":48},{"not_picked":["Infinite Blades","Cloak And Dagger+1","Storm of Steel","PiercingWail"],"picked":"SKIP","floor":54}],"player_experience":1146731,"relics_obtained":[{"floor":6,"key":"Centennial Puzzle"},{"floor":8,"key":"Orichalcum"},{"floor":9,"key":"Toy Ornithopter"},{"floor":13,"key":"Bottled Tornado"},{"floor":22,"key":"Red Mask"},{"floor":23,"key":"Blue Candle"},{"floor":25,"key":"StoneCalendar"},{"floor":29,"key":"CaptainsWheel"},{"floor":29,"key":"Darkstone Periapt"},{"floor":31,"key":"Question Card"},{"floor":40,"key":"Bag of Preparation"},{"floor":43,"key":"Old Coin"},{"floor":46,"key":"TungstenRod"},{"floor":47,"key":"Pen Nib"},{"floor":54,"key":"Pear"}],"event_choices":[{"cards_removed":["Strike_G"],"damage_healed":0,"gold_gain":0,"player_choice":"Card Removal","damage_taken":0,"max_hp_gain":0,"max_hp_loss":0,"event_name":"The Cleric","floor":2,"gold_loss":50},{"damage_healed":0,"gold_gain":0,"player_choice":"1 cards matched","damage_taken":0,"max_hp_gain":0,"max_hp_loss":0,"event_name":"Match and Keep!","floor":3,"gold_loss":0,"cards_obtained":["After Image"]},{"damage_healed":0,"gold_gain":0,"player_choice":"Got Potions","damage_taken":0,"max_hp_gain":0,"max_hp_loss":0,"event_name":"Lab","floor":11,"gold_loss":0},{"cards_removed":["Concentrate"],"damage_healed":0,"gold_gain":0,"player_choice":"Gave Gold","damage_taken":0,"max_hp_gain":0,"max_hp_loss":0,"event_name":"Beggar","floor":19,"gold_loss":75},{"damage_healed":0,"gold_gain":0,"player_choice":"Read","damage_taken":0,"max_hp_gain":0,"max_hp_loss":0,"event_name":"The Library","floor":21,"gold_loss":0,"cards_obtained":["Blade Dance"]},{"damage_healed":0,"gold_gain":0,"player_choice":"Fought Bandits","damage_taken":0,"max_hp_gain":0,"max_hp_loss":0,"event_name":"Masked Bandits","floor":22,"gold_loss":0},{"cards_removed":["Bullet Time"],"damage_healed":0,"gold_gain":0,"player_choice":"Elegance","damage_taken":0,"max_hp_gain":0,"max_hp_loss":0,"event_name":"Back to Basics","floor":28,"gold_loss":0},{"damage_healed":0,"gold_gain":0,"player_choice":"Fight","damage_taken":0,"max_hp_gain":0,"max_hp_loss":0,"event_name":"Colosseum","floor":29,"gold_loss":0},{"damage_healed":0,"gold_gain":0,"player_choice":"Fought Nobs","damage_taken":0,"max_hp_gain":0,"max_hp_loss":0,"event_name":"Colosseum","floor":29,"gold_loss":0},{"cards_removed":["Infinite Blades"],"damage_healed":0,"gold_gain":0,"player_choice":"Removed Power","damage_taken":0,"max_hp_gain":0,"max_hp_loss":0,"event_name":"Falling","floor":37,"gold_loss":0},{"damage_healed":0,"gold_gain":0,"player_choice":"Max HP","damage_taken":0,"max_hp_gain":0,"max_hp_loss":3,"event_name":"Winding Halls","floor":44,"gold_loss":0},{"damage_healed":0,"gold_gain":0,"player_choice":"Fight","damage_taken":0,"max_hp_gain":0,"max_hp_loss":0,"event_name":"MindBloom","floor":46,"gold_loss":0}],"is_beta":false,"boss_relics":[{"not_picked":["Cursed Key","Velvet Choker"],"picked":"Pandora\u0027s Box"},{"not_picked":["Calling Bell","Busted Crown"],"picked":"Sozu"}],"items_purged_floors":[39,53],"is_endless":false,"potions_floor_spawned":[5,6,12,14,16,22,23,24,29,29,33,40,47,48,54],"ascension_level":1}}