{"host":"h1qktzcccqnez8tx","time":1611790346,"event":{"mods":["AchievementEnabler","BaseMod","Bestiary","Better Note","Block Reminder","Colored Map","Colored Powertips","Curses Come First","Highlight Path","Minty Spire (QoL Compilation)","Permanent Neow","Quick Restart","Relic Stats","StSLib","UnlockEverythingMod"],"gold_per_floor":[119,131,144,198,24,24,50,50,50,84,101,112,144,144,144,268,268,281,294,16,35,59,59,72,72,72,34,59,59,97,97,97,97,97],"floor_reached":33,"language":"ENG","playtime":1657,"items_purged":["Dash"],"score":574,"play_id":"8176dbea-dd04-45ab-8c34-2f9796f1db09","local_time":"20210128003226","daily_mods":["Draft","Green Cards","Purple Cards"],"is_ascension_mode":true,"campfire_choices":[{"data":"SandsOfTime","floor":6,"key":"SMITH"},{"floor":8,"key":"REST"},{"floor":15,"key":"REST"},{"floor":23,"key":"REST"},{"data":"Skewer","floor":25,"key":"SMITH"},{"floor":32,"key":"REST"}],"circlet_count":0,"master_deck":["Predator","Consecrate","PathToVictory","Crippling Poison","ClearTheMind","Sucker Punch","ThirdEye","CarveReality","Slice","Endless Agony","Poisoned Stab","Acrobatics","Poisoned Stab","Poisoned Stab","Backflip","Setup","ForeignInfluence","SandsOfTime+1","PiercingWail","FollowUp","Slice","BowlingBash","Weave","MasterReality","PiercingWail","Wallop","LikeWater","BattleHymn","Blur","Blur","BattleHymn","Skewer+1","Acrobatics","Crescendo","Establishment","PathToVictory","Scrawl"],"relics":["Ring of the Snake","Membership Card","Sundial","StrikeDummy","Toy Ornithopter","Question Card","Golden Idol","Busted Crown","Orrery","Pear","Darkstone Periapt","Pantograph"],"acts_visited":["Exordium","TheCity"],"potions_floor_usage":[12,13,28,30,33,33],"damage_taken":[{"damage":0,"enemies":"2 Louse","floor":1,"turns":1},{"damage":9,"enemies":"Jaw Worm","floor":2,"turns":2},{"damage":0,"enemies":"Cultist","floor":3,"turns":2},{"damage":9,"enemies":"Large Slime","floor":4,"turns":4},{"damage":22,"enemies":"3 Sentries","floor":7,"turns":6},{"damage":23,"enemies":"Lagavulin","floor":10,"turns":4},{"damage":0,"enemies":"3 Louse","floor":11,"turns":1},{"damage":0,"enemies":"Looter","floor":12,"turns":3},{"damage":10,"enemies":"3 Sentries","floor":13,"turns":2},{"damage":0,"enemies":"Slime Boss","floor":16,"turns":7},{"damage":8,"enemies":"Chosen","floor":18,"turns":3},{"damage":13,"enemies":"3 Byrds","floor":19,"turns":5},{"damage":13,"enemies":"3 Cultists","floor":21,"turns":5},{"damage":21,"enemies":"Snake Plant","floor":22,"turns":4},{"damage":17,"enemies":"Cultist and Chosen","floor":24,"turns":5},{"damage":0,"enemies":"Snecko","floor":28,"turns":4},{"damage":4,"enemies":"Gremlin Leader","floor":30,"turns":5},{"damage":113,"enemies":"Automaton","floor":33,"turns":6}],"seed_played":"-3811329836957420100","potions_obtained":[{"floor":2,"key":"AttackPotion"},{"floor":4,"key":"EssenceOfSteel"},{"floor":7,"key":"Strength Potion"},{"floor":22,"key":"Poison Potion"},{"floor":28,"key":"PowerPotion"},{"floor":30,"key":"SteroidPotion"}],"is_trial":true,"path_per_floor":["M","M","M","M","$","R","E","R","T","E","M","M","E","?","R","B",null,"M","M","$","M","M","R","M","R","T","$","M","?","E","?","R","B"],"character_chosen":"THE_SILENT","items_purchased":["Membership Card","FollowUp","LikeWater","Orrery","Pear","Skewer","PowerPotion"],"campfire_rested":4,"item_purchase_floors":[5,5,20,20,20,20,20],"current_hp_per_floor":[70,61,61,52,52,52,30,51,51,28,28,33,28,28,47,47,61,53,40,50,37,16,38,21,21,21,21,26,26,27,27,49,0,0],"gold":97,"neow_bonus":"","is_daily":false,"chose_seed":false,"campfire_upgraded":2,"win_rate":0.0,"timestamp":1611790346,"path_taken":["M","M","M","M","$","R","E","R","T","E","M","M","E","?","R","BOSS","M","M","$","M","M","R","M","R","T","$","M","?","E","?","R","BOSS"],"items_purchased_type":["Relic","Card","Card","Relic","Relic","Card","Potion"],"build_version":"2020-12-22","purchased_purges":1,"victory":false,"max_hp_per_floor":[70,70,70,70,70,70,70,70,70,70,70,70,70,65,65,65,65,65,65,75,75,75,75,75,75,75,75,75,75,75,75,75,75,75],"relic_stats":{"Darkstone Periapt":0,"Busted Crown":24,"counters":[18,69],"Sundial":[2],"Golden Idol":56,"Pantograph":25,"Question Card":13,"obtain_stats":[{"Darkstone Periapt":26,"Busted Crown":17,"Pear":20,"Sundial":7,"Golden Idol":14,"Pantograph":30,"Orrery":20,"Membership Card":5,"StrikeDummy":9,"Question Card":13,"Toy Ornithopter":10,"Ring of the Snake":0},{"Darkstone Periapt":15,"Busted Crown":10,"Pear":12,"Sundial":5,"Golden Idol":9,"Pantograph":17,"Orrery":12,"Membership Card":4,"StrikeDummy":5,"Question Card":9,"Toy Ornithopter":6,"Ring of the Snake":0},{"Darkstone Periapt":54,"Busted Crown":32,"Pear":40,"Sundial":15,"Golden Idol":25,"Pantograph":63,"Orrery":40,"Membership Card":9,"StrikeDummy":15,"Question Card":25,"Toy Ornithopter":19,"Ring of the Snake":0}],"Toy Ornithopter":30,"Ring of the Snake":[37]},"card_choices":[{"not_picked":["Backflip","Setup"],"picked":"Predator","floor":0},{"not_picked":["Choke","Prostrate"],"picked":"Consecrate","floor":0},{"not_picked":["Dagger Throw","Flying Knee"],"picked":"PathToVictory","floor":0},{"not_picked":["Sanctity","Deadly Poison"],"picked":"Crippling Poison","floor":0},{"not_picked":["Halt","Dagger Throw"],"picked":"ClearTheMind","floor":0},{"not_picked":["Crescendo","Outmaneuver"],"picked":"Sucker Punch","floor":0},{"not_picked":["Outmaneuver","Meditate"],"picked":"ThirdEye","floor":0},{"not_picked":["Halt","Fasting2"],"picked":"CarveReality","floor":0},{"not_picked":["Dagger Spray","Catalyst"],"picked":"Slice","floor":0},{"not_picked":["Protect","Swivel"],"picked":"Endless Agony","floor":0},{"not_picked":["Cloak And Dagger","Protect"],"picked":"Poisoned Stab","floor":0},{"not_picked":["CutThroughFate","Deadly Poison"],"picked":"Acrobatics","floor":0},{"not_picked":["Bane","Outmaneuver"],"picked":"Poisoned Stab","floor":0},{"not_picked":["All Out Attack","Protect"],"picked":"Poisoned Stab","floor":0},{"not_picked":["Crescendo","Dagger Throw"],"picked":"Backflip","floor":0},{"not_picked":["BowlingBash","Riddle With Holes"],"picked":"Setup","floor":1},{"not_picked":["Outmaneuver","FlyingSleeves"],"picked":"ForeignInfluence","floor":2},{"not_picked":["Accuracy","Dagger Spray"],"picked":"SandsOfTime","floor":3},{"not_picked":["Halt","Bane"],"picked":"PiercingWail","floor":4},{"not_picked":["Flying Knee","Setup"],"picked":"Slice","floor":7},{"not_picked":["Flying Knee","Noxious Fumes","Glass Knife"],"picked":"SKIP","floor":10},{"not_picked":["Halt","Blade Dance"],"picked":"BowlingBash","floor":11},{"not_picked":["FlyingSleeves","Tactician","Blade Dance"],"picked":"SKIP","floor":12},{"not_picked":["EmptyBody","Swivel"],"picked":"Weave","floor":13},{"not_picked":["Vault","Grand Finale","Bullet Time"],"picked":"MasterReality","floor":16},{"not_picked":["EmptyMind"],"picked":"PiercingWail","floor":18},{"not_picked":["Prostrate"],"picked":"Wallop","floor":19},{"not_picked":["Riddle With Holes"],"picked":"BattleHymn","floor":20},{"not_picked":["Prepared"],"picked":"Blur","floor":20},{"not_picked":["Wallop"],"picked":"Blur","floor":20},{"not_picked":["DeusExMachina"],"picked":"BattleHymn","floor":20},{"not_picked":["ClearTheMind"],"picked":"Dash","floor":20},{"not_picked":["FlurryOfBlows","Halt"],"picked":"SKIP","floor":21},{"not_picked":["Cloak And Dagger"],"picked":"Acrobatics","floor":22},{"not_picked":["CarveReality"],"picked":"Crescendo","floor":24},{"not_picked":["Bane"],"picked":"Establishment","floor":28},{"not_picked":["Worship"],"picked":"Scrawl","floor":30}],"player_experience":194562,"relics_obtained":[{"floor":7,"key":"Sundial"},{"floor":9,"key":"StrikeDummy"},{"floor":10,"key":"Toy Ornithopter"},{"floor":13,"key":"Question Card"},{"floor":26,"key":"Darkstone Periapt"},{"floor":30,"key":"Pantograph"}],"event_choices":[{"damage_healed":0,"gold_gain":0,"player_choice":"Lose Max HP","damage_taken":0,"relics_obtained":["Golden Idol"],"max_hp_gain":0,"max_hp_loss":5,"event_name":"Golden Idol","floor":14,"gold_loss":0},{"damage_healed":0,"gold_gain":0,"player_choice":"Copied","damage_taken":0,"max_hp_gain":0,"max_hp_loss":0,"event_name":"Duplicator","floor":29,"gold_loss":0,"cards_obtained":["PathToVictory"]},{"damage_healed":0,"gold_gain":0,"player_choice":"Ignored","damage_taken":0,"max_hp_gain":0,"max_hp_loss":0,"event_name":"betterNote:BetterNote","floor":31,"gold_loss":0,"cards_obtained":["Whirlwind"]}],"is_beta":false,"boss_relics":[{"not_picked":["Astrolabe","WristBlade"],"picked":"Busted Crown"}],"items_purged_floors":[27],"is_endless":true,"potions_floor_spawned":[2,4,7,10,11,22,24,28,30],"killed_by":"Automaton","ascension_level":5}}