{"host":"eeb412nj2w7f9cz8","time":1611745519,"event":{"mods":["Act Like it!","BaseMod","Downfall","Gensokyo","Minty Spire (QoL Compilation)","Ryuuou¡˙Õı","StSLib"],"gold_per_floor":[99,112,124,24,124,124,124,24,56,56,56,56,56,68,86,86,86,86],"floor_reached":16,"language":"ZHS","playtime":2253,"items_purged":[],"score":223,"play_id":"3f239eba-444f-408b-b08e-46915e24ff48","local_time":"20210127190519","is_ascension_mode":false,"campfire_choices":[{"floor":1,"key":"RECALL"},{"data":"hexamod:TimeOfNeed","floor":8,"key":"SMITH"},{"data":"hexamod:EtherealExpedition","floor":11,"key":"SMITH"}],"circlet_count":0,"master_deck":["hexamod:Strike","hexamod:Strike","hexamod:Strike","hexamod:Strike","hexamod:Defend","hexamod:Defend","hexamod:Defend","hexamod:Defend","hexamod:Sear","hexamod:Float","hexamod:EtherealExpedition+1","hexamod:NightmareStrike","downfall:Haunted","downfall:Haunted","Regret","Gensokyo:AllTheWorldsEvil","Clumsy","hexamod:TimeOfNeed+1","hexamod:PowerFromBeyond","Injury","hexamod:Hexaguard","hexamod:EtherealExpedition"],"relics":["Coffee Dripper","Pantograph","Du-Vu Doll","Pear","downfall:HeartBlessingRed","Bottled Flame","Unceasing Top","Sundial","WingedGreaves"],"acts_visited":["Gensokyo:Gensokyo"],"potions_floor_usage":[9],"damage_taken":[{"damage":0,"enemies":"Gensokyo:3_Fairies","floor":2,"turns":4},{"damage":0,"enemies":"Gensokyo:2_Kodama","floor":3,"turns":3},{"damage":17,"enemies":"Gensokyo:Cirno","floor":9,"turns":6},{"damage":6,"enemies":"Gensokyo:Python","floor":14,"turns":3},{"damage":9,"enemies":"Gensokyo:Gryphon_and_Rabbit","floor":15,"turns":3},{"damage":70,"enemies":"WA_ARCHETYPE_RETAIN","floor":16,"turns":7}],"seed_played":"-8796236533488944557","potions_obtained":[{"floor":2,"key":"LiquidBronze"}],"is_trial":false,"path_per_floor":["R","M","M","?","?","?","T","R","E","?","R","T","T","M","M","B"],"character_chosen":"THE_SPIRIT","items_purchased":[],"campfire_rested":0,"item_purchase_floors":[],"current_hp_per_floor":[70,70,70,70,75,70,70,70,53,53,53,53,53,47,38,0,0,0],"gold":86,"neow_bonus":"BOSS_RELIC","is_daily":false,"chose_seed":false,"campfire_upgraded":2,"win_rate":0.0,"timestamp":1611745519,"path_taken":["R","M","M","?","?","?","T","R","E","?","R","?","?","M","M","BOSS"],"items_purchased_type":[],"build_version":"2020-12-22","purchased_purges":0,"victory":false,"max_hp_per_floor":[70,70,70,70,75,85,85,85,85,85,85,85,85,85,85,85,85,85],"card_choices":[{"not_picked":["hexamod:RetreatToShadows","hexamod:ThermalTransfer"],"picked":"hexamod:EtherealExpedition","floor":2},{"not_picked":["hexamod:Rewind","hexamod:SpectralAdrenaline"],"picked":"hexamod:NightmareStrike","floor":3},{"not_picked":["hexamod:RecurringNightmare","hexamod:GhostflameBarrier"],"picked":"hexamod:PowerFromBeyond","floor":9},{"not_picked":["hexamod:FlamesFromBeyond","hexamod:HauntingEcho"],"picked":"hexamod:Hexaguard","floor":14},{"not_picked":["hexamod:GhostShield","hexamod:BacktrackSmack"],"picked":"hexamod:EtherealExpedition","floor":15}],"player_experience":122149,"relics_obtained":[{"floor":9,"key":"Bottled Flame"},{"floor":12,"key":"Sundial"},{"floor":13,"key":"WingedGreaves"}],"event_choices":[],"is_beta":false,"boss_relics":[],"items_purged_floors":[],"is_endless":false,"potions_floor_spawned":[2],"killed_by":"WA_ARCHETYPE_RETAIN","ascension_level":0}}