{"host":"er8s5flrc5z1a07t","time":1611709036,"event":{"mods":["2.2 Compatiblity","Act Like it!","Aspiration","Bard","BaseMod","Better Note","Better Third Choice","Downfall","Duelist Mod","Elementarium","Energized Spire","GifTheSpireLib","Googly Eyes","Hermit","Hubris","Infinite Spire","Minty Spire (QoL Compilation)","Relic Stats","Shop Mod","StSLib","Stuff the Spire","Synergy Search","The Cursed"],"gold_per_floor":[110,110,110,110,120,150,150,150,150,150,176,196,196,208,208,208,208],"floor_reached":16,"language":"ENG","playtime":426,"items_purged":[],"score":130,"play_id":"35704199-6733-49cd-8f55-89c976dffd2c","local_time":"20210126195716","is_ascension_mode":true,"campfire_choices":[{"data":"bard:Aphasia","floor":8,"key":"SMITH"},{"floor":10,"key":"REST"},{"floor":15,"key":"REST"}],"circlet_count":0,"master_deck":["bard:Strike","bard:Strike","bard:Strike+1","bard:Strike","bard:Defend","bard:Defend","bard:Defend","bard:Defend","bard:Riposte+1","bard:Inspire","bard:OffKey+1","CurseOfTheBell","CurseOfTheBell","bard:Aphasia+1","bard:InspiringSong","bard:ViciousMockery","bard:Parry","bard:Gamble"],"relics":["bard:PitchPipe","bard:BagPipes","aspiration:Nostalgia","theDuelist:CardPoolRelic","downfall:ExtraCursedBell","StuffTheSpire:GrapeVine","White Beast Statue","TungstenRod","infinitespire:PuzzleCube","Nunchaku","Slimebound:PreparedRelic","infinitespire:Beetle Shell","FaceOfCleric"],"acts_visited":["Exordium"],"potions_floor_usage":[],"damage_taken":[{"damage":0,"enemies":"Small Slimes","floor":1,"turns":3},{"damage":2,"enemies":"Jaw Worm","floor":5,"turns":3},{"damage":11,"enemies":"Gremlin Nob","floor":6,"turns":4},{"damage":18,"enemies":"Lagavulin","floor":11,"turns":6},{"damage":6,"enemies":"2 Louse","floor":12,"turns":2},{"damage":5,"enemies":"Exordium Wildlife","floor":14,"turns":5},{"damage":38,"enemies":"Slime Boss","floor":16,"turns":7}],"seed_played":"-2088684701061033691","potions_obtained":[{"floor":5,"key":"bronze:BurnAndBuffPotion"},{"floor":6,"key":"Guardian:BlockOnCardUsePotion"},{"floor":11,"key":"GamblersBrew"},{"floor":14,"key":"Swift Potion"}],"is_trial":false,"path_per_floor":["M","?","?","?","M","E","T","R","T","R","E","M","?","M","R","B"],"character_chosen":"BARD","items_purchased":[],"campfire_rested":2,"item_purchase_floors":[],"current_hp_per_floor":[70,56,56,56,54,43,43,43,43,64,46,40,40,36,57,19,19],"gold":208,"neow_bonus":"NOSTALGIA","is_daily":false,"chose_seed":false,"campfire_upgraded":1,"win_rate":0.0,"timestamp":1611709036,"path_taken":["M","?","?","?","?","E","?","R","T","R","E","M","?","M","R","BOSS"],"items_purchased_type":[],"build_version":"2020-12-22","purchased_purges":0,"victory":false,"max_hp_per_floor":[70,70,70,70,70,70,70,70,70,70,70,70,70,71,71,71,71],"relic_stats":{"Nunchaku":[3],"FaceOfCleric":1,"counters":[7,30],"obtain_stats":[{"bard:BagPipes":0,"bard:PitchPipe":0,"aspiration:Nostalgia":0,"infinitespire:Beetle Shell":11,"StuffTheSpire:GrapeVine":3,"White Beast Statue":3,"Nunchaku":7,"FaceOfCleric":13,"Slimebound:PreparedRelic":9,"downfall:ExtraCursedBell":3,"TungstenRod":3,"infinitespire:PuzzleCube":6,"theDuelist:CardPoolRelic":0},{"bard:BagPipes":0,"bard:PitchPipe":0,"aspiration:Nostalgia":0,"infinitespire:Beetle Shell":4,"StuffTheSpire:GrapeVine":1,"White Beast Statue":1,"Nunchaku":3,"FaceOfCleric":5,"Slimebound:PreparedRelic":3,"downfall:ExtraCursedBell":1,"TungstenRod":1,"infinitespire:PuzzleCube":3,"theDuelist:CardPoolRelic":0},{"bard:BagPipes":0,"bard:PitchPipe":0,"aspiration:Nostalgia":0,"infinitespire:Beetle Shell":16,"StuffTheSpire:GrapeVine":3,"White Beast Statue":3,"Nunchaku":10,"FaceOfCleric":18,"Slimebound:PreparedRelic":10,"downfall:ExtraCursedBell":3,"TungstenRod":3,"infinitespire:PuzzleCube":10,"theDuelist:CardPoolRelic":0}],"TungstenRod":11},"card_choices":[{"not_picked":["bard:Fermata","bard:CuttingWords"],"picked":"bard:OffKey","floor":1},{"not_picked":["bard:Balestra","bard:OffKey"],"picked":"bard:Aphasia","floor":5},{"not_picked":["bard:ThickOfTheFight","bard:FingerOfDeath"],"picked":"bard:InspiringSong","floor":6},{"not_picked":["bard:MantleOfInspiration","bard:Sift"],"picked":"bard:ViciousMockery","floor":11},{"not_picked":["bard:Demoralize","bard:Accelerando"],"picked":"bard:Parry","floor":12},{"not_picked":["bard:Fermata","bard:InspiringSong"],"picked":"bard:Gamble","floor":14}],"player_experience":1164885,"relics_obtained":[{"floor":3,"key":"StuffTheSpire:GrapeVine"},{"floor":3,"key":"White Beast Statue"},{"floor":3,"key":"TungstenRod"},{"floor":6,"key":"infinitespire:PuzzleCube"},{"floor":7,"key":"Nunchaku"},{"floor":9,"key":"Slimebound:PreparedRelic"},{"floor":11,"key":"infinitespire:Beetle Shell"}],"event_choices":[{"damage_healed":70,"gold_gain":0,"player_choice":"Upgrade","damage_taken":14,"max_hp_gain":0,"max_hp_loss":70,"event_name":"betterThird:BetterShining","floor":2,"gold_loss":0,"cards_upgraded":["bard:Strike","bard:Riposte"]},{"damage_healed":0,"gold_gain":0,"player_choice":"Grow","damage_taken":0,"max_hp_gain":0,"max_hp_loss":0,"event_name":"Living Wall","floor":4,"gold_loss":0,"cards_upgraded":["bard:OffKey"]},{"damage_healed":0,"gold_gain":0,"player_choice":"Trade","damage_taken":0,"relics_obtained":["FaceOfCleric"],"max_hp_gain":0,"max_hp_loss":0,"event_name":"FaceTrader","floor":13,"gold_loss":0}],"is_beta":false,"boss_relics":[],"items_purged_floors":[],"is_endless":false,"potions_floor_spawned":[5,6,11,12,14],"killed_by":"Slime Boss","ascension_level":4}}