{"host":"nxma0dbhh74lxenq","time":1611761983,"event":{"mods":["Astrologer","BaseMod","Beaked The Cultist","CapriCore","Colored Map","DeckTracker","Gremlin Mod","HololiveMod","KinomotoSakuraMod(ñÿîVñ{?)","Koishi","Mad Scientist","Minty Spire (QoL Compilation)","Prisma Mod","StSLib","SuperFastMode","The Bladedancer","The Cursed","The Immortal","The Mystic","YoumuÅiç∞ÈÆódöÎÅj"],"gold_per_floor":[113,113,38,38,56,91,147,147,147],"floor_reached":8,"language":"JPN","playtime":199,"items_purged":["Koishi:BasicStrike"],"score":126,"play_id":"b2ac8281-0aff-41bd-a6a9-0fbad313f41a","local_time":"20210128003943","is_ascension_mode":true,"campfire_choices":[],"circlet_count":0,"master_deck":["AscendersBane","Koishi:BasicStrike+1","Koishi:BasicStrike","Koishi:BasicStrike","Koishi:BasicDefend+1","Koishi:BasicDefend","Koishi:BasicDefend","Koishi:Provoke","Koishi:HauntingSlash","Koishi:JumpScare","Koishi:DanmakuParanoia","Koishi:SubconsciousSweep","Koishi:PhantomStrike+1"],"relics":["Koishi:ImaginaryFriend","NeowsBlessing","Sundial","Molten Egg 2"],"acts_visited":["Exordium"],"potions_floor_usage":[],"damage_taken":[{"damage":0,"enemies":"Small Slimes","floor":1,"turns":1},{"damage":0,"enemies":"2 Louse","floor":5,"turns":2},{"damage":0,"enemies":"Lagavulin","floor":6,"turns":1},{"damage":16,"enemies":"3 Sentries","floor":7,"turns":8},{"damage":32,"enemies":"Gremlin Nob","floor":8,"turns":3}],"seed_played":"-6988701226167058988","potions_obtained":[{"floor":7,"key":"Explosive Potion"}],"is_trial":false,"path_per_floor":["M","?","$","?","M","E","?","E"],"character_chosen":"KOISHI","items_purchased":[],"campfire_rested":0,"item_purchase_floors":[],"current_hp_per_floor":[54,42,42,35,37,38,22,0,0],"gold":147,"neow_bonus":"THREE_ENEMY_KILL","is_daily":false,"chose_seed":false,"campfire_upgraded":0,"win_rate":0.0,"timestamp":1611761983,"path_taken":["M","?","$","?","M","E","?","E"],"items_purchased_type":[],"build_version":"2020-12-22","purchased_purges":1,"victory":false,"max_hp_per_floor":[60,60,60,60,60,60,60,60,60],"card_choices":[{"not_picked":["Koishi:FleetingPhantom","Koishi:UnansweredLove"],"picked":"Koishi:JumpScare","floor":1},{"not_picked":["Koishi:Jaunt","Koishi:SpiritedAway"],"picked":"Koishi:DanmakuParanoia","floor":5},{"not_picked":["Koishi:BloodcurdlingScream","Koishi:SpiritedAway"],"picked":"Koishi:SubconsciousSweep","floor":6},{"not_picked":["Koishi:BloodcurdlingScream+1","Koishi:Untouchable"],"picked":"Koishi:PhantomStrike+1","floor":7}],"player_experience":543885,"relics_obtained":[{"floor":6,"key":"Sundial"},{"floor":7,"key":"Molten Egg 2"}],"event_choices":[{"damage_healed":0,"gold_gain":0,"player_choice":"Entered Light","damage_taken":12,"max_hp_gain":0,"max_hp_loss":0,"event_name":"Shining Light","floor":2,"gold_loss":0,"cards_upgraded":["Koishi:BasicStrike","Koishi:BasicDefend"]},{"cards_removed":["Koishi:BasicDefend"],"damage_healed":0,"gold_gain":0,"player_choice":"Card Removal","damage_taken":7,"max_hp_gain":0,"max_hp_loss":0,"event_name":"Golden Wing","floor":4,"gold_loss":0},{"damage_healed":0,"gold_gain":0,"player_choice":"Searched \u00271\u0027 times","damage_taken":0,"max_hp_gain":0,"max_hp_loss":0,"event_name":"Dead Adventurer","floor":7,"gold_loss":0}],"is_beta":false,"boss_relics":[],"items_purged_floors":[3],"is_endless":false,"potions_floor_spawned":[7],"killed_by":"Gremlin Nob","ascension_level":12}}