{"host":"04hh9gplt9wkfmr1","time":1611727892,"event":{"mods":["AchievementEnabler","BaseMod","Colored Map","KOR Keyword Fix","Minty Spire (QoL Compilation)","Rare Cards Sparkle","SuperFastMode"],"gold_per_floor":[119,119,44,54,54,87,87,120,143,143,162,162,173,192,192,295,295,314,674,674,674,690,690,716,727,727,727,5,5,5,5,5,106,106,126,36,36,50,150,176,226,244,270,270,285,302,302,302,302,302],"floor_reached":51,"language":"KOR","playtime":1641,"items_purged":["Pain","Strike_G"],"score":1262,"play_id":"1e0a2b5a-ef4b-4207-90a0-778cc7524c04","local_time":"20210127151132","is_ascension_mode":true,"campfire_choices":[{"data":"Bouncing Flask","floor":7.0,"key":"SMITH"},{"data":"Bouncing Flask","floor":12.0,"key":"SMITH"},{"data":"Footwork","floor":15.0,"key":"SMITH"},{"floor":23.0,"key":"REST"},{"floor":27.0,"key":"REST"},{"floor":29.0,"key":"REST"},{"data":"Sadistic Nature","floor":32.0,"key":"SMITH"},{"data":"Wraith Form v2","floor":44.0,"key":"SMITH"},{"data":"Bouncing Flask","floor":47,"key":"SMITH"},{"data":"Sadistic Nature","floor":49,"key":"SMITH"}],"circlet_count":0,"master_deck":["AscendersBane","Strike_G","Strike_G","Strike_G+1","Defend_G","Defend_G","Defend_G","Defend_G","Defend_G","Survivor","Neutralize+1","Bouncing Flask+1","Bane","Footwork+1","Bouncing Flask+1","Envenom","Backflip","Unload+1","Bouncing Flask+1","Noxious Fumes","Venomology+1","Bouncing Flask+1","PiercingWail","Sadistic Nature+1","Well Laid Plans","Poisoned Stab","Wraith Form v2+1","Crippling Poison+1","Footwork","Decay","Footwork","Dagger Throw+1","Catalyst+1","Leg Sweep+1","Well Laid Plans+1","Night Terror","Crippling Poison+1","Prepared","Secret Technique","Finesse","Sadistic Nature+1"],"relics":["Ring of the Snake","NeowsBlessing","WarpedTongs","Whetstone","Orichalcum","Juzu Bracelet","Happy Flower","Philosopher\u0027s Stone","Prayer Wheel","Blood Vial","Mummified Hand","ClockworkSouvenir","Lantern","Eternal Feather","HoveringKite","Unceasing Top","Mango","Bag of Marbles"],"acts_visited":["Exordium","TheCity","TheBeyond"],"potions_floor_usage":[50,50,50],"damage_taken":[{"damage":0.0,"enemies":"Small Slimes","floor":1.0,"turns":1.0},{"damage":0.0,"enemies":"Cultist","floor":4.0,"turns":1.0},{"damage":0.0,"enemies":"Lagavulin","floor":6.0,"turns":1.0},{"damage":9.0,"enemies":"3 Sentries","floor":8.0,"turns":12.0},{"damage":2.0,"enemies":"Jaw Worm","floor":11.0,"turns":3.0},{"damage":7.0,"enemies":"Exordium Wildlife","floor":13.0,"turns":3.0},{"damage":0.0,"enemies":"Red Slaver","floor":14.0,"turns":4.0},{"damage":30.0,"enemies":"Slime Boss","floor":16.0,"turns":7.0},{"damage":6.0,"enemies":"2 Thieves","floor":18.0,"turns":4.0},{"damage":4.0,"enemies":"Shell Parasite","floor":22.0,"turns":4.0},{"damage":15.0,"enemies":"Gremlin Leader","floor":24.0,"turns":7.0},{"damage":17.0,"enemies":"Snecko","floor":25.0,"turns":4.0},{"damage":24.0,"enemies":"Automaton","floor":33.0,"turns":8.0},{"damage":15.0,"enemies":"Orb Walker","floor":35.0,"turns":3.0},{"damage":9.0,"enemies":"3 Shapes","floor":38.0,"turns":4.0},{"damage":22.0,"enemies":"Giant Head","floor":40.0,"turns":7.0},{"damage":0.0,"enemies":"Mind Bloom Boss Battle","floor":41.0,"turns":5.0},{"damage":0.0,"enemies":"Transient","floor":42.0,"turns":5.0},{"damage":0.0,"enemies":"Maw","floor":45.0,"turns":5.0},{"damage":0.0,"enemies":"3 Darklings","floor":46.0,"turns":5.0},{"damage":64,"enemies":"Donu and Deca","floor":50,"turns":5}],"seed_played":"-1129329048708723456","potions_obtained":[{"floor":1.0,"key":"Energy Potion"},{"floor":14.0,"key":"AttackPotion"},{"floor":16.0,"key":"BlessingOfTheForge"},{"floor":18.0,"key":"Regen Potion"},{"floor":25.0,"key":"ColorlessPotion"},{"floor":35.0,"key":"Strength Potion"},{"floor":38.0,"key":"Swift Potion"},{"floor":42.0,"key":"Dexterity Potion"}],"is_trial":false,"path_per_floor":["M","?","$","M","?","E","R","E","T","T","M","R","M","M","R","B",null,"M","?","?","T","M","R","E","M","T","R","$","R","?","?","R","B",null,"M","?","?","M","?","E","?","M","T","R","M","M","R","?","R","B",null],"character_chosen":"THE_SILENT","items_purchased":["PiercingWail","Sadistic Nature","Well Laid Plans","ClockworkSouvenir","Lantern","Poisoned Stab"],"campfire_rested":3,"item_purchase_floors":[28,28,28,28,28,28],"current_hp_per_floor":[63,63,63,63,56,56,56,47,47,47,45,45,38,38,38,8,55,49,13,13,13,9,30,30,15,15,36,36,57,44,44,59,37,66,53,53,53,46,46,26,42,44,44,62,64,66,87,77,89,25],"gold":302,"neow_bonus":"THREE_ENEMY_KILL","is_daily":false,"chose_seed":false,"campfire_upgraded":7,"win_rate":0.0,"timestamp":1611727892,"path_taken":["M","?","?","?","?","E","R","E","T","?","M","R","M","M","R","BOSS","M","?","?","?","M","R","E","M","T","R","$","R","?","?","R","BOSS","M","?","?","M","?","E","?","M","T","R","M","M","R","?","R","BOSS"],"items_purchased_type":["Card","Card","Card","Relic","Relic","Card"],"build_version":"2020-12-22","purchased_purges":2,"victory":true,"max_hp_per_floor":[70,70,70,70,70,70,70,70,70,70,70,70,70,70,70,70,70,70,70,70,70,70,70,70,70,70,70,70,70,75,75,75,75,75,75,75,75,75,75,75,89,89,89,89,89,89,89,89,89,89],"card_choices":[{"not_picked":["Crippling Poison","Cloak And Dagger"],"picked":"Bouncing Flask","floor":1.0},{"not_picked":["Prepared","Setup"],"picked":"Bane","floor":4.0},{"not_picked":["Cloak And Dagger","Outmaneuver"],"picked":"Footwork","floor":6.0},{"not_picked":["Backflip","Blade Dance"],"picked":"Bouncing Flask","floor":8.0},{"not_picked":["Underhanded Strike","Terror","Dodge and Roll"],"picked":"SKIP","floor":11.0},{"not_picked":["Escape Plan","Sucker Punch"],"picked":"Envenom","floor":13.0},{"not_picked":["Accuracy","Caltrops"],"picked":"Backflip","floor":14.0},{"not_picked":["Phantasmal Killer","Grand Finale"],"picked":"Unload","floor":16.0},{"not_picked":["Blur","Outmaneuver","Acrobatics"],"picked":"SKIP","floor":18.0},{"not_picked":["Expertise","Dodge and Roll"],"picked":"Bouncing Flask","floor":22.0},{"not_picked":["Acrobatics+1","Dagger Spray+1"],"picked":"Noxious Fumes","floor":22.0},{"not_picked":["Well Laid Plans+1","PiercingWail"],"picked":"Venomology","floor":24.0},{"not_picked":["Dagger Spray","Reflex"],"picked":"Bouncing Flask+1","floor":25.0},{"not_picked":["Dodge and Roll","Eviscerate","Cloak And Dagger"],"picked":"SKIP","floor":25.0},{"not_picked":["Venomology","Glass Knife"],"picked":"Wraith Form v2","floor":33.0},{"not_picked":["Flying Knee+1","Prepared"],"picked":"Crippling Poison+1","floor":35.0},{"not_picked":["All Out Attack+1","Cloak And Dagger"],"picked":"Footwork","floor":35.0},{"not_picked":["Eviscerate","Dagger Spray"],"picked":"Footwork","floor":38.0},{"not_picked":["Underhanded Strike+1","Sucker Punch","Dagger Throw+1"],"picked":"SKIP","floor":38.0},{"not_picked":["Underhanded Strike+1","Sucker Punch"],"picked":"Dagger Throw+1","floor":38.0},{"not_picked":["Cloak And Dagger","Reflex+1"],"picked":"Catalyst+1","floor":40.0},{"not_picked":["Bane","Endless Agony"],"picked":"Leg Sweep+1","floor":42.0},{"not_picked":["Dagger Spray","Deflect","Blade Dance+1"],"picked":"SKIP","floor":42.0},{"not_picked":["Dagger Spray","Deflect"],"picked":"Well Laid Plans+1","floor":45.0},{"not_picked":["Dash+1","Flying Knee+1"],"picked":"Night Terror","floor":45.0},{"not_picked":["Deadly Poison+1","Reflex"],"picked":"Crippling Poison+1","floor":46},{"not_picked":["Quick Slash+1","Heel Hook+1"],"picked":"Prepared","floor":46},{"not_picked":["Metamorphosis","Flash of Steel"],"picked":"Secret Technique","floor":48},{"not_picked":["Good Instincts","PanicButton"],"picked":"Finesse","floor":48},{"not_picked":["Finesse","Deep Breath"],"picked":"Sadistic Nature","floor":48}],"player_experience":89674,"relics_obtained":[{"floor":6.0,"key":"Whetstone"},{"floor":8.0,"key":"Orichalcum"},{"floor":9.0,"key":"Juzu Bracelet"},{"floor":10.0,"key":"Happy Flower"},{"floor":21.0,"key":"Prayer Wheel"},{"floor":24.0,"key":"Blood Vial"},{"floor":26.0,"key":"Mummified Hand"},{"floor":40.0,"key":"Unceasing Top"},{"floor":41.0,"key":"Mango"},{"floor":43.0,"key":"Bag of Marbles"}],"event_choices":[{"damage_healed":0.0,"max_hp_gain":0.0,"max_hp_loss":0.0,"gold_gain":0.0,"event_name":"Accursed Blacksmith","player_choice":"Rummage","floor":2.0,"gold_loss":0.0,"damage_taken":0.0,"relics_obtained":["WarpedTongs"],"cards_obtained":["Pain"]},{"cards_removed":["Strike_G"],"damage_healed":0.0,"max_hp_gain":0.0,"max_hp_loss":0.0,"gold_gain":0.0,"event_name":"Golden Wing","player_choice":"Card Removal","floor":5.0,"gold_loss":0.0,"damage_taken":7.0},{"damage_healed":0.0,"max_hp_gain":0.0,"max_hp_loss":0.0,"gold_gain":360.0,"event_name":"Knowing Skull","player_choice":"GOLD GOLD GOLD GOLD ","floor":19.0,"potions_obtained":[],"gold_loss":0.0,"damage_taken":36.0,"cards_obtained":[]},{"damage_healed":0.0,"max_hp_gain":0.0,"max_hp_loss":0.0,"gold_gain":0.0,"event_name":"Upgrade Shrine","player_choice":"Upgraded","floor":20.0,"gold_loss":0.0,"damage_taken":0.0,"cards_upgraded":["Unload"]},{"damage_healed":0.0,"max_hp_gain":5.0,"max_hp_loss":0.0,"gold_gain":0.0,"event_name":"Forgotten Altar","player_choice":"Shed Blood","floor":30.0,"gold_loss":0.0,"damage_taken":18.0},{"damage_healed":0.0,"max_hp_gain":0.0,"max_hp_loss":0.0,"gold_gain":0.0,"event_name":"The Mausoleum","player_choice":"Opened","floor":31.0,"gold_loss":0.0,"damage_taken":0.0,"relics_obtained":["Eternal Feather"],"cards_obtained":["Writhe"]},{"cards_removed":["Writhe"],"damage_healed":0.0,"max_hp_gain":0.0,"max_hp_loss":0.0,"gold_gain":0.0,"event_name":"Designer","player_choice":"Upgrade and Remove","floor":36.0,"gold_loss":90.0,"damage_taken":0.0,"cards_upgraded":["Venomology"]},{"damage_healed":0.0,"max_hp_gain":0.0,"max_hp_loss":0.0,"gold_gain":0.0,"event_name":"Wheel of Change","player_choice":"Cursed","floor":37.0,"gold_loss":0.0,"damage_taken":0.0,"cards_obtained":["Decay"]},{"damage_healed":0.0,"max_hp_gain":0.0,"max_hp_loss":0.0,"gold_gain":100.0,"event_name":"Golden Shrine","player_choice":"Pray","floor":39.0,"gold_loss":0.0,"damage_taken":0.0},{"damage_healed":0.0,"max_hp_gain":0.0,"max_hp_loss":0.0,"gold_gain":0.0,"event_name":"MindBloom","player_choice":"Fight","floor":41.0,"gold_loss":0.0,"damage_taken":0.0},{"damage_healed":0,"gold_gain":0,"player_choice":"Memory 3","damage_taken":10,"max_hp_gain":0,"max_hp_loss":0,"event_name":"SensoryStone","floor":48,"gold_loss":0}],"is_beta":false,"boss_relics":[{"not_picked":["Coffee Dripper","Runic Pyramid"],"picked":"Philosopher\u0027s Stone"},{"not_picked":["Busted Crown","Runic Dome"],"picked":"HoveringKite"}],"items_purged_floors":[3,28],"is_endless":false,"potions_floor_spawned":[1,14,16,18,25,35,38,42],"ascension_level":11}}