{"host":"rylkjufw9dlhr07b","time":1611769083,"event":{"mods":["AchievementEnabler","BaseMod","Better Note","BetterRewards","Hubris","Minty Spire (QoL Compilation)","Quick Restart","StSLib"],"gold_per_floor":[32,42,42,42,192,222,132,162,162,94,113,113,127,138,138,216,216,228,228,153,153,153],"floor_reached":21,"language":"FRA","playtime":702,"items_purged":["Doubt"],"score":545,"play_id":"1f8a0ed6-10a5-44d0-9649-219bba3fd3a1","local_time":"20210127183803","is_ascension_mode":true,"campfire_choices":[{"floor":12,"key":"REST"},{"floor":15,"key":"REST"}],"circlet_count":0,"master_deck":["AscendersBane","Strike_R","Strike_R+1","Strike_R+1","Strike_R","Strike_R","Defend_R","Defend_R","Defend_R","Bash","Fire Breathing","Evolve","Carnage","Disarm","Flex","Fire Breathing","Infernal Blade","Flex","Fire Breathing","Wild Strike","Second Wind","Power Through","Flex","hubris:StunningStrike","CurseOfTheBell","Cleave"],"relics":["Burning Blood","Happy Flower","Oddly Smooth Stone","Mummified Hand","Whetstone","Pear","hubris:TinFlute","Pantograph","Blood Vial","Calling Bell","Omamori","White Beast Statue","StoneCalendar"],"acts_visited":["Exordium","TheCity"],"potions_floor_usage":[1,6,16,21],"damage_taken":[{"damage":0,"enemies":"Small Slimes","floor":1,"turns":2},{"damage":4,"enemies":"Jaw Worm","floor":2,"turns":3},{"damage":12,"enemies":"3 Sentries","floor":6,"turns":4},{"damage":30,"enemies":"Lagavulin","floor":8,"turns":7},{"damage":0,"enemies":"2 Louse","floor":11,"turns":2},{"damage":6,"enemies":"Exordium Wildlife","floor":13,"turns":3},{"damage":20,"enemies":"3 Louse","floor":14,"turns":3},{"damage":24,"enemies":"Slime Boss","floor":16,"turns":6},{"damage":41,"enemies":"3 Byrds","floor":18,"turns":5},{"damage":51,"enemies":"Spheric Guardian","floor":21,"turns":5}],"seed_played":"1393463708191487646","potions_obtained":[{"floor":2,"key":"DistilledChaos"},{"floor":6,"key":"HeartOfIron"},{"floor":16,"key":"SteroidPotion"},{"floor":18,"key":"ElixirPotion"},{"floor":19,"key":"EssenceOfSteel"}],"is_trial":false,"path_per_floor":["M","M","?","T","?","E","$","E","T","?","M","R","M","M","R","B",null,"M","?","$","M"],"character_chosen":"IRONCLAD","items_purchased":["Happy Flower","Oddly Smooth Stone","Mummified Hand","Fire Breathing","Evolve","Carnage","Whetstone","Disarm","DuplicationPotion","Fire Breathing"],"campfire_rested":2,"item_purchase_floors":[0,0,0,0,0,0,0,0,0,7],"current_hp_per_floor":[30,32,32,42,42,36,36,12,12,12,20,45,47,35,60,67,81,48,48,48,0,0],"gold":153,"neow_bonus":"","is_daily":false,"chose_seed":false,"campfire_upgraded":0,"win_rate":0.0,"timestamp":1611769083,"path_taken":["M","M","?","?","?","E","?","E","T","?","?","R","M","M","R","BOSS","M","?","?","M"],"items_purchased_type":["Relic","Relic","Relic","Card","Card","Card","Relic","Card","Potion","Card"],"build_version":"2020-12-22","purchased_purges":1,"victory":false,"max_hp_per_floor":[75,75,75,85,85,85,85,85,85,85,85,85,85,85,85,85,85,85,85,85,85,85],"card_choices":[{"not_picked":["Thunderclap","Reckless Charge"],"picked":"Flex","floor":1},{"not_picked":["Pommel Strike","Combust"],"picked":"Fire Breathing","floor":2},{"not_picked":["True Grit","Dropkick"],"picked":"Flex","floor":6},{"not_picked":["Iron Wave","Battle Trance"],"picked":"Wild Strike","floor":8},{"not_picked":["Dark Embrace","Havoc"],"picked":"Second Wind","floor":11},{"not_picked":["Warcry","Spot Weakness"],"picked":"Power Through","floor":13},{"not_picked":["Carnage","Headbutt"],"picked":"Flex","floor":14},{"not_picked":["Exhume","Fiend Fire"],"picked":"hubris:StunningStrike","floor":16},{"not_picked":["Carnage","hubris:ReadiedAction+1"],"picked":"Cleave","floor":18}],"player_experience":554631,"relics_obtained":[{"floor":4,"key":"Pear"},{"floor":6,"key":"hubris:TinFlute"},{"floor":8,"key":"Pantograph"},{"floor":9,"key":"Blood Vial"},{"floor":17,"key":"Omamori"},{"floor":17,"key":"White Beast Statue"},{"floor":17,"key":"StoneCalendar"}],"event_choices":[{"damage_healed":0,"gold_gain":0,"cards_transformed":["Defend_R"],"player_choice":"Change","damage_taken":0,"max_hp_gain":0,"max_hp_loss":0,"event_name":"Living Wall","floor":3,"gold_loss":0,"cards_obtained":["Infernal Blade"]},{"damage_healed":0,"gold_gain":150,"player_choice":"AGREE","damage_taken":0,"max_hp_gain":0,"max_hp_loss":0,"event_name":"Liars Game","floor":5,"gold_loss":0,"cards_obtained":["Doubt"]},{"damage_healed":0,"gold_gain":0,"player_choice":"Left Gold","damage_taken":0,"max_hp_gain":0,"max_hp_loss":0,"event_name":"World of Goop","floor":10,"gold_loss":68},{"damage_healed":0,"gold_gain":0,"player_choice":"Got Potions","damage_taken":0,"max_hp_gain":0,"max_hp_loss":0,"event_name":"Lab","floor":19,"gold_loss":0}],"is_beta":false,"boss_relics":[{"not_picked":["Snecko Eye","Empty Cage"],"picked":"Calling Bell"}],"items_purged_floors":[20],"is_endless":false,"potions_floor_spawned":[2,6,16,18],"killed_by":"Spheric Guardian","ascension_level":18}}