{"host":"usdj552hvd2ulznm","time":1611727070,"event":{"mods":["Act Like it!","Aspiration","BaseMod","Better Third Choice","Colored Powertips","Conjunction","Conspire","DeckTracker","Dota2Spire","Downfall","Emptier Cage","Energized Spire","Gensokyo","GifTheSpireLib","GungeonMod","Halation","Hallownest","Hermit","Hubris","Infinite Spire","Key Reminder","Lobotomy","LobotomyExtend","Minty Spire (QoL Compilation)","MostiFishMod","Poem Panic","Quarter Circle Forward PUNCH!","Quick Restart","RNG Fix","Railgun Mod","Random Character Mod","Relic Stats","Reliquary","Replay The Spire","Reworked Bosses","Small Relic Pack","StSLib","Stuff the Spire","The Animator","The Blue Laboratory","The IronCluck","The Jungle","Uncapped","WarShipGirlsR/????R mod","Wide Potions","??????REMEMod"],"gold_per_floor":[112,112,112,130,55,55,85,85,85,95,95,95,95,114,114,215,315,329,329,429,444,186,186,201,201,201,201,219,229,248,259,259,364,364,382,401,401,420,439,439,439,472,472,492,517,527,527,541,541,541],"floor_reached":51,"language":"ENG","playtime":2075,"items_purged":["Soda","SpecialBullet","SpecialBullet"],"score":843,"play_id":"b49dd511-59db-48d3-a6aa-500df310c546","local_time":"20210126225750","is_ascension_mode":true,"campfire_choices":[],"circlet_count":0,"master_deck":["SpecialBullet","SpecialBullet","SpecialBullet","SpecialBullet","SpecialBullet","InformationCode","SecurityCode","WelfareCode","MostiFishMod:ButterFly","Gensokyo:RainbowDanmaku","Justitia","FeatherOfHonor","MostiFishMod:ButterFly","DisciplinaryCode","DaCapo+1","TrainingCode","BlackArmy","ParadiseLost","ControlCode","TT2Protocol","Adoration+1","Moonlight+1","BodiesMountain","Amita+1","BlueStar","DaCapo+1","SummonCall","LifeForTheDareDevil+1","NothingThere"],"relics":["CogitoBucket","DaveBox","REME_ComplimentaryCards","SynthV:TestCard","LetterFromLob","EGODaCapo","REME_HandOfSuture","Toxic Egg 2","qcfpunch:White_Boots","Replay:Wanted Poster","AspirationHeart","DemoMod:MemoryAlloy","FleshIdol","Fusion Hammer","Hallownest:BeastSealRelic","Dota2Spire:UrnOfShadows","Dota2Spire:MantaStyle","StuffTheSpire:OldFever","Medical Kit","energizedSpire:DeadBattery"],"acts_visited":["Hallownest:Greenpath","TheCity","Hallownest:KingdomsEdge"],"potions_floor_usage":[31,50],"damage_taken":[{"damage":17,"enemies":"Hallownest:2_Baldur","floor":1,"turns":3},{"damage":0,"enemies":"Hallownest:monsterHuskGuard","floor":4,"turns":2},{"damage":11,"enemies":"Hallownest:eliteCrystalGuardian","floor":7,"turns":4},{"damage":0,"enemies":"2_ Uuma","floor":10,"turns":3},{"damage":0,"enemies":"Hallownest:monsterMossCharger","floor":14,"turns":2},{"damage":4,"enemies":"Hallownest:BossHornet","floor":16,"turns":3},{"damage":1,"enemies":"3 Byrds","floor":18,"turns":2},{"damage":0,"enemies":"2 Thieves","floor":21,"turns":2},{"damage":0,"enemies":"Snecko","floor":24,"turns":5},{"damage":0,"enemies":"Shelled Parasite and Fungi","floor":28,"turns":1},{"damage":2,"enemies":"Centurion and Healer","floor":29,"turns":3},{"damage":32,"enemies":"Chosen and Byrds","floor":30,"turns":4},{"damage":0,"enemies":"Snake Plant","floor":31,"turns":1},{"damage":16,"enemies":"bossMod:newChamp","floor":33,"turns":5},{"damage":16,"enemies":"Hallownest:3_Siblings","floor":35,"turns":4},{"damage":9,"enemies":"Hallownest:Shield_Heavy","floor":36,"turns":2},{"damage":16,"enemies":"Hallownest:2_Great","floor":39,"turns":4},{"damage":21,"enemies":"Hallownest:eliteCollector","floor":42,"turns":5},{"damage":8,"enemies":"Hallownest:monsterPrimalAspid","floor":44,"turns":2},{"damage":0,"enemies":"Hallownest:StalkingDevout","floor":45,"turns":1},{"damage":0,"enemies":"Hallownest:2_Wing_and_1_Kings","floor":46,"turns":1},{"damage":55,"enemies":"Hallownest:Slobbering_and_Violent","floor":48,"turns":2},{"damage":19,"enemies":"Hallownest:BossGreyPrinceZote","floor":50,"turns":2},{"damage":94,"enemies":"Malkuth","floor":51,"turns":5},{"damage":0,"enemies":"Hod","floor":51,"turns":1},{"damage":117,"enemies":"Chesed","floor":51,"turns":4}],"seed_played":"-2176012852098416974","potions_obtained":[{"floor":1,"key":"blueLaboratory:FruitPunch"},{"floor":4,"key":"BlessingOfTheForge"},{"floor":16,"key":"DuplicationPotion"},{"floor":31,"key":"Milkshake"}],"is_trial":false,"path_per_floor":["M","T","?","M","$","R","E","R","T","M","?","?","R","M","R","B",null,"M","?","?","M","$","R","M","R","T","R","M","M","M","M","R","B",null,"M","M","?","?","M","R","?","E","T","M","E","M","AVR","M","R","B",null],"character_chosen":"Angela","items_purchased":["ParadiseLost"],"campfire_rested":0,"item_purchase_floors":[22],"current_hp_per_floor":[65,65,70,70,70,70,67,67,67,70,70,70,70,70,70,70,70,80,80,80,80,80,80,80,80,80,80,80,80,52,66,66,82,82,82,82,82,82,82,82,82,82,82,82,82,82,82,27,27,82],"gold":541,"neow_bonus":"RANDOM_COLORLESS","is_daily":false,"chose_seed":false,"campfire_upgraded":0,"win_rate":0.0,"timestamp":1611727070,"path_taken":["M","?","?","M","$","R","E","R","T","?","?","?","R","M","R","BOSS","M","?","?","M","$","R","M","R","T","R","M","M","M","?","R","BOSS","M","M","?","?","M","R","?","E","T","M","E","?","AVR","M","R","BOSS"],"items_purchased_type":["Card"],"build_version":"2020-12-22","purchased_purges":3,"victory":true,"max_hp_per_floor":[70,70,70,70,70,70,70,70,70,70,70,70,70,70,70,70,70,80,80,80,80,80,80,80,80,80,80,80,80,80,82,82,82,82,82,82,82,82,82,82,82,82,82,82,82,82,82,82,82,82],"relic_stats":{"counters":[30,80],"Medical Kit":[0],"obtain_stats":[{"Dota2Spire:MantaStyle":43,"Dota2Spire:UrnOfShadows":42,"DaveBox":0,"DemoMod:MemoryAlloy":26,"AspirationHeart":18,"FleshIdol":30,"DemoMod:GlassGuonStoneRelic":1,"qcfpunch:White_Boots":9,"Medical Kit":47,"energizedSpire:DeadBattery":47,"Replay:Wanted Poster":17,"CogitoBucket":0,"SynthV:TestCard":1,"EGODaCapo":1,"REME_HandOfSuture":2,"Fusion Hammer":34,"LetterFromLob":1,"Toxic Egg 2":7,"StuffTheSpire:OldFever":45,"REME_ComplimentaryCards":0,"Hallownest:BeastSealRelic":37},{"Dota2Spire:MantaStyle":21,"Dota2Spire:UrnOfShadows":21,"DaveBox":0,"DemoMod:MemoryAlloy":10,"AspirationHeart":8,"FleshIdol":14,"DemoMod:GlassGuonStoneRelic":1,"qcfpunch:White_Boots":3,"Medical Kit":24,"energizedSpire:DeadBattery":24,"Replay:Wanted Poster":6,"CogitoBucket":0,"SynthV:TestCard":1,"EGODaCapo":1,"REME_HandOfSuture":1,"Fusion Hammer":16,"LetterFromLob":1,"Toxic Egg 2":3,"StuffTheSpire:OldFever":23,"REME_ComplimentaryCards":0,"Hallownest:BeastSealRelic":18},{"Dota2Spire:MantaStyle":58,"Dota2Spire:UrnOfShadows":58,"DaveBox":0,"DemoMod:MemoryAlloy":27,"AspirationHeart":20,"FleshIdol":36,"DemoMod:GlassGuonStoneRelic":3,"qcfpunch:White_Boots":9,"Medical Kit":62,"energizedSpire:DeadBattery":62,"Replay:Wanted Poster":17,"CogitoBucket":0,"SynthV:TestCard":3,"EGODaCapo":3,"REME_HandOfSuture":3,"Fusion Hammer":42,"LetterFromLob":3,"Toxic Egg 2":9,"StuffTheSpire:OldFever":61,"REME_ComplimentaryCards":0,"Hallownest:BeastSealRelic":48}]},"card_choices":[{"not_picked":["Madness","Enlightenment"],"picked":"MostiFishMod:ButterFly","floor":0},{"not_picked":["Penitence"],"picked":"Soda","floor":1},{"not_picked":["Wingbeat","Harmony","CUTE","Gaze"],"picked":"SKIP","floor":4},{"not_picked":["Hornet","Noise+1","CherryBlossom"],"picked":"Justitia","floor":7},{"not_picked":["Lamp","WristCuter","FourthMatchFlame"],"picked":"FeatherOfHonor","floor":10},{"not_picked":["StuffTheSpire:FreeRealEstate+1","Blind+1","Metamorphosis+1"],"picked":"MostiFishMod:ButterFly","floor":11},{"not_picked":["Horn","Tough","RedEyes+1","Penitence+1"],"picked":"SKIP","floor":14},{"not_picked":["CENSORED_ego+1","Justitia","TheSmile+1"],"picked":"DaCapo+1","floor":16},{"not_picked":["SomewhereSpear+1","SolemnVow","Wingbeat+1","TodaysExpression+1"],"picked":"SKIP","floor":18},{"not_picked":["HeroicMonk","VoidDream"],"picked":"BlackArmy","floor":21},{"not_picked":["SwordSharpenedByTears+1","MagicBullet+1","RapturousDream+1","Lantern"],"picked":"SKIP","floor":21},{"not_picked":["SwordSharpenedByTears+1","MagicBullet+1","RapturousDream+1","Lantern"],"picked":"SKIP","floor":21},{"not_picked":["BloodyDesire+1","Christmas","MagicBullet","Lantern"],"picked":"SKIP","floor":24},{"not_picked":["Spore+1","Lantern+1","CUTE+1","Soda"],"picked":"SKIP","floor":28},{"not_picked":["Horn+1","Tough","Galaxy+1","Harvest+1"],"picked":"SKIP","floor":29},{"not_picked":["CherryBlossom","Soda","ShedSkin+1","Loneliness+1"],"picked":"SKIP","floor":30},{"not_picked":["WristCuter+1","Horn","Penitence+1","SolemnVow+1"],"picked":"SKIP","floor":31},{"not_picked":["CENSORED_ego+1","Justitia","GoldRush"],"picked":"Adoration+1","floor":33},{"not_picked":["Soda","Christmas+1","Logging"],"picked":"Moonlight+1","floor":35},{"not_picked":["TodaysExpression+1","ShedSkin+1","Horn","FrostShard+1"],"picked":"SKIP","floor":36},{"not_picked":["CENSORED","LittlePrince"],"picked":"BodiesMountain","floor":39},{"not_picked":["SwordSharpenedByTears+1","Moonlight+1","Wingbeat+1","Tough+1"],"picked":"SKIP","floor":39},{"not_picked":["Soda","LifeForTheDareDevil","Loneliness+1"],"picked":"Amita+1","floor":42},{"not_picked":["DreamingCurrent","DespairKnight"],"picked":"BlueStar","floor":44},{"not_picked":["BloodyDesire+1","FourthMatchFlame","Logging+1"],"picked":"DaCapo+1","floor":44},{"not_picked":["Wingbeat+1","LifeForTheDareDevil+1","TodaysExpression+1","Logging+1"],"picked":"SKIP","floor":45},{"not_picked":["Wingbeat+1","TodaysExpression+1","Logging+1"],"picked":"LifeForTheDareDevil+1","floor":45},{"not_picked":["WristCuter+1","TodaysExpression+1","FourthMatchFlame+1","RapturousDream+1"],"picked":"SKIP","floor":46},{"not_picked":["WhiteNight","Variant"],"picked":"NothingThere","floor":48},{"not_picked":["Horn+1","RedEyes+1","Lamp","Regret_ego"],"picked":"SKIP","floor":48}],"player_experience":489564,"relics_obtained":[{"floor":1,"key":"SynthV:TestCard"},{"floor":1,"key":"LetterFromLob"},{"floor":2,"key":"REME_HandOfSuture"},{"floor":7,"key":"Toxic Egg 2"},{"floor":9,"key":"qcfpunch:White_Boots"},{"floor":26,"key":"DemoMod:MemoryAlloy"},{"floor":42,"key":"Dota2Spire:UrnOfShadows"},{"floor":43,"key":"Dota2Spire:MantaStyle"},{"floor":45,"key":"StuffTheSpire:OldFever"}],"event_choices":[{"damage_healed":0,"gold_gain":100,"player_choice":"Pray","damage_taken":0,"max_hp_gain":0,"max_hp_loss":0,"event_name":"Golden Shrine","floor":20,"gold_loss":0}],"is_beta":false,"boss_relics":[{"not_picked":["hubris:RunicObelisk","StuffTheSpire:RunicConfusion"],"picked":"Replay:Wanted Poster"},{"not_picked":["HereWithMe","Replay:Ancient Bell"],"picked":"Fusion Hammer"}],"items_purged_floors":[5,22,47],"is_endless":false,"potions_floor_spawned":[1,4,7,16,24,29,31,33,35,36,44],"ascension_level":1}}