{"host":"fzjysjq26ryju8gm","time":1611758077,"event":{"mods":["BaseMod","BetterRewards","CapriCore","Downfall","Koishi","Minty Spire (QoL Compilation)","Replay The Spire","Shop Mod","StSLib","The Immortal","Waifu the Spire","Yakumo Yukari mod","[IsaacMod]以撒尖塔","noobMod","篝火指南"],"gold_per_floor":[99,109,122,138,313,313,313,313,330,41,41,68,78,95,114,209,209,209,227,237,250,250,260,332,332,350,350,450,469,479,507,518,614,614,414,424,437,456,506,534,534,550,582,597,609,811,828,857,867,867],"floor_reached":51,"language":"ZHS","playtime":3465,"items_purged":[],"score":921,"play_id":"438700c1-f644-4281-b3fa-9c7595f347eb","local_time":"20210127223437","is_ascension_mode":false,"campfire_choices":[{"data":"ReplayTheSpireMod:Brewmster","floor":11.0,"key":"SMITH"},{"floor":18.0,"key":"DIG"},{"data":"Guardian:AncientConstruct","floor":25,"key":"SMITH"},{"floor":27,"key":"RECALL"},{"data":"Guardian:BaubleBeam","floor":35,"key":"SMITH"}],"circlet_count":0,"master_deck":["Guardian:Strike_Guardian","Guardian:Strike_Guardian","Guardian:Defend_Guardian","Guardian:Defend_Guardian","Guardian:Defend_Guardian","Guardian:CurlUp","Guardian:TwinSlam","Guardian:BodySlam+1","Guardian:DonusPower","Doubt","Guardian:BaubleBeam+1","ReplayTheSpireMod:Brewmster+1","Dramatic Entrance","Guardian:DecasProtection","Guardian:AncientConstruct+1","Guardian:SpikerProtocol","Guardian:BronzeArmor","ReplayTheSpireMod:Brewmster+1","ReplayTheSpireMod:Brewmster+1","Guardian:SpikerProtocol+1","Guardian:TemporalShield+1","J.A.X.","Guardian:StasisField","Guardian:PolyBeam","Guardian:RollAttack","Guardian:Emergency","Guardian:BodySlam+1","Guardian:SphericShield","Guardian:Gem_Yellow","Guardian:BronzeArmor+1","Guardian:Gem_Cyan","Guardian:Gem_Orange","Guardian:SentryBeam","Guardian:Repulse+1","Guardian:Clone+1","Guardian:ConstructionForm","Guardian:BronzeOrb"],"relics":["HushsDoor","ice","GuppysHead","MagicMushroom","Onion Ring","Pet Ghost","ReplayTheSpireMod:ShopPack","HornCleat","Coffee Dripper","Akabeko","Eternal Feather","MutagenicStrength","D6","SacredBark","downfall:HeartBlessingRed","downfall:HeartBlessingGreen","BlankCard","Question Card","Turnip","Orichalcum"],"acts_visited":["Exordium","TheCity","TheBeyond"],"potions_floor_usage":[23,23,28,28,28,31,31,31,32,33,33,33,33,33,33,36,37,38,39,39,42,42,43,43,43,43,44,44,48,48,48,49,49,50,50,50,50,50,50,50,50,50,50,50],"damage_taken":[{"damage":0.0,"enemies":"Jaw Worm","floor":2.0,"turns":2.0},{"damage":0.0,"enemies":"Small Slimes","floor":3.0,"turns":3.0},{"damage":0.0,"enemies":"Cultist","floor":4.0,"turns":3.0},{"damage":8.0,"enemies":"Large Slime","floor":9.0,"turns":5.0},{"damage":0.0,"enemies":"downfall:FleeingMerchant","floor":10.0,"turns":4.0},{"damage":5.0,"enemies":"Lagavulin","floor":12.0,"turns":5.0},{"damage":0.0,"enemies":"2 Fungi Beasts","floor":13.0,"turns":2.0},{"damage":0.0,"enemies":"3 Louse","floor":14.0,"turns":1.0},{"damage":0.0,"enemies":"Lots of Slimes","floor":15.0,"turns":1.0},{"damage":18.0,"enemies":"IC_STATUS_ARCHETYPE","floor":16.0,"turns":7.0},{"damage":0.0,"enemies":"3 Byrds","floor":19.0,"turns":1.0},{"damage":0.0,"enemies":"Snecko","floor":20.0,"turns":2.0},{"damage":3.0,"enemies":"Snake Plant","floor":21.0,"turns":3.0},{"damage":0,"enemies":"Centurion and Healer","floor":23,"turns":3},{"damage":6,"enemies":"3 Cultists","floor":26,"turns":4},{"damage":19,"enemies":"downfall:Augmenter","floor":28,"turns":5},{"damage":0,"enemies":"Snecko","floor":29,"turns":1},{"damage":3,"enemies":"Centurion and Healer","floor":30,"turns":2},{"damage":15,"enemies":"Slavers","floor":31,"turns":3},{"damage":0,"enemies":"Cultist and Chosen","floor":32,"turns":3},{"damage":3,"enemies":"WA_ARCHETYPE_CALM","floor":33,"turns":6},{"damage":3,"enemies":"Orb Walker","floor":36,"turns":2},{"damage":0,"enemies":"3 Shapes","floor":37,"turns":2},{"damage":0,"enemies":"Jaw Worm Horde","floor":38,"turns":3},{"damage":0,"enemies":"Jaw Worm Horde","floor":39,"turns":4},{"damage":0,"enemies":"R_Hoarder","floor":40,"turns":3},{"damage":3,"enemies":"Spire Growth","floor":42,"turns":3},{"damage":6,"enemies":"Giant Head","floor":43,"turns":9},{"damage":0,"enemies":"Sphere and 2 Shapes","floor":44,"turns":2},{"damage":14,"enemies":"Writhing Mass","floor":45,"turns":3},{"damage":0,"enemies":"Maw","floor":47,"turns":5},{"damage":0,"enemies":"Nemesis","floor":48,"turns":5},{"damage":0,"enemies":"Transient","floor":49,"turns":5},{"damage":31,"enemies":"DF_ARCHETYPE_ORBS","floor":50,"turns":6}],"seed_played":"2689252172516955076","potions_obtained":[{"floor":4.0,"key":"Fire Potion"},{"floor":26,"key":"ColorlessPotion"},{"floor":28,"key":"Dexterity Potion"},{"floor":31,"key":"champ:CounterPotion"},{"floor":33,"key":"Fire Potion"},{"floor":37,"key":"FairyPotion"},{"floor":47,"key":"SteroidPotion"},{"floor":49,"key":"AttackPotion"}],"is_trial":false,"path_per_floor":["R","M","M","M","?","?","T","?","M","$","R","E","M","M","M","B",null,"R","M","M","M","?","M","T","R","M","R","?","M","M","E","M","B",null,"R","M","M","M","?","E","T","M","E","M","M","?","M","E","M","B",null],"character_chosen":"GUARDIAN","items_purchased":["Pet Ghost","ReplayTheSpireMod:ShopPack"],"campfire_rested":0,"item_purchase_floors":[10,10],"current_hp_per_floor":[87,87,87,87,87,72,72,72,65,66,66,62,63,63,63,46,87,87,87,87,84,84,85,85,87,81,87,68,68,66,52,53,51,87,87,85,86,87,87,87,87,84,79,80,67,67,68,69,70,40],"gold":867,"neow_bonus":"BOSS_RELIC","is_daily":false,"chose_seed":false,"campfire_upgraded":3,"win_rate":0.0,"timestamp":1611758077,"path_taken":["R","M","M","M","?","?","T","?","M","$","R","E","?","M","M","BOSS","R","M","M","M","?","M","T","R","M","R","?","M","M","E","M","BOSS","R","M","M","M","?","E","T","M","E","M","M","?","?","E","M","BOSS"],"items_purchased_type":["Relic","Relic"],"build_version":"2020-12-22","purchased_purges":0,"victory":true,"max_hp_per_floor":[87,87,87,87,87,87,87,87,87,87,87,87,87,87,87,87,87,87,87,87,87,87,87,87,87,87,87,87,87,87,87,87,87,87,87,87,87,87,87,87,87,87,87,87,87,87,87,87,87,87],"card_choices":[{"not_picked":[],"picked":"ChaosCard","floor":0.0},{"not_picked":["Guardian:Reroute","Guardian:RollAttack"],"picked":"Bomb","floor":2.0},{"not_picked":["Guardian:Planning","Guardian:Gem_Cyan"],"picked":"Guardian:DonusPower","floor":3.0},{"not_picked":["Guardian:Recover","Guardian:Planning"],"picked":"Guardian:Gem_Blue","floor":4.0},{"not_picked":["Guardian:CrystalBeam","Guardian:Repulse"],"picked":"Guardian:Gem_Crimson","floor":9.0},{"not_picked":["Guardian:Emergency","Guardian:Incinerate"],"picked":"Guardian:BaubleBeam","floor":10.0},{"not_picked":["DoctorFetus","Apotheosis"],"picked":"ReplayTheSpireMod:Brewmster","floor":10.0},{"not_picked":["Sadistic Nature","Trip"],"picked":"Dramatic Entrance","floor":10.0},{"not_picked":["Specialist","Flash of Steel"],"picked":"Bomb","floor":10.0},{"not_picked":["Guardian:Clone","Guardian:ShieldCharger"],"picked":"Guardian:DecasProtection","floor":12.0},{"not_picked":["Guardian:SentryBeam","Guardian:PiercingHide","Guardian:CrystalBeam"],"picked":"SKIP","floor":13.0},{"not_picked":["Guardian:PiercingHide","Guardian:Planning","Guardian:TemporalStrike"],"picked":"SKIP","floor":14.0},{"not_picked":["Guardian:MultiBeam","Guardian:Gem_Green"],"picked":"Guardian:Gem_Blue","floor":15.0},{"not_picked":["Guardian:ConstructionForm","Guardian:FastForward"],"picked":"Guardian:AncientConstruct","floor":16.0},{"not_picked":["Guardian:TemporalStrike","Guardian:RollAttack"],"picked":"Guardian:SpikerProtocol","floor":19.0},{"not_picked":["Guardian:DecasProtection","Guardian:TemporalStrike+1"],"picked":"Guardian:BronzeArmor","floor":20.0},{"not_picked":["Guardian:VentSteam","Guardian:PiercingHide","Guardian:Suspension"],"picked":"SKIP","floor":21.0},{"not_picked":["Guardian:TemporalShield+1","Guardian:Incinerate"],"picked":"Guardian:SpikerProtocol+1","floor":23},{"not_picked":["Guardian:Reroute","Guardian:Incinerate+1"],"picked":"Guardian:TemporalShield+1","floor":26},{"not_picked":[],"picked":"J.A.X.","floor":28},{"not_picked":["Guardian:ChargeCore+1","Guardian:Gem_White"],"picked":"Guardian:StasisField","floor":28},{"not_picked":["Guardian:Incinerate+1","Guardian:PolyBeam","Guardian:Gem_Red"],"picked":"SKIP","floor":29},{"not_picked":["Guardian:Suspension","Guardian:Reroute","Guardian:Gem_Cyan"],"picked":"SKIP","floor":30},{"not_picked":["Guardian:Incinerate","Guardian:WalkerClaw"],"picked":"Guardian:Emergency","floor":31},{"not_picked":["Guardian:CrystalBeam","Guardian:RollAttack"],"picked":"Guardian:BodySlam+1","floor":32},{"not_picked":["Guardian:Gem_Synthetic","Guardian:ConstructionForm"],"picked":"Guardian:SphericShield","floor":33},{"not_picked":["Guardian:ShieldSpikes+1","Guardian:Gem_Lightblue","Guardian:Reroute"],"picked":"SKIP","floor":36},{"not_picked":["Guardian:PiercingHide+1","Guardian:Reroute","Guardian:PrismaticBeam"],"picked":"SKIP","floor":37},{"not_picked":["Guardian:Suspension","Guardian:ShieldCharger"],"picked":"Guardian:Gem_Yellow","floor":38},{"not_picked":["Guardian:RollAttack","Guardian:GuardianWhirl"],"picked":"Guardian:BronzeArmor+1","floor":39},{"not_picked":["Guardian:WalkerClaw","Guardian:PrismaticBeam","Guardian:RollAttack"],"picked":"SKIP","floor":40},{"not_picked":["Guardian:TemporalStrike+1","Guardian:DecasProtection+1","Guardian:Gem_Green"],"picked":"Guardian:Gem_Cyan","floor":42},{"not_picked":["Guardian:ShieldCharger","Guardian:MultiBeam","Guardian:SentryBeam"],"picked":"Guardian:Gem_Orange","floor":43},{"not_picked":["Guardian:CrystalBeam","Guardian:Harden","Guardian:Gem_Fragmented"],"picked":"Guardian:SentryBeam","floor":44},{"not_picked":["Guardian:Gem_Crimson","Guardian:WalkerClaw+1","Guardian:ShieldCharger"],"picked":"Guardian:Repulse+1","floor":45},{"not_picked":["Guardian:FastForward","Guardian:Incinerate","Guardian:PrismaticBarrier+1"],"picked":"Guardian:Clone+1","floor":47},{"not_picked":["Guardian:SentryBeam+1","Guardian:Gem_Green","Guardian:Gem_Lightblue"],"picked":"Guardian:ConstructionForm","floor":48},{"not_picked":["Guardian:TemporalStrike","Guardian:Gem_Lightblue","Guardian:PrimingBeam+1"],"picked":"Guardian:BronzeOrb","floor":49}],"player_experience":738719,"relics_obtained":[{"floor":7.0,"key":"Onion Ring"},{"floor":12.0,"key":"HornCleat"},{"floor":18.0,"key":"Akabeko"},{"floor":24,"key":"Eternal Feather"},{"floor":28,"key":"MutagenicStrength"},{"floor":31,"key":"D6"},{"floor":39,"key":"BlankCard"},{"floor":40,"key":"Question Card"},{"floor":43,"key":"Turnip"},{"floor":48,"key":"Orichalcum"}],"event_choices":[],"is_beta":false,"boss_relics":[{"not_picked":["Snecko Eye","Fusion Hammer"],"picked":"Coffee Dripper"},{"not_picked":[]},{"not_picked":["Painkiller Herb","Runic Pyramid"],"picked":"SacredBark"},{"not_picked":[]}],"items_purged_floors":[],"is_endless":false,"potions_floor_spawned":[4,12,13,14,15,16,26,28,30,31,33,36,37,40,47,48,49],"ascension_level":0}}