{"host":"2eswhqk6sgfpt1j1","time":1611717211,"event":{"mods":["Act Like it!","BaseMod","Colored Powertips","Hallownest","Lobotomy","Minty Spire (QoL Compilation)","Replay The Spire","StSLib","The Bug Knight","The Cursed","The Hierophant","The Servant 0.9.4"],"gold_per_floor":[112,112,0,0,12,12,24,44,44,44,56,56,56,56,56,151,151,162,72,222,222,7,7,7,21,45,45,57,67,67,87,87,190,190,207,207,207,227,247,247,263,138,138,138,138,150,65,65,65,65,65],"floor_reached":50,"language":"ZHS","playtime":2152,"items_purged":["ReplayTheSpireMod:Restless Dread","HollowMod:SoulShaman"],"score":453,"play_id":"c8438dc4-2ccd-4b09-8ab2-f2806537d99b","local_time":"20210127111331","is_ascension_mode":false,"campfire_choices":[{"data":"HollowMod:BaldurShell","floor":6,"key":"SMITH"},{"data":"HollowMod:NewLittleFool","floor":10,"key":"SMITH"},{"floor":15,"key":"REST"},{"data":"HollowMod:GreatSlash","floor":23,"key":"SMITH"},{"floor":40,"key":"REST"},{"floor":49,"key":"REST"}],"circlet_count":0,"master_deck":["HollowMod:NailStrikeStart","HollowMod:NailStrikeStart","HollowMod:NailStrikeStart","HollowMod:NailStrikeStart","HollowMod:QuickDashStart","HollowMod:QuickDashStart","HollowMod:QuickDashStart","HollowMod:FocusHealStart","HollowMod:PogoStrike","HollowMod:BaldurShell+1","HollowMod:CycloneSlash","HollowMod:NewLittleFool+1","Injury","TheCursedMod:Dregs","HollowMod:SoulShaman+1","HollowMod:GreatSlash+1","HollowMod:VengefulSpirit","Pain","HollowMod:SoulMaster","HollowMod:PureNailStrike+1","Hallownest:curseDreamersLament","HollowMod:HowlingWraiths","Hallownest:skillKingdomsEdgeMap"],"relics":["HollowMod:VesselMask","Ring of Fury","Vajra","Quantum Egg","Replay:Ancient Bell","Bag of Preparation","Onion Ring","Du-Vu Doll","Hallownest:StagBellRelic1","Centennial Puzzle","Ornamental Fan","Replay:Bronze Core","Hallownest:BeastSealRelic","Replay:Bottled Flurry","Hallownest:KingsIdolRelic","Golden Egg"],"acts_visited":["Hallownest:Greenpath","Hallownest:CityofTears","Hallownest:KingdomsEdge"],"potions_floor_usage":[28,28,28,29,31,33,38,50,50,50,50,50,50,50,50,50],"damage_taken":[{"damage":2,"enemies":"Hallownest:monsterHuskGuard","floor":1,"turns":3},{"damage":2,"enemies":"Hallownest:2_MossCreeps","floor":5,"turns":5},{"damage":11,"enemies":"Hallownest:2_Baldur","floor":7,"turns":3},{"damage":20,"enemies":"Hallownest:1_Ooma_and_2_Uuma","floor":8,"turns":7},{"damage":19,"enemies":"Hallownest:monsterFoolEater","floor":11,"turns":3},{"damage":73,"enemies":"Hallownest:BossFalseKnight","floor":16,"turns":11},{"damage":10,"enemies":"Hallownest:2_Mistakes","floor":18,"turns":3},{"damage":2,"enemies":"Hallownest:Flukemon_and_Top","floor":25,"turns":3},{"damage":4,"enemies":"Hallownest:monsterShrumalOgre","floor":28,"turns":2},{"damage":6,"enemies":"Hallownest:3_Mistakes","floor":29,"turns":3},{"damage":3,"enemies":"Hallownest:Warrior_and_Youth","floor":31,"turns":2},{"damage":62,"enemies":"Hallownest:BossMantisLord","floor":33,"turns":5},{"damage":36,"enemies":"Hallownest:2_Littles","floor":35,"turns":7},{"damage":7,"enemies":"Hallownest:Shield_Heavy","floor":38,"turns":2},{"damage":1,"enemies":"Hallownest:2_Great","floor":41,"turns":1},{"damage":24,"enemies":"Hallownest:Xero_Hu_Marmu","floor":46,"turns":4},{"damage":99,"enemies":"Hallownest:Radiance","floor":50,"turns":9}],"seed_played":"-6969231259654919366","potions_obtained":[{"floor":11,"key":"CultistPotion"},{"floor":25,"key":"Energy Potion"},{"floor":31,"key":"Energy Potion"},{"floor":33,"key":"FearPotion"}],"is_trial":false,"path_per_floor":["M","?","?","?","M","R","M","M","T","R","M","?","?","$","R","B",null,"M","?","?","?","$","R","$","M","T","?","M","M","?","M","R","B",null,"M","?","?","M","?","R","M","$","T","?","?","M","?","T","R","B"],"character_chosen":"THE_BUGKNIGHT","items_purchased":["HollowMod:SoulShaman","HollowMod:GreatSlash","HollowMod:HowlingWraiths"],"campfire_rested":3,"item_purchase_floors":[22,22,42],"current_hp_per_floor":[75,75,75,75,73,73,68,54,54,54,41,41,41,41,63,2,75,65,65,65,65,65,65,65,63,63,63,59,53,53,50,72,10,75,39,39,39,32,32,54,53,53,53,53,53,29,29,29,51,0,0],"gold":65,"neow_bonus":"REMOVE_CARD","is_daily":false,"chose_seed":false,"campfire_upgraded":3,"win_rate":0.0,"timestamp":1611717211,"path_taken":["M","?","?","?","?","R","M","M","T","R","M","?","?","?","R","BOSS","M","?","?","?","$","R","$","M","T","?","M","?","?","?","R","BOSS","M","?","?","?","?","R","M","$","T","?","?","M","?","?","R","BOSS"],"items_purchased_type":["Card","Card","Card"],"build_version":"2020-12-22","purchased_purges":2,"victory":false,"max_hp_per_floor":[75,75,75,75,75,75,75,75,75,75,75,75,75,75,75,75,75,75,75,75,75,75,75,75,75,75,75,75,75,75,75,75,75,75,75,75,75,75,75,75,75,75,75,75,75,75,75,75,75,75,75],"card_choices":[{"not_picked":["HollowMod:SoulSplash","HollowMod:LifebloodCocoon"],"picked":"HollowMod:BaldurShell","floor":1},{"not_picked":["HollowMod:SiblingsSouls","HollowMod:WraithStrike","HollowMod:SharpenedNail"],"picked":"SKIP","floor":5},{"not_picked":["HollowMod:LuriensSpire","HollowMod:MawleksShell"],"picked":"HollowMod:CycloneSlash","floor":7},{"not_picked":["HollowMod:SharpenedNail","HollowMod:BrokenVessel"],"picked":"HollowMod:NewLittleFool","floor":8},{"not_picked":["HollowMod:FastStrike","HollowMod:ShadowDash","HollowMod:VengefulVoid"],"picked":"SKIP","floor":11},{"not_picked":["Delirium","Hallucinations"],"picked":"ReplayTheSpireMod:Restless Dread","floor":17},{"not_picked":["CurseOfTheBell","Overencumbered"],"picked":"Injury","floor":17},{"not_picked":["Writhe","Looming Evil"],"picked":"TheCursedMod:Dregs","floor":17},{"not_picked":["HollowMod:DescendingDark","HollowMod:SharpenedNail","HollowMod:ShapeofUnn"],"picked":"SKIP","floor":18},{"not_picked":["HollowMod:VengefulVoid","HollowMod:HornetsHelp","HollowMod:MonarchWings+1"],"picked":"SKIP","floor":25},{"not_picked":["HollowMod:MonarchWings","HollowMod:SharpenedNail+1","HollowMod:DescendingDark+1"],"picked":"SKIP","floor":28},{"not_picked":["HollowMod:InfectedCysts","HollowMod:TaintedHusks+1"],"picked":"HollowMod:VengefulSpirit","floor":29},{"not_picked":["HollowMod:GreatSlash","HollowMod:DoubleDash","HollowMod:SiblingsSouls"],"picked":"SKIP","floor":31},{"not_picked":["HollowMod:HerrahsAnger","HollowMod:AwokenDreamNail"],"picked":"HollowMod:SoulMaster","floor":33},{"not_picked":["HollowMod:ShadowDash","HollowMod:WraithStrike+1"],"picked":"HollowMod:PureNailStrike+1","floor":35},{"not_picked":["HollowMod:FastStrike+1","HollowMod:SoulShaman","HollowMod:CloakDash"],"picked":"SKIP","floor":38},{"not_picked":["HollowMod:HowlingWraiths","HollowMod:MonarchWings+1","HollowMod:NewJinnsSoul+1"],"picked":"SKIP","floor":41},{"not_picked":["HollowMod:HowlingWraiths+1","HollowMod:DashSlash+1","HollowMod:VengefulVoid"],"picked":"SKIP","floor":46}],"player_experience":412283,"relics_obtained":[{"floor":2,"key":"Ring of Fury"},{"floor":9,"key":"Quantum Egg"},{"floor":26,"key":"Centennial Puzzle"},{"floor":43,"key":"Replay:Bottled Flurry"},{"floor":48,"key":"Golden Egg"}],"event_choices":[],"is_beta":false,"boss_relics":[{"not_picked":["Black Star","Honey Jar"],"picked":"Replay:Ancient Bell"},{"not_picked":["Strawberry","HollowMod:KingsBrand"],"picked":"Bag of Preparation"},{"not_picked":["ReplayTheSpireMod:Shallot","Eternal Feather"],"picked":"Onion Ring"},{"not_picked":["Turnip","Ginger"],"picked":"Du-Vu Doll"},{"not_picked":["Replay:Wanted Poster","Replay:Drink Me"],"picked":"Replay:Bronze Core"}],"items_purged_floors":[22,42],"is_endless":false,"potions_floor_spawned":[11,25,31,33],"killed_by":"Hallownest:Radiance","ascension_level":0}}