{"host":"agdto6ifbg57aw9m","time":1611785691,"event":{"mods":["2.2 Compatiblity","Aspiration","BaseMod","BetterRewards","Duelist Mod","Friendly Minions","GifTheSpireLib","Halation","Infinite Spire","Minty Spire (QoL Compilation)","Replay The Spire","Spikes Relics","StSLib","Stuff the Spire","The Spell Scribe"],"gold_per_floor":[137,154,169,169,169,208,229,268,292,306,25,72,72,125,125,153,153],"floor_reached":16,"language":"ENG","playtime":1424,"items_purged":["theDuelist:Sparks"],"score":154,"play_id":"55861839-5ae1-4da3-9bba-3ae262485d3a","local_time":"20210127171451","is_ascension_mode":true,"campfire_choices":[{"floor":13,"key":"REST"},{"data":"Magnetism","floor":15,"key":"SMITH"}],"circlet_count":0,"master_deck":["theDuelist:BabyDragon","theDuelist:CastleWalls","theDuelist:CastleWalls","theDuelist:CaveDragon","theDuelist:CaveDragon","theDuelist:LesserDragon","theDuelist:LesserDragon","theDuelist:Sparks","theDuelist:YamataDragon","Pot Of Greed","theDuelist:BlueBloodedOni","theDuelist:BigFire","Pot Of Greed","theDuelist:TrihornedDragon","Magnetism+1","theDuelist:EvilMind","theDuelist:CyberDragonDrei","theDuelist:RainbowOverdragon","theDuelist:DragonPiper","theDuelist:BarrelDragon","theDuelist:GoldenApples"],"relics":["theDuelist:MillenniumPuzzle","theDuelist:CardPoolRelic","theDuelist:CardPoolBasicRelic","theDuelist:BoosterPackPoolRelic","theDuelist:CardPoolAddRelic","theDuelist:CardPoolMinusRelic","theDuelist:CardPoolSaveRelic","theDuelist:CardPoolOptionsRelic","Grinning Jar","Golden Idol","Quantum Egg","Pocketwatch","SnailShell","theDuelist:AknamkanonsEssence","aspiration:ChemicalBlood"],"acts_visited":["Exordium"],"potions_floor_usage":[6,8],"damage_taken":[{"damage":2,"enemies":"Small Slimes","floor":1,"turns":3},{"damage":11,"enemies":"Jaw Worm","floor":2,"turns":5},{"damage":1,"enemies":"Cultist","floor":3,"turns":3},{"damage":0,"enemies":"Gremlin Nob","floor":6,"turns":3},{"damage":6,"enemies":"Large Slime","floor":7,"turns":7},{"damage":6,"enemies":"3 Sentries","floor":8,"turns":6},{"damage":3,"enemies":"2 Fungi Beasts","floor":10,"turns":4},{"damage":2,"enemies":"Looter","floor":12,"turns":3},{"damage":16,"enemies":"Lagavulin","floor":14,"turns":5},{"damage":48,"enemies":"Slime Boss","floor":16,"turns":7}],"seed_played":"-6241468058500025250","potions_obtained":[{"floor":1,"key":"Milkshake"},{"floor":2,"key":"SkillPotion"},{"floor":3,"key":"SteroidPotion"},{"floor":7,"key":"HeartOfIron"}],"is_trial":false,"path_per_floor":["M","M","M","?","?","E","M","E","T","M","$","M","R","E","R","B"],"character_chosen":"THE_DUELIST","items_purchased":["theDuelist:AknamkanonsEssence","theDuelist:DragonPiper"],"campfire_rested":1,"item_purchase_floors":[11,11],"current_hp_per_floor":[78,67,66,66,46,46,40,34,34,31,31,29,53,37,37,0,0],"gold":153,"neow_bonus":"RANDOM_COMMON_RELIC","is_daily":false,"chose_seed":false,"campfire_upgraded":1,"win_rate":0.0,"timestamp":1611785691,"path_taken":["M","M","M","?","?","E","M","E","T","M","$","M","R","E","R","BOSS"],"items_purchased_type":["Relic","Card"],"build_version":"2020-12-22","purchased_purges":1,"victory":false,"max_hp_per_floor":[80,80,80,80,80,80,80,80,80,80,80,80,80,80,80,80,80],"card_choices":[{"not_picked":["theDuelist:BattleguardKing","theDuelist:LightningDarts","theDuelist:DarkCreator","theDuelist:ForbiddenChalice"],"picked":"theDuelist:BlueBloodedOni","floor":1},{"not_picked":["theDuelist:BattleguardKing","theDuelist:LightningDarts","theDuelist:RainbowOverdragon","theDuelist:SmashingGround"],"picked":"theDuelist:BigFire","floor":2},{"not_picked":["theDuelist:BlackTyranno","theDuelist:BlackStego","theDuelist:MadFlameKaiju","theDuelist:GiantRex"],"picked":"theDuelist:TrihornedDragon","floor":3},{"not_picked":["Dark Shackles","Enlightenment","Panache"],"picked":"Magnetism","floor":6},{"not_picked":["theDuelist:TrihornedDragon","theDuelist:DarkDriceratops","theDuelist:BlackBrutdrago","theDuelist:BlackVeloci"],"picked":"theDuelist:EvilMind","floor":7},{"not_picked":["theDuelist:MangaRyuRan","theDuelist:BlackBrachios","theDuelist:Anthrosaurus","theDuelist:GalaxyTyranno"],"picked":"theDuelist:CyberDragonDrei","floor":8},{"not_picked":["theDuelist:BattleguardKing","theDuelist:BigFire","theDuelist:LightningDarts","theDuelist:SmashingGround"],"picked":"theDuelist:RainbowOverdragon","floor":10},{"not_picked":["theDuelist:TrihornedDragon","theDuelist:GiantRex","theDuelist:BlackTyranno","theDuelist:BlackStego"],"picked":"theDuelist:BarrelDragon","floor":12},{"not_picked":["theDuelist:LightningDarts","theDuelist:StrayLambs","theDuelist:RainbowOverdragon","theDuelist:Reload"],"picked":"theDuelist:GoldenApples","floor":14}],"player_experience":535653,"relics_obtained":[{"floor":6,"key":"Quantum Egg"},{"floor":8,"key":"Pocketwatch"},{"floor":9,"key":"SnailShell"},{"floor":14,"key":"aspiration:ChemicalBlood"}],"event_choices":[{"damage_healed":0,"gold_gain":0,"player_choice":"Leave","duelist":true,"damage_taken":0,"max_hp_gain":0,"max_hp_loss":0,"event_name":"Relic Duplicator","floor":4,"gold_loss":0},{"damage_healed":0,"gold_gain":0,"player_choice":"Take Damage","damage_taken":20,"relics_obtained":["Golden Idol"],"max_hp_gain":0,"max_hp_loss":0,"event_name":"Golden Idol","floor":5,"gold_loss":0}],"is_beta":false,"boss_relics":[],"items_purged_floors":[11],"is_endless":false,"potions_floor_spawned":[1,2,3,7],"killed_by":"Slime Boss","ascension_level":1}}