{"host":"p62uqwu04pp7leh9","time":1611728672,"event":{"mods":["BaseMod","Block Reminder","Colored Map","Colored Powertips","Minty Spire (QoL Compilation)","Relic Stats"],"gold_per_floor":[119,119,294,369,369,369,147,147,147,147,174,184,194,226,226,226,226],"floor_reached":16,"language":"ENG","playtime":833,"items_purged":["Doubt"],"score":106,"play_id":"df325a8c-f3a9-460b-b826-87c036184f19","local_time":"20210127002432","is_ascension_mode":false,"campfire_choices":[{"data":"Reinforced Body","floor":6,"key":"SMITH"},{"data":"Zap","floor":8,"key":"SMITH"},{"data":"Madness","floor":15,"key":"SMITH"}],"circlet_count":0,"master_deck":["Strike_B","Strike_B","Strike_B","Strike_B","Defend_B","Defend_B+1","Defend_B","Defend_B","Zap+1","Dualcast+1","Reinforced Body+1","Bandage Up","Amplify","Acrobatics","Madness+1"],"relics":["Inserter","Juzu Bracelet","PrismaticShard","MealTicket","HornCleat","WingedGreaves"],"acts_visited":["Exordium"],"potions_floor_usage":[11],"damage_taken":[{"damage":2,"enemies":"2 Louse","floor":1,"turns":2},{"damage":11,"enemies":"3 Sentries","floor":11,"turns":10},{"damage":0,"enemies":"Small Slimes","floor":12,"turns":3},{"damage":6,"enemies":"Jaw Worm","floor":13,"turns":4},{"damage":13,"enemies":"Lagavulin","floor":14,"turns":10},{"damage":28,"enemies":"Hexaghost","floor":16,"turns":14}],"seed_played":"1029075564823176864","potions_obtained":[{"floor":1,"key":"ColorlessPotion"},{"floor":12,"key":"FearPotion"}],"is_trial":false,"path_per_floor":["M","?","?","?","?","R","$","R","T","?","E","M","M","E","R","B"],"character_chosen":"DEFECT","items_purchased":["PrismaticShard"],"campfire_rested":0,"item_purchase_floors":[7],"current_hp_per_floor":[73,73,73,62,55,55,55,55,55,40,29,33,31,22,22,0,0],"gold":226,"neow_bonus":"BOSS_RELIC","is_daily":false,"chose_seed":false,"campfire_upgraded":3,"win_rate":0.0,"timestamp":1611728672,"path_taken":["M","?","?","?","?","R","$","R","T","?","E","M","M","E","R","BOSS"],"items_purchased_type":["Relic"],"build_version":"2020-12-22","purchased_purges":1,"victory":false,"max_hp_per_floor":[75,75,75,75,75,75,75,75,75,75,75,75,75,75,75,75,75],"relic_stats":{"Inserter":[21],"counters":[6,43],"MealTicket":0,"Juzu Bracelet":1,"obtain_stats":[{"Inserter":0,"HornCleat":11,"MealTicket":9,"WingedGreaves":14,"Juzu Bracelet":2,"Cracked Core":0,"PrismaticShard":7},{"Inserter":0,"HornCleat":2,"MealTicket":1,"WingedGreaves":5,"Juzu Bracelet":1,"Cracked Core":0,"PrismaticShard":1},{"Inserter":0,"HornCleat":12,"MealTicket":2,"WingedGreaves":29,"Juzu Bracelet":2,"Cracked Core":0,"PrismaticShard":2}]},"card_choices":[{"not_picked":["Conserve Battery","Streamline"],"picked":"Reinforced Body","floor":1},{"not_picked":["Tactician","Ball Lightning"],"picked":"Bandage Up","floor":11},{"not_picked":["Dagger Throw","LikeWater"],"picked":"Amplify","floor":12},{"not_picked":["Cloak And Dagger","Skewer"],"picked":"Acrobatics","floor":13},{"not_picked":["Reflex","SignatureMove"],"picked":"Madness","floor":14}],"player_experience":375603,"relics_obtained":[{"floor":9,"key":"MealTicket"},{"floor":11,"key":"HornCleat"},{"floor":14,"key":"WingedGreaves"}],"event_choices":[{"damage_healed":0,"gold_gain":0,"player_choice":"Box","damage_taken":0,"relics_obtained":["Juzu Bracelet"],"max_hp_gain":0,"max_hp_loss":0,"event_name":"Big Fish","floor":2,"gold_loss":0,"cards_obtained":["Regret"]},{"damage_healed":0,"gold_gain":175,"player_choice":"AGREE","damage_taken":0,"max_hp_gain":0,"max_hp_loss":0,"event_name":"Liars Game","floor":3,"gold_loss":0,"cards_obtained":["Doubt"]},{"damage_healed":0,"gold_gain":75,"player_choice":"Gather Gold","damage_taken":11,"max_hp_gain":0,"max_hp_loss":0,"event_name":"World of Goop","floor":4,"gold_loss":0},{"cards_removed":["Regret"],"damage_healed":0,"gold_gain":0,"player_choice":"Card Removal","damage_taken":7,"max_hp_gain":0,"max_hp_loss":0,"event_name":"Golden Wing","floor":5,"gold_loss":0},{"damage_healed":0,"gold_gain":0,"player_choice":"Entered Light","damage_taken":15,"max_hp_gain":0,"max_hp_loss":0,"event_name":"Shining Light","floor":10,"gold_loss":0,"cards_upgraded":["Dualcast","Defend_B"]}],"is_beta":false,"boss_relics":[],"items_purged_floors":[7],"is_endless":false,"potions_floor_spawned":[1,12],"killed_by":"Hexaghost","ascension_level":0}}