{"host":"ljmxc81w1zg7qdd2","time":1611776503,"event":{"mods":["BaseMod","BetterRewards","Colored Map","Hubris","Minty Spire (QoL Compilation)","Replay The Spire","Shop Mod","StSLib","The Animator","The Construct","The Cursed","The Necromancer","The Servant 0.9.4","UnlockEverythingMod"],"gold_per_floor":[112,128,78,78,78,104,104,104,104,104,129,157,157,169,169,271,271,286,286,286,286,301,301,301,42,42,70,70,70,70,104,179,278,278,292,292,292,238,238,238,265,299,299,299,331,30,46,106,106,151],"floor_reached":51,"language":"ENG","playtime":1089,"items_purged":[],"score":860,"play_id":"164d30bc-7c10-44e8-852f-e4bacb192366","local_time":"20210127114143","daily_mods":["Draft","Vintage","Red Cards","Green Cards","Blue Cards","Purple Cards","Colorless Cards","Heirloom","Time Dilation","Flight"],"is_ascension_mode":true,"campfire_choices":[{"floor":15,"key":"DIG"},{"data":"Feed","floor":23,"key":"SMITH"},{"data":"Prepared+1","floor":40,"key":"PURGE"},{"data":"Heavy Blade","floor":49,"key":"SMITH"}],"circlet_count":0,"master_deck":["Twin Strike","Dagger Spray+1","Clash","Iron Wave","FlyingSleeves","Endless Agony","Twin Strike","Purity+1","Armaments+1","Heavy Blade+1","EmptyMind","FearNoEvil","Feed+1","Adrenaline","Pummel+1","Headbutt+1","AbeCurse","Alpha","Consecrate+1"],"relics":["Burning Blood","hubris:MedicalManual","ReplayTheSpireMod:Lightbulb","Ancient Tea Set","NeowsBlessing","War Paint","Chameleon Ring","Mango","Tiny Chest","Omamori","NeowsBlessing","Pen Nib","InkBottle","Replay:Grab Bag","Mark of Pain","hubris:RunicObelisk","Calling Bell","Potion Belt","Darkstone Periapt","Peace Pipe","Quantum Egg","ReplayTheSpireMod:Ring of Challenge","Ring of Hypnosis","construct:BoolHorns","MealTicket","Molten Egg 2","hubris:Spice","Replay:Baseball","NeowsBlessing","Smiling Mask","Nunchaku","hubris:Icosahedron","Bronze Scales","StoneCalendar","Paper Frog","NeowsBlessing","hubris:SlimyHat","Charon\u0027s Ashes"],"acts_visited":["Exordium","TheCity","TheBeyond"],"potions_floor_usage":[50,50],"damage_taken":[{"damage":11,"enemies":"Jaw Worm","floor":1,"turns":2},{"damage":0,"enemies":"Small Slimes","floor":2,"turns":2},{"damage":0,"enemies":"Gremlin Nob","floor":6,"turns":1},{"damage":0,"enemies":"Replay:BlueRogue","floor":11,"turns":1},{"damage":0,"enemies":"Gremlin Nob","floor":12,"turns":1},{"damage":0,"enemies":"2 Louse","floor":14,"turns":1},{"damage":0,"enemies":"Hexaghost","floor":16,"turns":1},{"damage":0,"enemies":"Spheric Guardian","floor":18,"turns":1},{"damage":2,"enemies":"Chosen","floor":22,"turns":2},{"damage":0,"enemies":"Slavers","floor":27,"turns":1},{"damage":0,"enemies":"Gremlin Leader","floor":31,"turns":1},{"damage":9,"enemies":"Pondfish","floor":33,"turns":4},{"damage":0,"enemies":"Orb Walker","floor":35,"turns":1},{"damage":22,"enemies":"Reptomancer","floor":42,"turns":4},{"damage":0,"enemies":"R_Hoarder","floor":45,"turns":1},{"damage":6,"enemies":"3 Shapes","floor":47,"turns":1},{"damage":6,"enemies":"Jaw Worm Horde","floor":48,"turns":1},{"damage":85,"enemies":"hubris:GrandSnecko","floor":50,"turns":7}],"seed_played":"-4877557753077073749","potions_obtained":[{"floor":12,"key":"Fire Potion"},{"floor":14,"key":"Energy Potion"},{"floor":16,"key":"Adrenaline Potion"},{"floor":18,"key":"BloodPotion"},{"floor":31,"key":"Weak Potion"},{"floor":35,"key":"Ancient Potion"},{"floor":48,"key":"PowerPotion"}],"is_trial":true,"path_per_floor":["M","M","?","WH","?","E","WH","WH","T","?","E","E","WH","M","R_BF","B",null,"M","?","WH","?","M","R","T","$","T","E","WH","?","WH","E","R_BF","B",null,"M","?","?","$","WH","R","T","E","T","WH","E","$","M","M","R_BF","B",null],"character_chosen":"IRONCLAD","items_purchased":["Molten Egg 2","Consecrate+1","hubris:Spice"],"campfire_rested":0,"item_purchase_floors":[25,38,46],"current_hp_per_floor":[75,80,80,80,64,70,78,86,86,88,94,100,100,106,106,110,110,110,110,121,121,124,124,124,124,132,136,136,136,149,149,149,152,163,163,163,163,163,179,179,179,163,163,163,169,171,163,163,163,132],"gold":151,"neow_bonus":"THREE_ENEMY_KILL","is_daily":false,"chose_seed":false,"campfire_upgraded":2,"win_rate":0.0,"timestamp":1611776503,"path_taken":["M","M","?","WH","?","E","WH","WH","T","?","E","E","WH","M","R_BF","BOSS","M","?","WH","?","?","R","?","$","T","E","WH","?","WH","E","R_BF","BOSS","M","?","?","$","WH","R","?","E","T","WH","E","$","?","M","R_BF","BOSS"],"items_purchased_type":["Relic","Card","Relic"],"build_version":"2020-12-22","purchased_purges":0,"victory":true,"max_hp_per_floor":[80,80,80,80,80,80,88,96,96,110,110,110,110,110,110,110,110,110,110,121,121,124,124,124,124,132,136,136,136,149,149,149,155,163,163,163,163,163,179,179,179,179,179,179,179,171,163,163,163,163],"card_choices":[{"not_picked":["Quick Slash","Prostrate"],"picked":"Twin Strike","floor":0},{"not_picked":["Underhanded Strike","Dagger Throw"],"picked":"Dagger Spray","floor":0},{"not_picked":["ReplayTheSpireMod:Exploit Weakness","Vengeance"],"picked":"Clash","floor":0},{"not_picked":["Dagger Spray","WindmillStrike"],"picked":"Iron Wave","floor":0},{"not_picked":["Wild Strike","Accuracy"],"picked":"FlyingSleeves","floor":0},{"not_picked":["Concentrate","ReplayTheSpireMod:Tripwire"],"picked":"Wild Strike","floor":0},{"not_picked":["ReplayTheSpireMod:GoodbyeWorld","Shrug It Off"],"picked":"Endless Agony","floor":0},{"not_picked":["Deadly Poison","Evaluate"],"picked":"Twin Strike","floor":0},{"not_picked":["Outmaneuver","Wild Strike"],"picked":"Purity","floor":0},{"not_picked":["Bouncing Flask","hubris:SlightOfHand"],"picked":"Prepared","floor":0},{"not_picked":["FearNoEvil","Steam"],"picked":"Armaments","floor":0},{"not_picked":["Gash","animator:Shimakaze"],"picked":"Heavy Blade","floor":0},{"not_picked":["Replay:AtTheReady","Panic Button"],"picked":"EmptyMind","floor":0},{"not_picked":["FIFO Queue","Vengeance"],"picked":"Cloak And Dagger","floor":0},{"not_picked":["Deadly Poison","Indignation"],"picked":"FearNoEvil","floor":0},{"not_picked":["Feel No Pain","Chaos","Impatience"],"picked":"SKIP","floor":6},{"not_picked":["Replay:BluntJabs","Swivel","Flying Knee"],"picked":"SKIP","floor":11},{"not_picked":["Jack Of All Trades","Deadly Poison"],"picked":"Feed","floor":12},{"not_picked":["hubris:Prefetch","animator:HarukoHaruhara"],"picked":"Adrenaline","floor":16},{"not_picked":["Skim","Outmaneuver+1","SpiritShield"],"picked":"SKIP","floor":27},{"not_picked":["Time Bomb+1","hubris:SharpeningStone"],"picked":"Headbutt+1","floor":31},{"not_picked":["Midas Touch","ReplayTheSpireMod:Necrogeddon+1"],"picked":"Alpha","floor":33},{"not_picked":["TalkToTheHand+1","hubris:SpiceAddiction","ReplayTheSpireMod:Scrap Shanks"],"picked":"SKIP","floor":42},{"not_picked":["Prostrate+1","hubris:SpiceAddiction","True Grit"],"picked":"SKIP","floor":45}],"player_experience":110090,"relics_obtained":[{"floor":1,"key":"ReplayTheSpireMod:Lightbulb"},{"floor":2,"key":"Ancient Tea Set"},{"floor":6,"key":"War Paint"},{"floor":9,"key":"Chameleon Ring"},{"floor":11,"key":"Tiny Chest"},{"floor":12,"key":"Omamori"},{"floor":14,"key":"Pen Nib"},{"floor":15,"key":"InkBottle"},{"floor":17,"key":"Potion Belt"},{"floor":17,"key":"Darkstone Periapt"},{"floor":17,"key":"Peace Pipe"},{"floor":18,"key":"Quantum Egg"},{"floor":19,"key":"ReplayTheSpireMod:Ring of Challenge"},{"floor":19,"key":"Ring of Hypnosis"},{"floor":22,"key":"construct:BoolHorns"},{"floor":24,"key":"MealTicket"},{"floor":26,"key":"hubris:Spice"},{"floor":27,"key":"Replay:Baseball"},{"floor":31,"key":"Smiling Mask"},{"floor":35,"key":"Nunchaku"},{"floor":41,"key":"Bronze Scales"},{"floor":42,"key":"StoneCalendar"},{"floor":43,"key":"Paper Frog"},{"floor":45,"key":"hubris:SlimyHat"},{"floor":47,"key":"hubris:Spice"},{"floor":48,"key":"Charon\u0027s Ashes"}],"event_choices":[{"cards_removed":["Wild Strike"],"damage_healed":0,"gold_gain":0,"player_choice":"Card Removal","damage_taken":0,"max_hp_gain":0,"max_hp_loss":0,"event_name":"The Cleric","floor":3,"gold_loss":50},{"damage_healed":0,"gold_gain":0,"player_choice":"Entered Light","damage_taken":16,"max_hp_gain":0,"max_hp_loss":0,"event_name":"Shining Light","floor":5,"gold_loss":0,"cards_upgraded":["Dagger Spray","Armaments"]},{"damage_healed":0,"gold_gain":0,"player_choice":"Success","damage_taken":12,"relics_obtained":["Mango"],"max_hp_gain":0,"max_hp_loss":0,"event_name":"Scrap Ooze","floor":10,"gold_loss":0},{"damage_healed":0,"gold_gain":0,"player_choice":"0 cards matched","damage_taken":0,"max_hp_gain":0,"max_hp_loss":0,"event_name":"Match and Keep!","floor":21,"gold_loss":0,"cards_obtained":[]},{"cards_removed":["Cloak And Dagger"],"damage_healed":0,"gold_gain":0,"player_choice":"Purged","damage_taken":0,"max_hp_gain":0,"max_hp_loss":0,"event_name":"Purifier","floor":37,"gold_loss":0}],"is_beta":false,"boss_relics":[{"not_picked":["Busted Crown","Ring of Chaos"],"picked":"Replay:Grab Bag"},{"not_picked":["Fusion Hammer","Runic Dome"],"picked":"Mark of Pain"},{"not_picked":["Electric Blood","Velvet Choker"],"picked":"hubris:RunicObelisk"},{"not_picked":["construct:WeddingRing","Snecko Eye"],"picked":"Calling Bell"},{"not_picked":["Honey Jar","hubris:ScarierMask"],"picked":"hubris:Spice"}],"items_purged_floors":[],"is_endless":false,"potions_floor_spawned":[12,14,16,18,31,35,48],"ascension_level":1}}