{"host":"d4nr47a59rmbesnz","time":1611743838,"event":{"mods":["A Magickal Journey","BaseMod","Better Third Choice","Hermit","Minty Spire (QoL Compilation)","Quick Restart","Shade Mod","StSLib","The Bladedancer","The Cursed","The Death Knight","The Disciple","The Forsaken","The Hierophant","The Necromancer","The Spell Scribe","The Valiant"],"gold_per_floor":[126,138,166,178,202,214,242,254,292,317,329,39,115,135,135,234,234,206,121,17,17,35,35,35,35,111,130,144,156,26,36,36,138,138,155,168,179,179,195,195,195],"floor_reached":40,"language":"ENG","playtime":1741,"items_purged":[],"score":382,"play_id":"7a02ba99-695a-4fff-a20d-47705e58bab4","local_time":"20210127133718","is_ascension_mode":false,"campfire_choices":[{"data":"Negative_Energy_Burst","floor":6,"key":"SMITH"},{"data":"Negative_Energy_Arrows","floor":8,"key":"SMITH"},{"data":"Bone_Armory","floor":15,"key":"SMITH"},{"floor":23,"key":"REST"},{"floor":25,"key":"REST"},{"floor":32,"key":"REST"}],"circlet_count":0,"master_deck":["Strike_W","Strike_W","Strike_W","Strike_W","Defend_W+1","Defend_W+1","Defend_W","Defend_W","Negative_Energy_Arrows+1","Bone_Wall","Shackles_Of_Pain","Negative_Energy_Burst+1","Bone_Armor","Negative_Energy_Javelin","Skeleton_Dragon","Bone_Armory+1","Spectral_Armor","Summon_Vampire_Lady","Bone_Armor","Bone_Bullets","Negative_Energy_Javelin+1","Skeleton_Dragon","Bone_Shift","Bone_Armory","Bone_Shift","Spectral_Walk","Grasp_Heart","Spectral_Armor+1","Blood_Curse+1","Consume_Illness+1"],"relics":["Vampire_Amulet","MawBank","War Paint","Lee\u0027s Waffle","Runic Pyramid","Potion Belt","HornCleat","theForsaken:PaleLantern"],"acts_visited":["Exordium","TheCity","TheBeyond"],"potions_floor_usage":[16,16,27,31,37,40],"damage_taken":[{"damage":1,"enemies":"Cultist","floor":1,"turns":5},{"damage":8,"enemies":"Small Slimes","floor":3,"turns":3},{"damage":5,"enemies":"2 Louse","floor":5,"turns":2},{"damage":13,"enemies":"Exordium Wildlife","floor":7,"turns":6},{"damage":3,"enemies":"Large Slime","floor":10,"turns":5},{"damage":5,"enemies":"Looter","floor":14,"turns":4},{"damage":33,"enemies":"The Guardian","floor":16,"turns":11},{"damage":38,"enemies":"2 Thieves","floor":18,"turns":5},{"damage":24,"enemies":"Chosen","floor":22,"turns":5},{"damage":33,"enemies":"Shelled Parasite and Fungi","floor":27,"turns":8},{"damage":0,"enemies":"Snecko","floor":28,"turns":5},{"damage":46,"enemies":"Cultist and Chosen","floor":29,"turns":6},{"damage":14,"enemies":"Snake Plant","floor":31,"turns":6},{"damage":61,"enemies":"Collector","floor":33,"turns":11},{"damage":30,"enemies":"3 Darklings","floor":35,"turns":5},{"damage":14,"enemies":"Orb Walker","floor":36,"turns":4},{"damage":17,"enemies":"4 Shapes","floor":37,"turns":6},{"damage":34,"enemies":"Maw","floor":39,"turns":9},{"damage":85,"enemies":"Giant Head","floor":40,"turns":9}],"seed_played":"-7216016859195047166","potions_obtained":[{"floor":5,"key":"FairyPotion"},{"floor":7,"key":"BlessingOfTheForge"},{"floor":10,"key":"SteroidPotion"},{"floor":16,"key":"Weak Potion"},{"floor":29,"key":"PowerPotion"},{"floor":31,"key":"Swift Potion"},{"floor":33,"key":"ColorlessPotion"},{"floor":36,"key":"Ancient Potion"}],"is_trial":false,"path_per_floor":["M","$","M","?","M","R","M","R","T","M","?","$","?","M","R","B",null,"M","?","$","?","M","R","?","R","T","M","M","M","$","M","R","B",null,"M","M","M","?","M","E"],"character_chosen":"NECROMANCER","items_purchased":["Bone_Armory","Lee\u0027s Waffle","Spectral_Armor","Bone_Armor","Bone_Bullets","Bone_Armory","Bone_Shift"],"campfire_rested":3,"item_purchase_floors":[12,12,12,20,20,30,30],"current_hp_per_floor":[75,75,69,69,68,68,59,59,59,60,75,82,82,79,79,48,82,46,46,46,30,14,40,40,66,66,43,45,12,12,21,47,14,87,71,62,53,53,30,0,0],"gold":195,"neow_bonus":"RANDOM_COMMON_RELIC","is_daily":false,"chose_seed":false,"campfire_upgraded":3,"win_rate":0.0,"timestamp":1611743838,"path_taken":["M","?","M","?","M","R","M","R","T","M","?","$","?","M","R","BOSS","M","?","$","?","M","R","?","R","T","M","M","M","?","M","R","BOSS","M","M","?","?","M","E"],"items_purchased_type":["Card","Relic","Card","Card","Card","Card","Card"],"build_version":"2020-12-22","purchased_purges":0,"victory":false,"max_hp_per_floor":[75,75,75,75,75,75,75,75,75,75,75,82,82,82,82,82,82,82,82,82,87,87,87,87,87,87,87,87,87,87,87,87,87,87,87,87,87,87,87,87,87],"card_choices":[{"not_picked":["Negative_Energy_Mist","Shade_Step"],"picked":"Shackles_Of_Pain","floor":1},{"not_picked":["Bone_Shift","Death_Coil"],"picked":"Negative_Energy_Burst","floor":3},{"not_picked":["Blood_Is_Power","Blood_Whip"],"picked":"Bone_Armor","floor":5},{"not_picked":["Death_March_Dance","Consume_Illness"],"picked":"Negative_Energy_Javelin","floor":7},{"not_picked":["Bone_Bullets","Violent_Necrosis"],"picked":"Skeleton_Dragon","floor":10},{"not_picked":["Toxic_Smoke_Screen","Death_Coil","Strike_from_Beyond"],"picked":"SKIP","floor":14},{"not_picked":["Negative_Energy_Bomb","Reap_The_Weak"],"picked":"Summon_Vampire_Lady","floor":16},{"not_picked":["Acid_Javelin","Consume_Illness","Bones_to_Steel"],"picked":"SKIP","floor":18},{"not_picked":["Siphon_Strength","Bones_to_Steel","Finger_Of_Death"],"picked":"SKIP","floor":22},{"not_picked":["Siphon_Strength","Bones_to_Steel+1"],"picked":"Negative_Energy_Javelin+1","floor":27},{"not_picked":["Negative_Energy_Mist","Scare"],"picked":"Skeleton_Dragon","floor":28},{"not_picked":["Blood_Shield","Necromantic_Selection"],"picked":"Bone_Shift","floor":29},{"not_picked":["Negative_Energy_Shield","Vampiric_Strike+1"],"picked":"Spectral_Walk","floor":31},{"not_picked":["Detonate_Bones","Reap_The_Weak"],"picked":"Grasp_Heart","floor":33},{"not_picked":["Siphon_Strength+1","Uncharnel+1"],"picked":"Spectral_Armor+1","floor":35},{"not_picked":["Negative_Energy_Mist","Bone_Spikes","Toxic_Smoke_Screen"],"picked":"SKIP","floor":36},{"not_picked":["Death_March_Dance+1","Death_Knell"],"picked":"Blood_Curse+1","floor":37},{"not_picked":["Epidemic+1","Bones_to_Steel+1"],"picked":"Consume_Illness+1","floor":39}],"player_experience":61261,"relics_obtained":[{"floor":9,"key":"War Paint"},{"floor":26,"key":"HornCleat"}],"event_choices":[{"damage_healed":25,"gold_gain":0,"player_choice":"Banana","damage_taken":0,"max_hp_gain":0,"max_hp_loss":0,"event_name":"Big Fish","floor":11,"gold_loss":0},{"damage_healed":0,"gold_gain":76,"player_choice":"Gained Gold","damage_taken":0,"max_hp_gain":0,"max_hp_loss":0,"event_name":"Golden Wing","floor":13,"gold_loss":0},{"damage_healed":0,"gold_gain":0,"player_choice":"Obtained Relic","damage_taken":0,"relics_obtained":["Potion Belt"],"max_hp_gain":0,"max_hp_loss":0,"event_name":"Addict","floor":19,"gold_loss":85},{"damage_healed":0,"gold_gain":0,"player_choice":"Shed Blood","damage_taken":21,"max_hp_gain":5,"max_hp_loss":0,"event_name":"Forgotten Altar","floor":21,"gold_loss":0},{"damage_healed":0,"gold_gain":0,"player_choice":"Ignored","damage_taken":0,"max_hp_gain":0,"max_hp_loss":0,"event_name":"Vampires","floor":24,"gold_loss":0}],"is_beta":false,"boss_relics":[{"not_picked":["Busted Crown","Runic Dome"],"picked":"Runic Pyramid"},{"not_picked":["Black Star","Sozu"],"picked":"theForsaken:PaleLantern"}],"items_purged_floors":[],"is_endless":false,"potions_floor_spawned":[5,7,10,16,29,31,33,36],"killed_by":"Giant Head","ascension_level":0}}