{"host":"qrt7o4dq2qslzw13","time":1611764162,"event":{"mods":["BaseMod","Colored Map","Colored Powertips","Minty Spire (QoL Compilation)","Quick Restart","Replay The Spire","Shop Mod","StSLib","SuperFastMode"],"gold_per_floor":[115,42,42,42,42,42,70,70,144,144,169,189,204,222,236,236,340,340,357,1,19,29,29,29,44,79,79,79,79,79,177,196,196,136,136,236,336,356,406,406,419,419,419,471,471,471,30,59,11,26,46,46,46],"floor_reached":54,"language":"ENG","playtime":1438,"items_purged":["Strike_P"],"score":1137,"play_id":"b4fd7561-3988-4072-9917-251e5da92c7b","local_time":"20210127111602","is_ascension_mode":true,"campfire_choices":[{"data":"Prostrate","floor":6.0,"key":"SMITH"},{"data":"SignatureMove","floor":8.0,"key":"SMITH"},{"floor":16.0,"key":"REST"},{"data":"Eruption","floor":24.0,"key":"SMITH"},{"floor":33.0,"key":"REST"},{"data":"Ragnarok","floor":35.0,"key":"SMITH"},{"data":"Fasting2","floor":43.0,"key":"SMITH"},{"floor":45.0,"key":"REST"},{"floor":52.0,"key":"REST"}],"circlet_count":0,"master_deck":["Strike_P+1","Defend_P+1","Defend_P+1","Defend_P+1","Defend_P+1","Eruption+1","Vigilance","Prostrate+1","Fasting2+1","SignatureMove+1","WreathOfFlame+1","Halt+1","Predator","Escape Plan+1","ClearTheMind+1","Ragnarok+1","Halt+1","ClearTheMind+1","LikeWater","CarveReality","Dramatic Entrance","Replay:AtTheReady+1","FollowUp","DeceiveReality+1","SandsOfTime","FlyingSleeves+1","Worship+1","ReplayTheSpireMod:Splinters","Crescendo+1","ThirdEye+1","Judgement+1","Establishment","JustLucky+1","Protect+1","Pray+1","JustLucky","Trip+1","LikeWater","Ragnarok","Evaluate+1","Parasite","Prostrate+1"],"relics":["NeowsBlessing","Iron Hammer","Replay:M_StaffOfTheSnake","Toxic Egg 2","Question Card","Centennial Puzzle","Empty Cage","BargainBundle","Replay:Baseball","Durian","Lizard Tail","Toy Ornithopter","Replay:Wanted Poster","StoneCalendar","Ring of Searing","Ring of Misfortune","GoldenEye","Happy Flower","Akabeko","Pet Ghost"],"acts_visited":["Exordium","TheCity","TheBeyond"],"potions_floor_usage":[53],"damage_taken":[{"damage":0.0,"enemies":"Cultist","floor":1.0,"turns":1.0},{"damage":0.0,"enemies":"Lagavulin","floor":7.0,"turns":1.0},{"damage":0.0,"enemies":"Gremlin Nob","floor":11.0,"turns":1.0},{"damage":3.0,"enemies":"2 Louse","floor":12.0,"turns":3.0},{"damage":11.0,"enemies":"Small Slimes","floor":13.0,"turns":5.0},{"damage":5.0,"enemies":"Blue Slaver","floor":14.0,"turns":3.0},{"damage":8.0,"enemies":"2 Fungi Beasts","floor":15.0,"turns":3.0},{"damage":33.0,"enemies":"Hexaghost","floor":17.0,"turns":9.0},{"damage":0.0,"enemies":"Spheric Guardian","floor":19.0,"turns":2.0},{"damage":2.0,"enemies":"3 Byrds","floor":21.0,"turns":4.0},{"damage":0.0,"enemies":"Cultist and Chosen","floor":22.0,"turns":4.0},{"damage":0.0,"enemies":"Snecko","floor":25.0,"turns":3.0},{"damage":0.0,"enemies":"Slavers","floor":26.0,"turns":1.0},{"damage":23.0,"enemies":"Centurion and Healer","floor":32.0,"turns":6.0},{"damage":8.0,"enemies":"Collector","floor":36.0,"turns":9.0},{"damage":7.0,"enemies":"3 Darklings","floor":38.0,"turns":4.0},{"damage":5.0,"enemies":"Mind Bloom Boss Battle","floor":39.0,"turns":5.0},{"damage":5.0,"enemies":"Orb Walker","floor":41.0,"turns":2.0},{"damage":19.0,"enemies":"2 Orb Walkers","floor":44.0,"turns":5.0},{"damage":15.0,"enemies":"Reptomancer","floor":48.0,"turns":4.0},{"damage":33.0,"enemies":"3 Darklings","floor":50.0,"turns":3.0},{"damage":1.0,"enemies":"Writhing Mass","floor":51.0,"turns":4.0},{"damage":47,"enemies":"Donu and Deca","floor":53,"turns":6}],"seed_played":"2628202979901730134","potions_obtained":[{"floor":7.0,"key":"BlessingOfTheForge"},{"floor":13.0,"key":"Swift Potion"},{"floor":15.0,"key":"BottledMiracle"},{"floor":19.0,"key":"Ambrosia"},{"floor":22.0,"key":"SteroidPotion"},{"floor":25.0,"key":"Death Potion"},{"floor":38.0,"key":"Toxic Potion"}],"is_trial":false,"path_per_floor":["M","$","?","?","?","R","E","R","T","T","E","M","M","M","M","R","B",null,"M","$","M","M","?","R","M","E","T","PTL","PTL","?","?","M","R","?","R","B",null,"M","?","?","M","?","R","?","R","T","$","E","$","M","M","R","B",null],"character_chosen":"WATCHER","items_purchased":["Fasting2","BargainBundle","ClearTheMind+1","LikeWater","CarveReality","Dramatic Entrance","Replay:Baseball","SkillPotion","DistilledChaos","Replay:AtTheReady+1","FollowUp","Trip+1","Akabeko","LikeWater","Fruit Juice","Strength Potion","BottledMiracle"],"campfire_rested":4,"item_purchase_floors":[2,20,20,20,20,20,20,20,20,20,20,47,47,47,47,47,49],"current_hp_per_floor":[65,65,65,65,65,65,65,65,65,65,65,62,51,46,38,59,26,61,61,61,59,59,59,59,59,64,64,64,64,64,64,41,64,64,64,56,72,65,60,60,55,55,55,36,59,59,69,54,54,21,20,44,2],"gold":46,"neow_bonus":"THREE_ENEMY_KILL","is_daily":false,"chose_seed":false,"campfire_upgraded":5,"win_rate":0.0,"timestamp":1611764162,"path_taken":["M","?","?","?","?","R","E","R","T","T","E","M","?","M","M","R","BOSS","M","$","M","M","?","R","M","E","T","PTL","PTL","?","?","M","R","?","R","BOSS","M","?","?","M","?","R","?","R","T","$","E","?","M","?","R","BOSS"],"items_purchased_type":["Card","Relic","Card","Card","Card","Card","Relic","Potion","Potion","Card","Card","Card","Relic","Card","Potion","Potion","Potion"],"build_version":"2020-12-22","purchased_purges":1,"victory":true,"max_hp_per_floor":[72,72,72,72,72,72,72,72,72,72,72,72,72,72,72,72,72,72,72,72,72,72,72,72,72,77,77,77,77,77,77,77,77,77,77,77,77,77,77,77,77,77,77,77,77,77,82,82,82,82,82,82,82],"card_choices":[{"not_picked":["FlurryOfBlows","Replay:BluntJabs"],"picked":"Prostrate","floor":1.0},{"not_picked":["InnerPeace+1","ThirdEye+1"],"picked":"SignatureMove","floor":7.0},{"not_picked":["Evaluate+1","Replay:AtTheReady+1","Weave"],"picked":"WreathOfFlame+1","floor":11.0},{"not_picked":["CutThroughFate","SashWhip","Flying Knee"],"picked":"Halt+1","floor":12.0},{"not_picked":["Adaptation","PathToVictory+1","LikeWater"],"picked":"Predator","floor":13.0},{"not_picked":["Nirvana","SandsOfTime","CutThroughFate"],"picked":"Escape Plan+1","floor":14.0},{"not_picked":["Replay:Hum+1","Replay:DivineShield+1","EmptyFist"],"picked":"ClearTheMind+1","floor":15.0},{"not_picked":["Alpha+1","Wraith Form v2","Die Die Die"],"picked":"Ragnarok","floor":17.0},{"not_picked":["ReachHeaven","Conclude","MentalFortress"],"picked":"Halt+1","floor":19.0},{"not_picked":["WheelKick","Replay:ManipulateFuture+1","CutThroughFate+1"],"picked":"DeceiveReality+1","floor":21.0},{"not_picked":["SashWhip+1","Replay:Hum+1","BattleHymn"],"picked":"SandsOfTime","floor":22.0},{"not_picked":["EmptyBody+1","Halt+1","Replay:BluntJabs"],"picked":"FlyingSleeves+1","floor":25.0},{"not_picked":["ConjureBlade+1","Sanctity+1","Collect+1"],"picked":"Worship+1","floor":26.0},{"not_picked":["JustLucky+1","Predator","Consecrate"],"picked":"Crescendo+1","floor":31.0},{"not_picked":["Consecrate","CrushJoints","Replay:AtTheReady+1"],"picked":"ThirdEye+1","floor":31.0},{"not_picked":["BowlingBash+1","SandsOfTime","FlyingSleeves+1"],"picked":"Judgement+1","floor":32.0},{"not_picked":["Alpha+1","Replay:AllIn+1","Brilliance"],"picked":"Establishment","floor":36.0},{"not_picked":["EmptyFist+1","Perseverance+1","Replay:Vibes+1"],"picked":"JustLucky+1","floor":38.0},{"not_picked":["InnerPeace+1","Replay:Cycle+1","CrushJoints"],"picked":"Protect+1","floor":39.0},{"not_picked":["SignatureMove","CrushJoints+1","Crescendo+1"],"picked":"Pray+1","floor":41.0},{"not_picked":["PathToVictory+1","Replay:Vibes+1","BowlingBash+1"],"picked":"JustLucky","floor":44.0},{"not_picked":["Adaptation+1","TalkToTheHand","ClearTheMind+1"],"picked":"Ragnarok","floor":48.0},{"not_picked":["Protect+1","JustLucky+1","Replay:DivineShield+1"],"picked":"Evaluate+1","floor":50.0},{"not_picked":["Replay:ManipulateFuture+1","Protect+1","SashWhip+1"],"picked":"Prostrate+1","floor":51.0}],"player_experience":600470,"relics_obtained":[{"floor":7.0,"key":"Toxic Egg 2"},{"floor":9.0,"key":"Question Card"},{"floor":11.0,"key":"Centennial Puzzle"},{"floor":26.0,"key":"Durian"},{"floor":27.0,"key":"Lizard Tail"},{"floor":31.0,"key":"Toy Ornithopter"},{"floor":39.0,"key":"StoneCalendar"},{"floor":40.0,"key":"Ring of Searing"},{"floor":40.0,"key":"Ring of Misfortune"},{"floor":44.0,"key":"GoldenEye"},{"floor":46.0,"key":"Happy Flower"},{"floor":48.0,"key":"Pet Ghost"}],"event_choices":[{"damage_healed":0.0,"max_hp_gain":0.0,"max_hp_loss":0.0,"gold_gain":0.0,"event_name":"Big Fish","player_choice":"Box","floor":3.0,"gold_loss":0.0,"damage_taken":0.0,"relics_obtained":["Iron Hammer"],"cards_obtained":["Regret"]},{"damage_healed":0.0,"max_hp_gain":0.0,"max_hp_loss":0.0,"gold_gain":0.0,"event_name":"Back to Basics","player_choice":"Simplicity","floor":23.0,"gold_loss":0.0,"damage_taken":0.0,"cards_upgraded":["Strike_P","Defend_P","Defend_P","Defend_P","Defend_P"]},{"damage_healed":0.0,"max_hp_gain":0.0,"max_hp_loss":0.0,"gold_gain":0.0,"event_name":"Vampires","player_choice":"Ignored","floor":30.0,"gold_loss":0.0,"damage_taken":0.0},{"damage_healed":0.0,"max_hp_gain":0.0,"max_hp_loss":0.0,"gold_gain":0.0,"event_name":"MindBloom","player_choice":"Fight","floor":39.0,"gold_loss":0.0,"damage_taken":0.0},{"damage_healed":0.0,"max_hp_gain":0.0,"max_hp_loss":0.0,"gold_gain":0.0,"event_name":"Tomb of Lord Red Mask","player_choice":"Ignored","floor":42.0,"gold_loss":0.0,"damage_taken":0.0},{"damage_healed":0.0,"max_hp_gain":0.0,"max_hp_loss":0.0,"gold_gain":0.0,"event_name":"Mysterious Sphere","player_choice":"Fight","floor":44.0,"gold_loss":0.0,"damage_taken":0.0}],"is_beta":false,"boss_relics":[{"not_picked":["Astrolabe","Cursed Key"],"picked":"Empty Cage"},{"not_picked":["Runic Pyramid","Philosopher\u0027s Stone"],"picked":"Replay:Wanted Poster"}],"items_purged_floors":[20],"is_endless":false,"potions_floor_spawned":[7,13,15,19,22,25,38,39,48],"ascension_level":7}}