{"host":"a1eatafr7pisesky","time":1611735246,"event":{"mods":["AchievementEnabler","BaseMod","Colored Map","Keyboard Shortcuts","Minty Spire (QoL Compilation)","Say the Spire","StSLib","SuperFastMode","everything is the same but u backflip on backflip"],"gold_per_floor":[116,116,131,131,56,88,88,100,124,124,159,10,10,65,65,166,216,228,228,244,45,61,61,61,61],"floor_reached":24,"language":"KOR","playtime":734,"items_purged":["Defend_B","Strike_B","Strike_B"],"score":348,"play_id":"5f2e89be-35f1-4cf4-b080-bd27b0bed4cc","local_time":"20210127171406","is_ascension_mode":true,"campfire_choices":[{"floor":7,"key":"REST"},{"data":"Dualcast","floor":10,"key":"SMITH"},{"floor":15,"key":"REST"},{"floor":23,"key":"REST"}],"circlet_count":0,"master_deck":["AscendersBane","Strike_B","Strike_B+1","Defend_B","Defend_B","Defend_B+1","Zap","Dualcast+1","Finesse","Recycle","Undo","Reboot","Turbo","Glacier+1","Chaos","Buffer","Ball Lightning","Coolheaded","Storm","Ghostly","Ghostly","Ghostly","Ghostly","Ghostly","Core Surge","Hologram","Heatsinks"],"relics":["Cracked Core","Omamori","Prayer Wheel","Pen Nib","Symbiotic Virus","Bird Faced Urn","Tiny House"],"acts_visited":["Exordium","TheCity"],"potions_floor_usage":[14,14],"damage_taken":[{"damage":2,"enemies":"Small Slimes","floor":1,"turns":3},{"damage":0,"enemies":"Cultist","floor":3,"turns":3},{"damage":40,"enemies":"3 Sentries","floor":6,"turns":8},{"damage":2,"enemies":"2 Louse","floor":8,"turns":3},{"damage":16,"enemies":"Lagavulin","floor":11,"turns":9},{"damage":7,"enemies":"Gremlin Nob","floor":14,"turns":4},{"damage":29,"enemies":"Slime Boss","floor":16,"turns":15},{"damage":33,"enemies":"3 Byrds","floor":18,"turns":5},{"damage":0,"enemies":"Shell Parasite","floor":20,"turns":7},{"damage":18,"enemies":"Shelled Parasite and Fungi","floor":22,"turns":9},{"damage":44,"enemies":"Book of Stabbing","floor":24,"turns":7}],"seed_played":"-7698108084026006136","potions_obtained":[{"floor":3,"key":"SkillPotion"},{"floor":6,"key":"EssenceOfSteel"},{"floor":14,"key":"SpeedPotion"},{"floor":17,"key":"ColorlessPotion"},{"floor":22,"key":"Swift Potion"}],"is_trial":false,"path_per_floor":["M","?","M","?","$","E","R","M","T","R","E","$","?","?","R","B",null,"M","?","M","$","M","R","E"],"character_chosen":"DEFECT","items_purchased":["Block Potion","Heatsinks"],"campfire_rested":3,"item_purchase_floors":[12,21],"current_hp_per_floor":[66,71,71,71,71,31,55,53,53,53,37,37,21,14,38,9,67,34,34,36,36,24,36,0,0],"gold":61,"neow_bonus":"RANDOM_COLORLESS","is_daily":false,"chose_seed":false,"campfire_upgraded":1,"win_rate":0.0,"timestamp":1611735246,"path_taken":["M","?","M","?","$","E","R","?","T","R","E","$","?","?","R","BOSS","M","?","M","$","M","R","E"],"items_purchased_type":["Potion","Card"],"build_version":"2020-12-22","purchased_purges":3,"victory":false,"max_hp_per_floor":[75,80,80,80,80,80,80,80,80,80,80,80,80,80,80,80,85,85,42,42,42,42,42,42,42],"card_choices":[{"not_picked":["Flash of Steel","PanicButton"],"picked":"Finesse","floor":0},{"not_picked":["Double Energy","Redo"],"picked":"Recycle","floor":1},{"not_picked":["Hologram","Gash"],"picked":"Undo","floor":3},{"not_picked":["Coolheaded","Barrage"],"picked":"Reboot","floor":6},{"not_picked":["Rebound","Redo"],"picked":"Turbo","floor":8},{"not_picked":["Recycle","Thunder Strike"],"picked":"Glacier","floor":8},{"not_picked":["Loop","Scrape"],"picked":"Chaos","floor":11},{"not_picked":["Core Surge","Multi-Cast"],"picked":"Buffer","floor":16},{"not_picked":["Rebound","Lockon"],"picked":"Ball Lightning","floor":17},{"not_picked":["Rip and Tear","Rebound"],"picked":"Coolheaded","floor":18},{"not_picked":["Loop","Stack"],"picked":"Storm","floor":18},{"not_picked":["Go for the Eyes","Stack"],"picked":"Core Surge","floor":20},{"not_picked":["Blizzard","Go for the Eyes"],"picked":"Hologram","floor":20},{"not_picked":["Rebound+1","Go for the Eyes","Tempest"],"picked":"SKIP","floor":22},{"not_picked":["Coolheaded","Gash","Compile Driver"],"picked":"SKIP","floor":22}],"player_experience":362733,"relics_obtained":[{"floor":6,"key":"Prayer Wheel"},{"floor":9,"key":"Pen Nib"},{"floor":11,"key":"Symbiotic Virus"},{"floor":14,"key":"Bird Faced Urn"}],"event_choices":[{"damage_healed":0,"gold_gain":0,"player_choice":"Donut","damage_taken":0,"max_hp_gain":5,"max_hp_loss":0,"event_name":"Big Fish","floor":2,"gold_loss":0},{"damage_healed":0,"gold_gain":0,"player_choice":"Gave Potion","damage_taken":0,"relics_obtained":["Omamori"],"max_hp_gain":0,"max_hp_loss":0,"event_name":"WeMeetAgain","floor":4,"gold_loss":0},{"damage_healed":0,"gold_gain":0,"player_choice":"Entered Light","damage_taken":16,"max_hp_gain":0,"max_hp_loss":0,"event_name":"Shining Light","floor":13,"gold_loss":0,"cards_upgraded":["Strike_B","Defend_B"]},{"damage_healed":0,"gold_gain":0,"player_choice":"Searched \u00272\u0027 times","damage_taken":0,"max_hp_gain":0,"max_hp_loss":0,"event_name":"Dead Adventurer","floor":14,"gold_loss":0},{"damage_healed":0,"gold_gain":0,"player_choice":"Became a Ghost","damage_taken":0,"max_hp_gain":0,"max_hp_loss":43,"event_name":"Ghosts","floor":19,"gold_loss":0,"cards_obtained":["Ghostly","Ghostly","Ghostly","Ghostly","Ghostly"]}],"is_beta":false,"boss_relics":[{"not_picked":["Cursed Key","Velvet Choker"],"picked":"Tiny House"}],"items_purged_floors":[5,12,21],"is_endless":false,"potions_floor_spawned":[3,6,14,22],"killed_by":"Book of Stabbing","ascension_level":12}}