{"host":"z9811rt50ti81n54","time":1611725522,"event":{"mods":["BaseMod","Minty Spire (QoL Compilation)","Reliquary","StSLib"],"gold_per_floor":[410,53,68,243,260,260,260,260,260,260,279,379,22,32,32,137,137,122,122,122,134,59,90,5,5,5,17,17,17,17,35,35,131,131,145,195,195,210,222,222,240,257,257,282,282,88,101,114,114,114],"floor_reached":51,"language":"ENG","playtime":1550,"items_purged":["Doubt"],"score":812,"play_id":"9ca7f555-6a0d-4fb7-a0bd-c047ee162372","local_time":"20210127143202","is_ascension_mode":false,"campfire_choices":[{"data":"Footwork","floor":6,"key":"SMITH"},{"data":"Neutralize","floor":8,"key":"SMITH"},{"data":"Calculated Gamble","floor":10,"key":"SMITH"},{"data":"Catalyst","floor":15,"key":"SMITH"},{"data":"Catalyst","floor":25,"key":"SMITH"},{"data":"Venomology","floor":28,"key":"SMITH"},{"data":"Bouncing Flask","floor":32,"key":"SMITH"},{"data":"Adrenaline","floor":40,"key":"SMITH"},{"data":"Catalyst","floor":49,"key":"SMITH"}],"circlet_count":0,"master_deck":["Defend_G","Defend_G","Defend_G","Defend_G","Defend_G","Survivor","Neutralize+1","Dagger Spray","Catalyst+1","Footwork+1","Calculated Gamble+1","Poisoned Stab","Catalyst+1","Backflip","Venomology+1","Bite","Bite","Bite","Poisoned Stab+1","Bouncing Flask+1","Deadly Poison+1","Adrenaline+1","Escape Plan+1","Dodge and Roll+1","Crippling Poison+1","Leg Sweep+1","Catalyst+1","Backflip"],"relics":["Ring of the Snake","Old Coin","reliquary:PrincelyHelmet","Singing Bowl","reliquary:Firecrackers","SacredBark","White Beast Statue","reliquary:RadioactivePellet","The Specimen","Coffee Dripper","CaptainsWheel","Frozen Egg 2","reliquary:TatteredRug","Oddly Smooth Stone"],"acts_visited":["Exordium","TheCity","TheBeyond"],"potions_floor_usage":[16,21,23,23,27,31,33,33,33,35,36,36,38,41,42,44,44,47,47,50,50,50,50,50,50],"damage_taken":[{"damage":0,"enemies":"Small Slimes","floor":1,"turns":4},{"damage":0,"enemies":"Jaw Worm","floor":3,"turns":4},{"damage":0,"enemies":"Cultist","floor":5,"turns":5},{"damage":0,"enemies":"Looter","floor":11,"turns":5},{"damage":0,"enemies":"Lots of Slimes","floor":14,"turns":2},{"damage":16,"enemies":"Slime Boss","floor":16,"turns":12},{"damage":7,"enemies":"2 Thieves","floor":18,"turns":4},{"damage":13,"enemies":"Spheric Guardian","floor":21,"turns":7},{"damage":10,"enemies":"Book of Stabbing","floor":23,"turns":4},{"damage":4,"enemies":"Centurion and Healer","floor":27,"turns":6},{"damage":0,"enemies":"3 Cultists","floor":31,"turns":4},{"damage":6,"enemies":"Automaton","floor":33,"turns":5},{"damage":0,"enemies":"Orb Walker","floor":35,"turns":2},{"damage":0,"enemies":"Mind Bloom Boss Battle","floor":36,"turns":4},{"damage":0,"enemies":"3 Shapes","floor":38,"turns":3},{"damage":0,"enemies":"Sphere and 2 Shapes","floor":39,"turns":4},{"damage":4,"enemies":"Jaw Worm Horde","floor":41,"turns":3},{"damage":2,"enemies":"Maw","floor":42,"turns":3},{"damage":0,"enemies":"Giant Head","floor":44,"turns":3},{"damage":0,"enemies":"3 Darklings","floor":47,"turns":2},{"damage":0,"enemies":"Jaw Worm Horde","floor":48,"turns":2},{"damage":0,"enemies":"Awakened One","floor":50,"turns":12}],"seed_played":"6020950275004827894","potions_obtained":[{"floor":5,"key":"SkillPotion"},{"floor":14,"key":"Dexterity Potion"},{"floor":18,"key":"Weak Potion"},{"floor":27,"key":"AttackPotion"},{"floor":33,"key":"Fire Potion"},{"floor":35,"key":"SpeedPotion"},{"floor":36,"key":"BlessingOfTheForge"},{"floor":42,"key":"PowerPotion"},{"floor":44,"key":"EssenceOfSteel"},{"floor":47,"key":"Block Potion"},{"floor":48,"key":"DuplicationPotion"}],"is_trial":false,"path_per_floor":["M","$","M","?","M","R","?","R","T","R","M","?","$","M","R","B",null,"M","?","?","M","?","E","?","R","T","M","R","$","?","M","R","B",null,"M","?","?","M","M","R","M","M","T","E","?","$","M","M","R","B",null],"character_chosen":"THE_SILENT","items_purchased":["reliquary:PrincelyHelmet","Catalyst","reliquary:Firecrackers","Catalyst","EntropicBrew","Catalyst","Backflip"],"campfire_rested":0,"item_purchase_floors":[2,2,13,13,46,46,46],"current_hp_per_floor":[63,63,63,63,63,63,68,68,68,68,68,68,68,68,68,52,68,63,49,49,42,42,36,36,36,36,51,51,51,51,51,51,45,51,51,51,61,61,63,63,65,67,67,67,67,67,69,71,71,71],"gold":114,"neow_bonus":"ONE_RARE_RELIC","is_daily":false,"chose_seed":false,"campfire_upgraded":9,"win_rate":0.0,"timestamp":1611725522,"path_taken":["M","$","M","?","M","R","?","R","T","R","M","?","$","M","R","BOSS","M","?","?","?","?","E","?","R","T","M","R","$","?","M","R","BOSS","M","?","?","M","?","R","M","M","T","E","?","$","?","M","R","BOSS"],"items_purchased_type":["Relic","Card","Relic","Card","Potion","Card","Card"],"build_version":"2020-12-22","purchased_purges":1,"victory":true,"max_hp_per_floor":[63,63,63,63,63,63,68,68,68,68,68,68,68,68,68,68,68,70,49,49,49,49,49,49,49,49,51,51,51,51,51,51,51,51,51,51,61,61,63,63,65,67,67,67,67,67,69,71,71,71],"card_choices":[{"not_picked":["Setup","Deadly Poison"],"picked":"Dagger Spray","floor":1},{"not_picked":["Quick Slash","Flying Knee"],"picked":"Footwork","floor":3},{"not_picked":["Bane","Slice"],"picked":"Calculated Gamble","floor":5},{"not_picked":["Flechettes","Underhanded Strike"],"picked":"Poisoned Stab","floor":11},{"not_picked":["Underhanded Strike","All Out Attack"],"picked":"Backflip","floor":14},{"not_picked":["Unload","Glass Knife"],"picked":"Venomology","floor":16},{"not_picked":["Concentrate","Blade Dance","Predator"],"picked":"Singing Bowl","floor":18},{"not_picked":["Prepared","Quick Slash+1"],"picked":"Poisoned Stab+1","floor":21},{"not_picked":["Distraction+1","All Out Attack"],"picked":"Malaise","floor":23},{"not_picked":["Dagger Throw+1","Quick Slash","Deflect"],"picked":"Singing Bowl","floor":27},{"not_picked":["Dagger Throw+1","Dash"],"picked":"Deadly Poison+1","floor":31},{"not_picked":["A Thousand Cuts","Glass Knife"],"picked":"Adrenaline","floor":33},{"not_picked":["Acrobatics+1","PiercingWail"],"picked":"Escape Plan+1","floor":35},{"not_picked":["Dash+1","Blade Dance"],"picked":"Dodge and Roll+1","floor":36},{"not_picked":["Dagger Throw","Tactician+1"],"picked":"Crippling Poison+1","floor":38},{"not_picked":["Noxious Fumes","Distraction","Bane"],"picked":"Singing Bowl","floor":39},{"not_picked":["Poisoned Stab","Skewer+1","Deadly Poison"],"picked":"Singing Bowl","floor":41},{"not_picked":["Glass Knife","Riddle With Holes+1","Accuracy"],"picked":"Singing Bowl","floor":42},{"not_picked":["Dagger Spray","Cloak And Dagger"],"picked":"Leg Sweep+1","floor":44},{"not_picked":["Outmaneuver","Sucker Punch","Slice"],"picked":"Singing Bowl","floor":47},{"not_picked":["Prepared","Footwork+1","Dash"],"picked":"Singing Bowl","floor":48}],"player_experience":418273,"relics_obtained":[{"floor":9,"key":"Singing Bowl"},{"floor":23,"key":"White Beast Statue"},{"floor":26,"key":"The Specimen"},{"floor":36,"key":"CaptainsWheel"},{"floor":43,"key":"Frozen Egg 2"},{"floor":44,"key":"reliquary:TatteredRug"}],"event_choices":[{"damage_healed":0,"gold_gain":175,"player_choice":"AGREE","damage_taken":0,"max_hp_gain":0,"max_hp_loss":0,"event_name":"Liars Game","floor":4,"gold_loss":0,"cards_obtained":["Doubt"]},{"damage_healed":0,"gold_gain":0,"player_choice":"Donut","damage_taken":0,"max_hp_gain":5,"max_hp_loss":0,"event_name":"Big Fish","floor":7,"gold_loss":0},{"damage_healed":0,"gold_gain":100,"player_choice":"Pray","damage_taken":0,"max_hp_gain":0,"max_hp_loss":0,"event_name":"Golden Shrine","floor":12,"gold_loss":0},{"damage_healed":0,"gold_gain":0,"player_choice":"Became a vampire","damage_taken":0,"max_hp_gain":0,"max_hp_loss":21,"event_name":"Vampires","floor":19,"gold_loss":0,"cards_obtained":["Bite","Bite","Bite","Bite","Bite"]},{"cards_removed":["Bite"],"damage_healed":0,"gold_gain":0,"player_choice":"Purged","damage_taken":0,"max_hp_gain":0,"max_hp_loss":0,"event_name":"Purifier","floor":20,"gold_loss":0},{"cards_removed":["Bite"],"damage_healed":0,"gold_gain":0,"player_choice":"Gave Gold","damage_taken":0,"max_hp_gain":0,"max_hp_loss":0,"event_name":"Beggar","floor":22,"gold_loss":75},{"damage_healed":0,"gold_gain":0,"player_choice":"Obtained Relic","damage_taken":0,"relics_obtained":["reliquary:RadioactivePellet"],"max_hp_gain":0,"max_hp_loss":0,"event_name":"Addict","floor":24,"gold_loss":85},{"damage_healed":0,"gold_gain":0,"player_choice":"Read","damage_taken":0,"max_hp_gain":0,"max_hp_loss":0,"event_name":"The Library","floor":30,"gold_loss":0,"cards_obtained":["Bouncing Flask"]},{"damage_healed":0,"gold_gain":0,"player_choice":"Fight","damage_taken":0,"max_hp_gain":0,"max_hp_loss":0,"event_name":"MindBloom","floor":36,"gold_loss":0},{"cards_removed":["Malaise"],"damage_healed":0,"gold_gain":0,"player_choice":"Offered Rare","damage_taken":0,"max_hp_gain":10,"max_hp_loss":0,"event_name":"Bonfire Elementals","floor":37,"gold_loss":0},{"damage_healed":0,"gold_gain":0,"player_choice":"Gave Potion","damage_taken":0,"relics_obtained":["Oddly Smooth Stone"],"max_hp_gain":0,"max_hp_loss":0,"event_name":"WeMeetAgain","floor":45,"gold_loss":0}],"is_beta":false,"boss_relics":[{"not_picked":["HoveringKite","reliquary:Ember"],"picked":"SacredBark"},{"not_picked":["SlaversCollar","Fusion Hammer"],"picked":"Coffee Dripper"}],"items_purged_floors":[13],"is_endless":false,"potions_floor_spawned":[5,14,18,21,27,31,33,35,36,38,39,41,42,44,47,48],"ascension_level":0}}