{"host":"sav7uxregyirlf69","time":1611758469,"event":{"mods":["AchievementEnabler","BaseMod","Colored Map","DeckTracker","Keyboard Shortcuts","Minty Spire (QoL Compilation)","READ ME - Guardian Mod","StSLib","SuperFastMode"],"gold_per_floor":[117,117,135,145,163,163,196,212,286,304,319,353,353,265,265,340,340,358,273,289,47,57,57,57,57],"floor_reached":24,"language":"KOR","playtime":426,"items_purged":[],"score":420,"play_id":"64f977aa-b6b1-400e-b6ac-9eec2c7aa98e","local_time":"20210127234109","is_ascension_mode":true,"campfire_choices":[{"data":"Perfected Strike","floor":6,"key":"SMITH"},{"data":"Perfected Strike","floor":13,"key":"SMITH"},{"data":"Perfected Strike","floor":15,"key":"SMITH"},{"data":"Barricade","floor":23,"key":"SMITH"}],"circlet_count":0,"master_deck":["AscendersBane","Strike_R","Strike_R","Strike_R","Strike_R","Strike_R","Defend_R","Defend_R","Defend_R","Defend_R","Bash","Perfected Strike+1","Perfected Strike+1","Pommel Strike","Shrug It Off","Offering","Perfected Strike+1","Second Wind","Seeing Red","Sentinel","Evolve","Barricade+1","Battle Trance","Shrug It Off","Feel No Pain"],"relics":["Burning Blood","Charon\u0027s Ashes","Eternal Feather","Lizard Tail","Coffee Dripper","Orichalcum","Strange Spoon"],"acts_visited":["Exordium","TheCity"],"potions_floor_usage":[7,12,22,24],"damage_taken":[{"damage":0,"enemies":"2 Louse","floor":1,"turns":2},{"damage":1,"enemies":"Cultist","floor":3,"turns":3},{"damage":7,"enemies":"Jaw Worm","floor":4,"turns":3},{"damage":13,"enemies":"2 Fungi Beasts","floor":5,"turns":3},{"damage":32,"enemies":"Lagavulin","floor":7,"turns":5},{"damage":7,"enemies":"Looter","floor":8,"turns":3},{"damage":7,"enemies":"3 Louse","floor":10,"turns":2},{"damage":8,"enemies":"Blue Slaver","floor":11,"turns":2},{"damage":16,"enemies":"3 Sentries","floor":12,"turns":4},{"damage":73,"enemies":"The Guardian","floor":16,"turns":11},{"damage":6,"enemies":"Chosen","floor":18,"turns":3},{"damage":5,"enemies":"Spheric Guardian","floor":20,"turns":3},{"damage":32,"enemies":"Snake Plant","floor":22,"turns":4},{"damage":72,"enemies":"Gremlin Leader","floor":24,"turns":6}],"seed_played":"-129699889209497619","potions_obtained":[{"floor":1,"key":"FearPotion"},{"floor":8,"key":"GamblersBrew"},{"floor":11,"key":"Energy Potion"},{"floor":12,"key":"SteroidPotion"},{"floor":20,"key":"SkillPotion"}],"is_trial":false,"path_per_floor":["M","?","M","M","M","R","E","M","T","M","M","E","R","$","R","B",null,"M","?","M","$","M","R","E"],"character_chosen":"IRONCLAD","items_purchased":["Evolve","Feel No Pain","Strange Spoon"],"campfire_rested":0,"item_purchase_floors":[14,21,21],"current_hp_per_floor":[74,74,75,74,67,67,41,40,40,39,37,27,39,39,51,28,63,63,63,64,64,38,53,0,0],"gold":57,"neow_bonus":"THREE_CARDS","is_daily":false,"chose_seed":false,"campfire_upgraded":4,"win_rate":0.0,"timestamp":1611758469,"path_taken":["M","?","M","M","M","R","E","M","T","?","M","E","R","$","R","BOSS","M","?","M","$","M","R","E"],"items_purchased_type":["Card","Card","Relic"],"build_version":"2020-12-22","purchased_purges":0,"victory":false,"max_hp_per_floor":[75,75,75,75,75,75,75,75,75,75,75,75,75,75,75,75,75,75,75,75,75,75,75,75,75],"card_choices":[{"not_picked":["Thunderclap","Iron Wave"],"picked":"Perfected Strike","floor":0},{"not_picked":["Rampage","Twin Strike"],"picked":"Perfected Strike","floor":1},{"not_picked":["Feel No Pain","Flex"],"picked":"Pommel Strike","floor":3},{"not_picked":["Metallicize","Intimidate","Inflame"],"picked":"SKIP","floor":4},{"not_picked":["Flex","Blood for Blood"],"picked":"Shrug It Off","floor":5},{"not_picked":["Cleave","Warcry"],"picked":"Offering","floor":7},{"not_picked":["Entrench","True Grit"],"picked":"Perfected Strike","floor":8},{"not_picked":["Entrench","Headbutt"],"picked":"Second Wind","floor":10},{"not_picked":["Reckless Charge","True Grit"],"picked":"Seeing Red","floor":11},{"not_picked":["Burning Pact","Seeing Red"],"picked":"Sentinel","floor":12},{"not_picked":["Immolate","Reaper"],"picked":"Barricade","floor":16},{"not_picked":["Havoc","Clothesline"],"picked":"Battle Trance","floor":18},{"not_picked":["Disarm","Rage"],"picked":"Shrug It Off","floor":20},{"not_picked":["Blood for Blood","Clash","Wild Strike"],"picked":"SKIP","floor":22}],"player_experience":1402961,"relics_obtained":[{"floor":7,"key":"Charon\u0027s Ashes"},{"floor":9,"key":"Eternal Feather"},{"floor":12,"key":"Lizard Tail"}],"event_choices":[{"damage_healed":0,"gold_gain":0,"player_choice":"Ignored","damage_taken":0,"max_hp_gain":0,"max_hp_loss":0,"event_name":"Transmorgrifier","floor":2,"gold_loss":0},{"damage_healed":0,"gold_gain":0,"player_choice":"Obtained Relic","damage_taken":0,"relics_obtained":["Orichalcum"],"max_hp_gain":0,"max_hp_loss":0,"event_name":"Addict","floor":19,"gold_loss":85}],"is_beta":false,"boss_relics":[{"not_picked":["Tiny House","Fusion Hammer"],"picked":"Coffee Dripper"}],"items_purged_floors":[],"is_endless":false,"potions_floor_spawned":[1,8,11,12,20],"killed_by":"Gremlin Leader","ascension_level":20}}