{"host":"a1eatafr7pisesky","time":1611737493,"event":{"mods":["AchievementEnabler","BaseMod","Colored Map","Keyboard Shortcuts","Minty Spire (QoL Compilation)","Say the Spire","StSLib","SuperFastMode","everything is the same but u backflip on backflip"],"gold_per_floor":[109,120,120,46,46,84,84,119,119,119,139,154,8,33,33,161,161,180,10,34,0,0,0,13,49,49,67,67,67,85,116,116,221,221,239,259,259,275,275,304,304,317,342,342,375,202,202,252,265,265,265,265,265,40,75,75],"floor_reached":57,"language":"KOR","playtime":2024,"items_purged":["Strike_B","Strike_B","Defend_B"],"score":1884,"play_id":"19c2c8aa-4bd9-42b6-b95c-a316b512c5b4","local_time":"20210127175133","is_ascension_mode":true,"campfire_choices":[{"data":"Dualcast","floor":7.0,"key":"SMITH"},{"floor":10.0,"key":"REST"},{"floor":15.0,"key":"REST"},{"data":"Defragment","floor":23.0,"key":"SMITH"},{"data":"Recycle","floor":28.0,"key":"SMITH"},{"data":"Double Energy","floor":32.0,"key":"SMITH"},{"floor":50,"key":"RECALL"},{"data":"Heatsinks","floor":53,"key":"SMITH"}],"circlet_count":0,"master_deck":["AscendersBane","Defend_B","Zap+1","Dualcast+1","Genetic Algorithm+1","Sweeping Beam","Capacitor","Barrage+1","Force Field","Defragment+1","Static Discharge","FTL+1","Self Repair","Echo Form","Capacitor","Storm","Heatsinks+1","Steam","Fusion","Loop+1","Recycle+1","Reboot","Double Energy+1","Core Surge+1","Compile Driver+1","Defragment+1","Cold Snap+1","Cold Snap+1","Electrodynamics","Hologram+1","Defragment+1","Aggregate"],"relics":["FrozenCore","NeowsBlessing","Bloody Idol","Molten Egg 2","War Paint","Bag of Preparation","Coffee Dripper","Bottled Tornado","Dead Branch","Vajra","Gremlin Horn","White Beast Statue","Mercury Hourglass","Lizard Tail","DollysMirror","Bronze Scales"],"acts_visited":["Exordium","TheCity","TheBeyond","TheEnding"],"potions_floor_usage":[],"damage_taken":[{"damage":0.0,"enemies":"2 Louse","floor":1.0,"turns":1.0},{"damage":0.0,"enemies":"Cultist","floor":2.0,"turns":1.0},{"damage":10.0,"enemies":"3 Sentries","floor":6.0,"turns":2.0},{"damage":16.0,"enemies":"Gremlin Nob","floor":8.0,"turns":4.0},{"damage":2.0,"enemies":"Jaw Worm","floor":11.0,"turns":3.0},{"damage":9.0,"enemies":"Large Slime","floor":12.0,"turns":6.0},{"damage":17.0,"enemies":"Looter","floor":14.0,"turns":3.0},{"damage":22.0,"enemies":"The Guardian","floor":16.0,"turns":9.0},{"damage":5.0,"enemies":"3 Byrds","floor":18.0,"turns":4.0},{"damage":23.0,"enemies":"Spheric Guardian","floor":20.0,"turns":4.0},{"damage":33.0,"enemies":"Centurion and Healer","floor":24.0,"turns":5.0},{"damage":4.0,"enemies":"Gremlin Leader","floor":25.0,"turns":5.0},{"damage":14.0,"enemies":"Snake Plant","floor":27.0,"turns":4.0},{"damage":12.0,"enemies":"Chosen and Byrds","floor":30.0,"turns":5.0},{"damage":16.0,"enemies":"Book of Stabbing","floor":31.0,"turns":6.0},{"damage":16.0,"enemies":"Automaton","floor":33.0,"turns":7.0},{"damage":3.0,"enemies":"Orb Walker","floor":35.0,"turns":3.0},{"damage":22.0,"enemies":"3 Shapes","floor":36.0,"turns":3.0},{"damage":0.0,"enemies":"Transient","floor":38.0,"turns":5.0},{"damage":16.0,"enemies":"Nemesis","floor":40.0,"turns":5.0},{"damage":10.0,"enemies":"Spire Growth","floor":42.0,"turns":3.0},{"damage":33.0,"enemies":"Reptomancer","floor":43.0,"turns":4.0},{"damage":0,"enemies":"Giant Head","floor":45,"turns":8},{"damage":17,"enemies":"Mind Bloom Boss Battle","floor":48,"turns":4},{"damage":25,"enemies":"Maw","floor":49,"turns":5},{"damage":21,"enemies":"Time Eater","floor":51,"turns":10},{"damage":25,"enemies":"Shield and Spear","floor":55,"turns":8},{"damage":14,"enemies":"The Heart","floor":56,"turns":10}],"seed_played":"-2038591139103257074","potions_obtained":[{"floor":2.0,"key":"PowerPotion"},{"floor":11.0,"key":"Regen Potion"},{"floor":24.0,"key":"PowerPotion"},{"floor":27.0,"key":"Regen Potion"},{"floor":30.0,"key":"EssenceOfDarkness"},{"floor":33.0,"key":"GamblersBrew"},{"floor":35.0,"key":"Regen Potion"},{"floor":43.0,"key":"FearPotion"}],"is_trial":false,"path_per_floor":["M","M","?","$","?","E","R","E","T","R","M","M","$","M","R","B",null,"M","$","M","?","?","R","M","E","T","M","R","?","M","E","R","B",null,"M","M","?","M","?","E","E","M","E","T","E","$","?","?","M","R","B",null,"R","$","E","B",null],"character_chosen":"DEFECT","items_purchased":["Capacitor","FTL+1","Storm","Cold Snap+1","DollysMirror","LiquidMemories"],"campfire_rested":2,"item_purchase_floors":[4,13,19,46,54,54],"current_hp_per_floor":[68,68,50,50,50,40,40,24,24,46,44,35,35,18,40,40,66,68,68,52,52,52,52,26,29,29,22,22,22,15,26,26,29,64,66,49,49,61,61,50,50,59,54,54,66,66,66,61,48,48,41,67,67,67,54,47],"gold":75,"neow_bonus":"THREE_ENEMY_KILL","is_daily":false,"chose_seed":false,"campfire_upgraded":5,"win_rate":0.0,"timestamp":1611737493,"path_taken":["M","M","?","$","?","E","R","E","T","R","?","M","?","M","R","BOSS","M","$","M","?","?","R","M","E","T","M","R","?","?","E","R","BOSS","M","M","?","?","?","E","E","?","E","T","E","$","?","?","M","R","BOSS","R","$","E","BOSS"],"items_purchased_type":["Card","Card","Card","Card","Relic","Potion"],"build_version":"2020-12-22","purchased_purges":3,"victory":true,"max_hp_per_floor":[75,75,75,75,75,75,75,75,75,75,75,75,75,75,75,75,75,75,75,75,75,75,75,75,75,75,75,75,75,75,75,75,75,75,75,75,75,75,75,75,75,75,75,75,75,75,75,75,75,75,75,75,75,75,75,75],"card_choices":[{"not_picked":["Beam Cell","Steam Power"],"picked":"Genetic Algorithm","floor":1.0},{"not_picked":["Go for the Eyes","Cold Snap"],"picked":"Sweeping Beam","floor":2.0},{"not_picked":["Blizzard+1","Turbo"],"picked":"Barrage+1","floor":6.0},{"not_picked":["Compile Driver+1","BootSequence"],"picked":"Force Field","floor":8.0},{"not_picked":["Double Energy","Barrage+1"],"picked":"Defragment","floor":11.0},{"not_picked":["Aggregate","Turbo"],"picked":"Static Discharge","floor":12.0},{"not_picked":["Steam","Meteor Strike+1"],"picked":"Self Repair","floor":14.0},{"not_picked":["Fission","Machine Learning"],"picked":"Echo Form","floor":16.0},{"not_picked":["Gash+1","Beam Cell+1"],"picked":"Capacitor","floor":18.0},{"not_picked":["Gash+1","Ball Lightning+1"],"picked":"Heatsinks","floor":20.0},{"not_picked":["Gash+1","Static Discharge","Redo+1"],"picked":"SKIP","floor":24.0},{"not_picked":["Hologram","White Noise"],"picked":"Loop+1","floor":25.0},{"not_picked":["Redo","Scrape+1"],"picked":"Recycle","floor":27.0},{"not_picked":["Coolheaded","Gash+1"],"picked":"Reboot","floor":30.0},{"not_picked":["Leap","Hologram"],"picked":"Double Energy","floor":31.0},{"not_picked":["Meteor Strike+1","All For One+1"],"picked":"Core Surge+1","floor":33.0},{"not_picked":["Chaos","Self Repair"],"picked":"Compile Driver+1","floor":35.0},{"not_picked":["Self Repair","Conserve Battery+1","Turbo"],"picked":"SKIP","floor":36.0},{"not_picked":["Sweeping Beam+1","Genetic Algorithm","Beam Cell+1"],"picked":"SKIP","floor":38.0},{"not_picked":["Recycle","Meteor Strike+1","All For One+1"],"picked":"SKIP","floor":40.0},{"not_picked":["Steam","Beam Cell+1"],"picked":"Cold Snap+1","floor":42.0},{"not_picked":["Go for the Eyes+1","Static Discharge","Barrage+1"],"picked":"SKIP","floor":43.0},{"not_picked":["Auto Shields+1","Ball Lightning+1","Tempest"],"picked":"SKIP","floor":45},{"not_picked":["Reprogram","Redo"],"picked":"Electrodynamics","floor":48},{"not_picked":["Cold Snap+1","Streamline+1"],"picked":"Hologram+1","floor":49},{"not_picked":["Ball Lightning+1","Defragment"],"picked":"Aggregate","floor":55}],"player_experience":363467,"relics_obtained":[{"floor":6.0,"key":"Molten Egg 2"},{"floor":8.0,"key":"War Paint"},{"floor":9.0,"key":"Bag of Preparation"},{"floor":25.0,"key":"Bottled Tornado"},{"floor":26.0,"key":"Dead Branch"},{"floor":31.0,"key":"Vajra"},{"floor":40.0,"key":"Gremlin Horn"},{"floor":43.0,"key":"White Beast Statue"},{"floor":45,"key":"Mercury Hourglass"},{"floor":48,"key":"Lizard Tail"},{"floor":55,"key":"Bronze Scales"}],"event_choices":[{"damage_healed":0.0,"max_hp_gain":0.0,"max_hp_loss":0.0,"gold_gain":0.0,"event_name":"Golden Idol","player_choice":"Take Damage","floor":3.0,"gold_loss":0.0,"damage_taken":18.0,"relics_obtained":["Golden Idol"]},{"cards_removed":["Strike_B"],"damage_healed":0.0,"max_hp_gain":0.0,"max_hp_loss":0.0,"gold_gain":0.0,"event_name":"Purifier","player_choice":"Purged","floor":5.0,"gold_loss":0.0,"damage_taken":0.0},{"damage_healed":0.0,"max_hp_gain":0.0,"max_hp_loss":0.0,"gold_gain":0.0,"event_name":"Masked Bandits","player_choice":"Paid Fearfully","floor":21.0,"gold_loss":34.0,"damage_taken":0.0},{"damage_healed":0.0,"max_hp_gain":0.0,"max_hp_loss":0.0,"gold_gain":0.0,"cards_transformed":["Strike_B","Defend_B"],"event_name":"Drug Dealer","player_choice":"Became Test Subject","floor":22.0,"gold_loss":0.0,"damage_taken":0.0,"cards_obtained":["Steam","Fusion"]},{"damage_healed":0.0,"max_hp_gain":0.0,"max_hp_loss":0.0,"gold_gain":0.0,"event_name":"Forgotten Altar","player_choice":"Gave Idol","floor":29.0,"relics_lost":["Golden Idol"],"gold_loss":0.0,"damage_taken":0.0,"relics_obtained":["Bloody Idol"]},{"cards_removed":["Defend_B"],"damage_healed":0.0,"max_hp_gain":0.0,"max_hp_loss":0.0,"gold_gain":0.0,"event_name":"Bonfire Elementals","player_choice":"Offered Basic","floor":37.0,"gold_loss":0.0,"damage_taken":0.0},{"damage_healed":0.0,"max_hp_gain":0.0,"max_hp_loss":0.0,"gold_gain":0.0,"event_name":"Duplicator","player_choice":"Copied","floor":39.0,"gold_loss":0.0,"damage_taken":0.0,"cards_obtained":["Defragment"]},{"damage_healed":0,"gold_gain":0,"player_choice":"Ignored","damage_taken":0,"max_hp_gain":0,"max_hp_loss":0,"event_name":"Tomb of Lord Red Mask","floor":47,"gold_loss":0},{"damage_healed":0,"gold_gain":0,"player_choice":"Fight","damage_taken":0,"max_hp_gain":0,"max_hp_loss":0,"event_name":"MindBloom","floor":48,"gold_loss":0}],"is_beta":false,"boss_relics":[{"not_picked":["Runic Dome","Tiny House"],"picked":"Coffee Dripper"},{"not_picked":["Calling Bell","Inserter"],"picked":"FrozenCore"}],"items_purged_floors":[13,19,46],"is_endless":false,"potions_floor_spawned":[2,11,24,27,30,33,35,43,45,48,49,55],"ascension_level":12}}