{"host":"usdj552hvd2ulznm","time":1611789855,"event":{"mods":["Act Like it!","Aspiration","BaseMod","Better Third Choice","Colored Powertips","Conjunction","Conspire","DeckTracker","Dota2Spire","Downfall","Emptier Cage","Energized Spire","Gensokyo","GifTheSpireLib","GungeonMod","Halation","Hallownest","Hermit","Hubris","Infinite Spire","Key Reminder","Lobotomy","LobotomyExtend","Minty Spire (QoL Compilation)","MostiFishMod","Poem Panic","Quarter Circle Forward PUNCH!","Quick Restart","RNG Fix","Railgun Mod","Random Character Mod","Relic Stats","Reliquary","Replay The Spire","Reworked Bosses","RumiaBox-????????","Small Relic Pack","StSLib","Stuff the Spire","The Animator","The Blue Laboratory","The IronCluck","The Jungle","Uncapped","WarShipGirlsR/????R mod","Wide Potions","??????REMEMod"],"gold_per_floor":[111,111,11,11,30,30,122,153,204,204,204],"floor_reached":10,"language":"ENG","playtime":388,"items_purged":[],"score":97,"play_id":"c3afed0e-1f5a-4a55-b030-b4bef23e4feb","local_time":"20210127162415","is_ascension_mode":true,"campfire_choices":[],"circlet_count":0,"master_deck":["SpecialBullet","SpecialBullet","SpecialBullet","SpecialBullet","SpecialBullet","SpecialBullet","SpecialBullet","SpecialBullet","InformationCode","ControlCode","WelfareCode","REME_ProfessionalPlagiarism","REME_PuzzleBox","WristCuter","DaCapo"],"relics":["CogitoBucket","DaveBox","REME_ComplimentaryCards","MetatronsCube","SynthV:TestCard","LetterFromLob","Gremlin Horn","Gensokyo:CelestialsFlawlessClothing","Prayer Wheel","SSSystem","reliquary:TatteredRug"],"acts_visited":["Gensokyo:Gensokyo"],"potions_floor_usage":[],"damage_taken":[{"damage":0,"enemies":"Gensokyo:3_Fairies","floor":1,"turns":2},{"damage":0,"enemies":"Gensokyo:2_Kodama","floor":5,"turns":2},{"damage":36,"enemies":"Gensokyo:Aya","floor":8,"turns":4},{"damage":19,"enemies":"Gensokyo:Cirno","floor":10,"turns":3}],"seed_played":"6253961217516463615","potions_obtained":[],"is_trial":false,"path_per_floor":["M","?","?","?","M","R","?","E","T","E"],"character_chosen":"Angela","items_purchased":[],"campfire_rested":0,"item_purchase_floors":[],"current_hp_per_floor":[63,63,63,48,48,48,48,12,12,57,57],"gold":204,"neow_bonus":"RANDOM_COLORLESS_2","is_daily":false,"chose_seed":false,"campfire_upgraded":0,"win_rate":0.0,"timestamp":1611789855,"path_taken":["M","?","?","?","M","R","?","E","T","E"],"items_purchased_type":[],"build_version":"2020-12-22","purchased_purges":0,"victory":false,"max_hp_per_floor":[63,63,63,63,63,63,63,63,63,63,63],"relic_stats":{"Gremlin Horn":[3,3],"counters":[4,11],"Prayer Wheel":0,"obtain_stats":[{"CogitoBucket":0,"SynthV:TestCard":1,"DaveBox":0,"Gremlin Horn":3,"SSSystem":8,"Prayer Wheel":8,"DemoMod:GlassGuonStoneRelic":8,"reliquary:TatteredRug":9,"LetterFromLob":1,"Gensokyo:CelestialsFlawlessClothing":4,"REME_ComplimentaryCards":0,"MetatronsCube":1},{"CogitoBucket":0,"SynthV:TestCard":1,"DaveBox":0,"Gremlin Horn":1,"SSSystem":3,"Prayer Wheel":3,"DemoMod:GlassGuonStoneRelic":3,"reliquary:TatteredRug":3,"LetterFromLob":1,"Gensokyo:CelestialsFlawlessClothing":1,"REME_ComplimentaryCards":0,"MetatronsCube":1},{"CogitoBucket":0,"SynthV:TestCard":2,"DaveBox":0,"Gremlin Horn":2,"SSSystem":8,"Prayer Wheel":6,"DemoMod:GlassGuonStoneRelic":8,"reliquary:TatteredRug":8,"LetterFromLob":2,"Gensokyo:CelestialsFlawlessClothing":2,"REME_ComplimentaryCards":0,"MetatronsCube":1}]},"card_choices":[{"not_picked":["Secret Technique","MostiFishMod:ForestofLight"],"picked":"REME_ProfessionalPlagiarism","floor":0},{"not_picked":["Lantern"],"picked":"WristCuter","floor":1},{"not_picked":["Penitence","ScreamingWedge","TodaysExpression","Regret_ego"],"picked":"SKIP","floor":5},{"not_picked":["TodaysExpression","CUTE","GreenStem","RedEyes"],"picked":"SKIP","floor":5},{"not_picked":["BlackSwan_ego","Soda","TodaysExpression"],"picked":"DaCapo","floor":7},{"not_picked":["Penitence","Moonlight","Diffraction","Regret_ego"],"picked":"SKIP","floor":8}],"player_experience":491639,"relics_obtained":[{"floor":1,"key":"SynthV:TestCard"},{"floor":1,"key":"LetterFromLob"},{"floor":8,"key":"SSSystem"},{"floor":9,"key":"reliquary:TatteredRug"}],"event_choices":[],"is_beta":false,"boss_relics":[],"items_purged_floors":[],"is_endless":false,"potions_floor_spawned":[],"killed_by":"Gensokyo:Cirno","ascension_level":2}}