{"host":"pvf7uj918he10jir","time":1611724880,"event":{"mods":["AchievementEnabler","BaseMod","Colored Map","Colored Powertips","Highlight Path","Minty Spire (QoL Compilation)","Relic Stats","Slay the Relics Exporter","everything is the same but u backflip on backflip"],"gold_per_floor":[99,99,99,99,99,99,69,69,69,69,69,69,69,69,69,69,69,69,69,69,69,69,69,69,69,69,69,0,0,0,0,0,0,0],"floor_reached":33,"language":"ENG","playtime":2033,"items_purged":[],"score":435,"play_id":"c2e13335-89f6-4d73-8bd7-d4f6c204de2f","local_time":"20210127002120","is_ascension_mode":true,"campfire_choices":[{"data":"Entrench","floor":6,"key":"SMITH"},{"data":"Flame Barrier","floor":12,"key":"SMITH"},{"floor":15,"key":"REST"},{"floor":25,"key":"REST"},{"floor":32,"key":"REST"}],"circlet_count":0,"master_deck":["Strike_R","Strike_R","Strike_R","Strike_R","Strike_R","Defend_R","Defend_R","Defend_R+1","Defend_R","Bash+1","Cleave","Entrench+1","Shrug It Off","Flame Barrier+1","Body Slam+1","Body Slam+1","Ghostly Armor","Juggernaut","CurseOfTheBell","Shrug It Off"],"relics":["Ectoplasm","Dead Branch","Molten Egg 2","Toy Ornithopter","Letter Opener","Odd Mushroom","Calling Bell","CeramicFish","White Beast Statue","Unceasing Top","Centennial Puzzle","Akabeko","Lizard Tail","Regal Pillow"],"acts_visited":["Exordium","TheCity"],"potions_floor_usage":[20,23,23,27,27,27,33,33,33],"damage_taken":[{"damage":0,"enemies":"Small Slimes","floor":1,"turns":3},{"damage":0,"enemies":"2 Louse","floor":3,"turns":2},{"damage":0,"enemies":"Cultist","floor":5,"turns":3},{"damage":1,"enemies":"Looter","floor":7,"turns":3},{"damage":10,"enemies":"3 Sentries","floor":8,"turns":9},{"damage":2,"enemies":"Lagavulin","floor":11,"turns":11},{"damage":16,"enemies":"Gremlin Nob","floor":13,"turns":4},{"damage":0,"enemies":"The Mushroom Lair","floor":14,"turns":3},{"damage":33,"enemies":"The Guardian","floor":16,"turns":10},{"damage":10,"enemies":"Spheric Guardian","floor":18,"turns":4},{"damage":7,"enemies":"3 Byrds","floor":19,"turns":5},{"damage":23,"enemies":"Sentry and Sphere","floor":20,"turns":5},{"damage":24,"enemies":"Slavers","floor":23,"turns":5},{"damage":10,"enemies":"Centurion and Healer","floor":24,"turns":7},{"damage":30,"enemies":"Gremlin Leader","floor":27,"turns":5},{"damage":19,"enemies":"Snake Plant","floor":30,"turns":3},{"damage":28,"enemies":"Slavers","floor":31,"turns":5},{"damage":97,"enemies":"Champ","floor":33,"turns":12}],"seed_played":"-5522073594906171186","potions_obtained":[{"floor":1,"key":"LiquidMemories"},{"floor":5,"key":"EssenceOfSteel"},{"floor":8,"key":"DistilledChaos"},{"floor":20,"key":"AttackPotion"},{"floor":23,"key":"PowerPotion"},{"floor":24,"key":"HeartOfIron"},{"floor":27,"key":"Dexterity Potion"},{"floor":30,"key":"Fruit Juice"},{"floor":31,"key":"GamblersBrew"}],"is_trial":false,"path_per_floor":["M","?","M","?","M","R","M","E","T","$","E","R","E","?","R","B",null,"M","M","M","?","$","E","M","R","T","E","?","?","M","E","R","B"],"character_chosen":"IRONCLAD","items_purchased":[],"campfire_rested":3,"item_purchase_floors":[],"current_hp_per_floor":[80,64,64,64,64,64,63,53,53,53,51,51,35,35,59,26,67,57,50,32,32,32,18,8,32,32,17,17,17,40,12,51,0,0],"gold":0,"neow_bonus":"BOSS_RELIC","is_daily":false,"chose_seed":false,"campfire_upgraded":2,"win_rate":0.0,"timestamp":1611724880,"path_taken":["M","?","M","?","M","R","M","E","T","$","E","R","E","?","R","BOSS","M","M","M","?","$","E","M","R","T","E","?","?","M","E","R","BOSS"],"items_purchased_type":[],"build_version":"2020-12-22","purchased_purges":0,"victory":false,"max_hp_per_floor":[80,80,80,80,80,80,80,80,80,80,80,80,80,80,80,80,80,80,80,80,80,80,80,80,80,80,80,80,80,80,80,80,85,85],"relic_stats":{"Centennial Puzzle":[15],"Lizard Tail":40,"Regal Pillow":15,"counters":[18,99],"Dead Branch":[13],"CeramicFish":0,"Ectoplasm":567,"Letter Opener":[156],"obtain_stats":[{"Regal Pillow":31,"Dead Branch":8,"CeramicFish":17,"Letter Opener":13,"Odd Mushroom":14,"Burning Blood":0,"White Beast Statue":17,"Akabeko":26,"Calling Bell":17,"Centennial Puzzle":23,"Lizard Tail":27,"Molten Egg 2":9,"Ectoplasm":0,"Toy Ornithopter":11,"Unceasing Top":17},{"Regal Pillow":17,"Dead Branch":5,"CeramicFish":9,"Letter Opener":7,"Odd Mushroom":8,"Burning Blood":0,"White Beast Statue":9,"Akabeko":14,"Calling Bell":9,"Centennial Puzzle":13,"Lizard Tail":15,"Molten Egg 2":5,"Ectoplasm":0,"Toy Ornithopter":6,"Unceasing Top":9},{"Regal Pillow":87,"Dead Branch":20,"CeramicFish":48,"Letter Opener":35,"Odd Mushroom":38,"Burning Blood":0,"White Beast Statue":48,"Akabeko":74,"Calling Bell":48,"Centennial Puzzle":67,"Lizard Tail":79,"Molten Egg 2":20,"Ectoplasm":0,"Toy Ornithopter":31,"Unceasing Top":48}],"Toy Ornithopter":45,"Unceasing Top":[5]},"card_choices":[{"not_picked":["Dark Embrace","Heavy Blade","Seeing Red"],"picked":"SKIP","floor":1},{"not_picked":["Dual Wield","True Grit"],"picked":"Cleave","floor":3},{"not_picked":["Twin Strike","Seeing Red"],"picked":"Entrench","floor":5},{"not_picked":["Pommel Strike","Clothesline"],"picked":"Shrug It Off","floor":7},{"not_picked":["Iron Wave","Wild Strike"],"picked":"Flame Barrier","floor":8},{"not_picked":["Thunderclap+1","Ghostly Armor"],"picked":"Body Slam+1","floor":11},{"not_picked":["Twin Strike+1","Offering"],"picked":"Body Slam+1","floor":13},{"not_picked":["True Grit","Clash+1"],"picked":"Ghostly Armor","floor":14},{"not_picked":["Brutality","Berserk"],"picked":"Juggernaut","floor":16},{"not_picked":["Anger+1","Reckless Charge+1","Seeing Red"],"picked":"SKIP","floor":18},{"not_picked":["Feel No Pain","Blood for Blood+1"],"picked":"Shrug It Off","floor":19},{"not_picked":["Armaments","Heavy Blade+1","Cleave+1"],"picked":"SKIP","floor":20},{"not_picked":["Thunderclap+1","Feed+1","Shockwave+1"],"picked":"SKIP","floor":23},{"not_picked":["Sword Boomerang+1","Evolve+1","Power Through+1"],"picked":"SKIP","floor":24},{"not_picked":["Wild Strike+1","Searing Blow+1","Whirlwind+1"],"picked":"SKIP","floor":27},{"not_picked":["Dropkick+1","Rampage+1","Havoc+1"],"picked":"SKIP","floor":30},{"not_picked":["Thunderclap+1","True Grit","Brutality"],"picked":"SKIP","floor":31}],"player_experience":161547,"relics_obtained":[{"floor":8,"key":"Dead Branch"},{"floor":9,"key":"Molten Egg 2"},{"floor":11,"key":"Toy Ornithopter"},{"floor":13,"key":"Letter Opener"},{"floor":14,"key":"Odd Mushroom"},{"floor":17,"key":"CeramicFish"},{"floor":17,"key":"White Beast Statue"},{"floor":17,"key":"Unceasing Top"},{"floor":23,"key":"Centennial Puzzle"},{"floor":26,"key":"Akabeko"},{"floor":27,"key":"Lizard Tail"},{"floor":31,"key":"Regal Pillow"}],"event_choices":[{"damage_healed":0,"gold_gain":0,"player_choice":"Entered Light","damage_taken":16,"max_hp_gain":0,"max_hp_loss":0,"event_name":"Shining Light","floor":2,"gold_loss":0,"cards_upgraded":["Defend_R","Bash"]},{"damage_healed":0,"gold_gain":0,"player_choice":"Ignored","damage_taken":0,"max_hp_gain":0,"max_hp_loss":0,"event_name":"Liars Game","floor":4,"gold_loss":0},{"damage_healed":0,"gold_gain":0,"player_choice":"Fought Mushrooms","damage_taken":0,"max_hp_gain":0,"max_hp_loss":0,"event_name":"Mushrooms","floor":14,"gold_loss":0},{"damage_healed":0,"gold_gain":0,"player_choice":"Ignored","damage_taken":0,"max_hp_gain":0,"max_hp_loss":0,"event_name":"Cursed Tome","floor":21,"gold_loss":0},{"damage_healed":0,"gold_gain":0,"player_choice":"Paid Fearfully","damage_taken":0,"max_hp_gain":0,"max_hp_loss":0,"event_name":"Masked Bandits","floor":28,"gold_loss":69}],"is_beta":false,"boss_relics":[{"not_picked":["Black Star","SacredBark"],"picked":"Calling Bell"}],"items_purged_floors":[],"is_endless":false,"potions_floor_spawned":[1,5,8,16,18,19,20,23,24,27,30,31],"killed_by":"Champ","ascension_level":5}}