{"host":"bx8ylsmj2ob6hd5u","time":1611771832,"event":{"mods":["AchievementEnabler","Act Like it!","Aspiration","BaseMod","Colored Map","Downfall","Duelist Mod","Friendly Minions","Gensokyo","GifTheSpireLib","Hallownest","Hermit","HololiveMod","Hubris","Infinite Spire","Jorbs\u0027s Wanderer Trilogy","KinomotoSakuraMod(????)","Kiyohime????","Koishi","KomeijiMod","Lobotomy","LobotomyExtend","Marisa????????","Minty Spire (QoL Compilation)","Prisma Mod","Rare Cards Sparkle","Reimu??????","Remilia??????","Replay The Spire","StSLib","Td1madao Mod","The Administrix","The Animator","The Bug Knight","The Construct","The Cursed","The Disciple","The Hierophant","The Necromancer","The Poker Player","The Runesmith","The Senshi","The Servant 0.9.4","WarShipGirlsR/????R mod"],"gold_per_floor":[114,124,124,124,124,124,139,139,139,139,155,155,174,191,191,289,289,307,307,307,321,341,341,351,351,421,671,208,85,85,97,97],"floor_reached":31,"language":"ENG","playtime":2625,"items_purged":["MeatLantern"],"score":227,"play_id":"68437a0b-e1a8-4f43-bc8b-8aeffecebf87","local_time":"20210127202351","is_ascension_mode":false,"campfire_choices":[{"data":"Runesmith:NanitesCloud","floor":6.0,"key":"SMITH"},{"data":"Runesmith:Reinforce","floor":10.0,"key":"SMITH"},{"data":"Runesmith:Augment","floor":12.0,"key":"SMITH"},{"data":"Runesmith:ChaoticBlast","floor":15.0,"key":"SMITH"},{"data":"Runesmith:UnlimitedPower","floor":23.0,"key":"SMITH"},{"data":"Runesmith:ReplicatingBarrier","floor":25.0,"key":"SMITH"},{"data":"Stack","floor":30,"key":"SMITH"}],"circlet_count":0,"master_deck":["Runesmith:Strike_RS","Runesmith:Strike_RS","Runesmith:Strike_RS","Runesmith:Strike_RS","Runesmith:Defend_RS","Runesmith:Defend_RS","Runesmith:Defend_RS","Runesmith:Defend_RS","Runesmith:CraftFirestone+1","Runesmith:Fortify","Runesmith:FieryHammer","Rudolta","Runesmith:NanitesCloud+1","Porccubus","Runesmith:Reinforce+1","VoidDream","Runesmith:Augment+1","Runesmith:EarthShield","DespairKnight","Runesmith:ChaoticBlast+1","MHz","Runesmith:ReplicatingBarrier+1","ShyLook","Runesmith:UnlimitedPower+1","OSAHOGD","Sweeping Beam","Stack+1","FieryBird","ReplaySort+1","QueenBee"],"relics":["Runesmith:BrokenRuby","CogitoBucket","LetterFromLob","Theresia","aspiration:DefectSkillbook","ChangeAnything","Mercury Hourglass","ReplayTheSpireMod:Shallot","Guardian:PocketSentry","GoodDreamPillow"],"acts_visited":["Exordium","Exordium"],"potions_floor_usage":[],"damage_taken":[{"damage":3.0,"enemies":"2 Louse","floor":1.0,"turns":4.0},{"damage":2.0,"enemies":"Small Slimes","floor":2.0,"turns":3.0},{"damage":0.0,"enemies":"Cultist","floor":7.0,"turns":2.0},{"damage":2.0,"enemies":"Exordium Thugs","floor":11.0,"turns":4.0},{"damage":0.0,"enemies":"Exordium Wildlife","floor":13.0,"turns":2.0},{"damage":29.0,"enemies":"Lots of Slimes","floor":14.0,"turns":5.0},{"damage":38.0,"enemies":"Hexaghost","floor":16.0,"turns":11.0},{"damage":8.0,"enemies":"Gensokyo:3_Dogs","floor":18.0,"turns":4.0},{"damage":10.0,"enemies":"Gensokyo:2_Gloops","floor":21.0,"turns":4.0},{"damage":0.0,"enemies":"Gensokyo:Wraith","floor":22.0,"turns":4.0},{"damage":0.0,"enemies":"Gensokyo:Monolith_and_Dog","floor":24.0,"turns":6.0},{"damage":1,"enemies":"Gensokyo:Slime_Group","floor":31,"turns":5}],"seed_played":"4992254513470094911","potions_obtained":[{"floor":2.0,"key":"ExcitationPotion"},{"floor":5.0,"key":"ColorlessPotion"},{"floor":5.0,"key":"Guardian:BlockOnCardUsePotion"},{"floor":5.0,"key":"Regen Potion"},{"floor":7.0,"key":"sneckomod:MuddlingPotion"},{"floor":16.0,"key":"Strength Potion"},{"floor":18.0,"key":"Ancient Potion"},{"floor":31,"key":"Fire Potion"}],"is_trial":false,"path_per_floor":["M","M","?","?","?","R","M","M","T","R","M","R","M","M","R","B",null,"M","?","?","M","M","R","M","R","T","?","$","?","R","M"],"character_chosen":"RUNESMITH_CLASS","items_purchased":["ReplayTheSpireMod:Shallot","Guardian:PocketSentry"],"campfire_rested":0,"item_purchase_floors":[28,28],"current_hp_per_floor":[67,65,70,70,70,70,70,70,70,70,68,68,68,48,48,10,75,67,67,75,65,65,65,65,65,65,65,65,65,65,64,64],"gold":97,"neow_bonus":"","is_daily":false,"chose_seed":false,"campfire_upgraded":7,"win_rate":0.0,"timestamp":1611771831,"path_taken":["M","M","?","?","?","R","M","M","T","R","M","R","M","M","R","BOSS","M","?","?","M","?","R","M","R","T","?","$","?","R","?"],"items_purchased_type":["Relic","Relic"],"build_version":"2020-12-22","purchased_purges":1,"victory":false,"max_hp_per_floor":[70,70,75,75,75,75,75,75,75,75,75,75,75,75,75,75,75,75,75,75,75,75,75,75,75,75,71,71,71,71,71,71],"card_choices":[{"not_picked":["PunishingBird","Wellcheers"],"picked":"RedShoes","floor":1.0},{"not_picked":["Runesmith:EarthShield","Runesmith:Refine"],"picked":"Runesmith:FieryHammer","floor":1.0},{"not_picked":["Scorched","BeautyBeast"],"picked":"Rudolta","floor":2.0},{"not_picked":["Runesmith:FrozenChisel","Runesmith:Attraction"],"picked":"Runesmith:NanitesCloud","floor":2.0},{"not_picked":["HeroicMonk","Murderer"],"picked":"Porccubus","floor":7.0},{"not_picked":["Runesmith:OneForEveryone","Runesmith:HeatExchange"],"picked":"Runesmith:Reinforce","floor":7.0},{"not_picked":["Mercenary","Freischutz"],"picked":"VoidDream","floor":11.0},{"not_picked":["Runesmith:Superposition","Runesmith:Reinforce"],"picked":"Runesmith:Augment","floor":11.0},{"not_picked":["LittleHelper","Murderer"],"picked":"CherryBlossoms","floor":13.0},{"not_picked":["Runesmith:Grindstone","Runesmith:HeatExchange"],"picked":"Runesmith:EarthShield","floor":13.0},{"not_picked":["WhitesApple","ShyLook"],"picked":"DespairKnight","floor":14.0},{"not_picked":["Runesmith:RuneHurl","Runesmith:Grindstone"],"picked":"Runesmith:ChaoticBlast","floor":14.0},{"not_picked":["BeautyBeast","Alriune"],"picked":"MHz","floor":16.0},{"not_picked":["Runesmith:CraftPrismatica","Runesmith:LightningRod"],"picked":"Runesmith:ReplicatingBarrier","floor":16.0},{"not_picked":["PunishingBird","Scorched"],"picked":"ShyLook","floor":18.0},{"not_picked":["Runesmith:Attraction","Runesmith:Repurpose+1","Stack"],"picked":"Runesmith:UnlimitedPower","floor":18.0},{"not_picked":["UniverseFragment","BeautyBeast"],"picked":"OSAHOGD","floor":21.0},{"not_picked":["Coolheaded","Thunder Strike","Redo"],"picked":"Sweeping Beam","floor":21.0},{"not_picked":["Murderer","OldLady"],"picked":"MeatLantern","floor":22.0},{"not_picked":["Static Discharge","BootSequence+1","Runesmith:HeatedChisel+1"],"picked":"Stack","floor":22.0},{"not_picked":["SpiderBud","OldLady"],"picked":"FieryBird","floor":24.0},{"not_picked":["Beam Cell","Runesmith:ShiftingStrike","Runesmith:Augment"],"picked":"ReplaySort+1","floor":24.0},{"not_picked":["WhitesApple","Wellcheers"],"picked":"QueenBee","floor":31}],"player_experience":1489467,"relics_obtained":[{"floor":1.0,"key":"LetterFromLob"},{"floor":9.0,"key":"InkBottle"},{"floor":26.0,"key":"Mercury Hourglass"}],"event_choices":[{"damage_healed":0.0,"max_hp_gain":5.0,"max_hp_loss":0.0,"gold_gain":0.0,"event_name":"Big Fish","player_choice":"Donut","floor":3.0,"gold_loss":0.0,"damage_taken":0.0},{"damage_healed":0.0,"max_hp_gain":0.0,"max_hp_loss":0.0,"gold_gain":0.0,"event_name":"Lab","player_choice":"Got Potions","floor":5.0,"gold_loss":0.0,"damage_taken":0.0}],"is_beta":false,"boss_relics":[{"not_picked":["hubris:CrackedHourglass","Ring of Chaos"],"picked":"aspiration:DefectSkillbook"}],"items_purged_floors":[28],"is_endless":false,"potions_floor_spawned":[2,7,16,18,31],"killed_by":"Gensokyo:Slime_Group","ascension_level":0}}