{"host":"xvjtz0l6trtfk8cl","time":1611780088,"event":{"mods":["BaseMod","Better Altar","Better Third Choice","Downfall","Fox Events","Hermit","Magitek Elite","Minty Spire (QoL Compilation)","StSLib","The Bladedancer","The Death Knight","The Hierophant","The Necromancer","Waifu the Spire"],"gold_per_floor":[117,117,136,136,136,136,175,175,175,193,69,83,102,126,126,126,126],"floor_reached":16,"language":"ENG","playtime":1018,"items_purged":["Defend_L"],"score":127,"play_id":"e59ac9ae-8081-4d28-b0d7-504a4f324475","local_time":"20210127144128","is_ascension_mode":false,"campfire_choices":[{"data":"Thunder_Blade","floor":6.0,"key":"SMITH"},{"data":"Meteor","floor":8.0,"key":"SMITH"},{"data":"Cure","floor":15.0,"key":"SMITH"}],"circlet_count":0,"master_deck":["Strike_L","Strike_L","Strike_L","Defend_L","Defend_L","Defend_L","Defend_L","Fire2","Cure","Thunder_Blade+1","Blood_Hilt+1","Meteor+1","Flametongue","Icebrand","Gladius"],"relics":["Pendant","NeowsBlessing","Golden Idol","Guard_Bracelet","Kunai"],"acts_visited":["Exordium"],"potions_floor_usage":[16,16],"damage_taken":[{"damage":0.0,"enemies":"Jaw Worm","floor":1.0,"turns":1.0},{"damage":0.0,"enemies":"Cultist","floor":3.0,"turns":1.0},{"damage":0.0,"enemies":"Gremlin Nob","floor":7.0,"turns":1.0},{"damage":8.0,"enemies":"2 Louse","floor":10.0,"turns":5.0},{"damage":14.0,"enemies":"Lots of Slimes","floor":12.0,"turns":6.0},{"damage":4.0,"enemies":"2 Fungi Beasts","floor":13.0,"turns":4.0},{"damage":4.0,"enemies":"Blue Slaver","floor":14.0,"turns":5.0},{"damage":56,"enemies":"The Guardian","floor":16,"turns":7}],"seed_played":"9065001527923135989","potions_obtained":[{"floor":7.0,"key":"Swift Potion"},{"floor":10.0,"key":"GamblersBrew"},{"floor":12.0,"key":"Block Potion"},{"floor":14.0,"key":"SkillPotion"}],"is_trial":false,"path_per_floor":["M","?","M","?","?","R","E","R","T","M","$","M","M","M","R","B"],"character_chosen":"MAGITEKELITE","items_purchased":["Icebrand"],"campfire_rested":0,"item_purchase_floors":[11],"current_hp_per_floor":[63,63,63,48,48,48,48,48,48,46,46,38,36,38,38,0,0],"gold":126,"neow_bonus":"THREE_ENEMY_KILL","is_daily":false,"chose_seed":false,"campfire_upgraded":3,"win_rate":0.0,"timestamp":1611780088,"path_taken":["M","?","?","?","?","R","E","R","T","M","$","?","M","M","R","BOSS"],"items_purchased_type":["Card"],"build_version":"2020-12-22","purchased_purges":1,"victory":false,"max_hp_per_floor":[63,63,63,63,63,63,63,63,63,63,63,63,63,63,63,63,63],"card_choices":[{"not_picked":["Thunder_P","Icebrand"],"picked":"Thunder_Blade","floor":1.0},{"not_picked":["Poisona","Shell"],"picked":"Blood_Hilt","floor":3.0},{"not_picked":["Focus","Blood_Hilt"],"picked":"Meteor","floor":7.0},{"not_picked":["Haste","Esuna"],"picked":"Flametongue","floor":10.0},{"not_picked":["Transpose2","Dark","Protect_M"],"picked":"SKIP","floor":12.0},{"not_picked":["Cursed_Shield","Heavy_Shield","Poisona"],"picked":"SKIP","floor":13.0},{"not_picked":["Man_Eater","Meteor"],"picked":"Gladius","floor":14.0}],"player_experience":15097,"relics_obtained":[{"floor":7.0,"key":"Guard_Bracelet"},{"floor":9.0,"key":"Kunai"}],"event_choices":[{"cards_removed":["Strike_L"],"damage_healed":0.0,"max_hp_gain":0.0,"max_hp_loss":0.0,"gold_gain":0.0,"event_name":"Bonfire Elementals","player_choice":"Offered Basic","floor":2.0,"gold_loss":0.0,"damage_taken":0.0},{"damage_healed":0.0,"max_hp_gain":0.0,"max_hp_loss":0.0,"gold_gain":0.0,"event_name":"Golden Idol","player_choice":"Take Damage","floor":4.0,"gold_loss":0.0,"damage_taken":15.0,"relics_obtained":["Golden Idol"]},{"damage_healed":0.0,"max_hp_gain":0.0,"max_hp_loss":0.0,"gold_gain":0.0,"event_name":"Upgrade Shrine","player_choice":"Upgraded","floor":5.0,"gold_loss":0.0,"damage_taken":0.0,"cards_upgraded":["Blood_Hilt"]}],"is_beta":false,"boss_relics":[],"items_purged_floors":[11],"is_endless":false,"potions_floor_spawned":[7,10,12,14],"killed_by":"The Guardian","ascension_level":0}}