{"host":"30nnj7p8788fovb1","time":1611766201,"event":{"mods":["2.2 Compatiblity","AchievementEnabler","Act Like it!","BaseMod","Better Altar","Better Match","Better Note","Better Skull","Better Third Choice","Better Vampires","BetterRewards","Block Reminder","CapriCore","Colored Map","Colored Powertips","Curses Come First","Dark Map","Defuse TimeMaze Blight","Displayed Cursed Tome","Downfall","Hallownest","Hermit","Luminous","Marisa????????","Minty Spire (QoL Compilation)","Permanent Neow","Quick Restart","RNG Fix","Rare Cards Sparkle","Reimu??????","Relic Stats","Replay The Spire","Shade Mod","StSLib","The Bladedancer","The Bug Knight","The Cursed","The Exalted","The Forsaken","The Marked","The Mystic","The Problem Sleuth","The Servant 0.9.4","The Vixen","Yakumo Yukari mod"],"gold_per_floor":[99,109,109,121,421,453,453,453,453],"floor_reached":8,"language":"ENG","playtime":441,"items_purged":[],"score":54,"play_id":"e9d6a8a8-3cd2-45bd-9a3a-0066a75c6773","local_time":"20210127125001","is_ascension_mode":false,"campfire_choices":[{"data":"theMarked:SoldierOfQuellstein","floor":1,"key":"SMITH"}],"circlet_count":0,"master_deck":["theMarked:Strike","theMarked:Strike","theMarked:Strike","theMarked:Strike","theMarked:Defend","theMarked:Defend","theMarked:Defend","theMarked:Defend","theMarked:SoldierOfQuellstein+1","theMarked:EmpowerWeapon","theMarked:ElectricStrings","theMarked:Friction","downfall:Icky","downfall:Icky","theMarked:RepellingDischarge"],"relics":["theMarked:ArtifactOfAir","Ancient Tea Set","Question Card"],"acts_visited":["Exordium"],"potions_floor_usage":[6],"damage_taken":[{"damage":0,"enemies":"Cultist","floor":2,"turns":3},{"damage":6,"enemies":"Jaw Worm","floor":4,"turns":2},{"damage":26,"enemies":"Lagavulin","floor":6,"turns":10},{"damage":40,"enemies":"Gremlin Nob","floor":8,"turns":4}],"seed_played":"-7149307352045077573","potions_obtained":[{"floor":4,"key":"MagicPotion:ReiMu"},{"floor":6,"key":"BlessingOfTheForge"}],"is_trial":false,"path_per_floor":["R","M","?","M","?","E","T","E"],"character_chosen":"THE_DEFAULT","items_purchased":[],"campfire_rested":0,"item_purchase_floors":[],"current_hp_per_floor":[70,70,70,64,64,38,38,0,0],"gold":453,"neow_bonus":"THREE_CARDS","is_daily":false,"chose_seed":false,"campfire_upgraded":1,"win_rate":0.0,"timestamp":1611766201,"path_taken":["R","M","?","M","?","E","T","E"],"items_purchased_type":[],"build_version":"2020-12-22","purchased_purges":0,"victory":false,"max_hp_per_floor":[70,70,70,70,70,70,70,70,70],"relic_stats":{"counters":[4,19],"Question Card":0,"obtain_stats":[{"theMarked:ArtifactOfAir":0,"Ancient Tea Set":6,"Question Card":7},{"theMarked:ArtifactOfAir":0,"Ancient Tea Set":3,"Question Card":3},{"theMarked:ArtifactOfAir":0,"Ancient Tea Set":15,"Question Card":15}]},"card_choices":[{"not_picked":["theMarked:TwofoldDefense","theMarked:WastefulAttack"],"picked":"theMarked:EmpowerWeapon","floor":0},{"not_picked":["theMarked:Parkour","theMarked:Panic"],"picked":"theMarked:ElectricStrings","floor":2},{"not_picked":["theMarked:Parkour","theMarked:ContemptForTheProud"],"picked":"theMarked:Friction","floor":4},{"not_picked":["theMarked:ElectricStrings","theMarked:TunnelVision"],"picked":"theMarked:RepellingDischarge","floor":6}],"player_experience":915962,"relics_obtained":[{"floor":6,"key":"Ancient Tea Set"},{"floor":7,"key":"Question Card"}],"event_choices":[{"cards_removed":["theMarked:Strike"],"damage_healed":0,"gold_gain":0,"player_choice":"Card Removal","damage_taken":0,"max_hp_gain":0,"max_hp_loss":0,"event_name":"The Cleric","floor":3,"gold_loss":0}],"is_beta":false,"boss_relics":[],"items_purged_floors":[],"is_endless":false,"potions_floor_spawned":[4,6],"killed_by":"Gremlin Nob","ascension_level":0}}