{"host":"0awa854l6bexpjrv","time":1611727557,"event":{"mods":["BaseMod","Block Reminder","Colored Map","Colored Powertips","Downfall","Highlight Path","Minty Spire (QoL Compilation)","Quick Restart","Rare Cards Sparkle","StSLib","SuperFastMode"],"gold_per_floor":[99,119,119,130,146,146,146,56,71,71,56,56,68,68,80,182,182,182,197,207,223,108,108,133,133,118,118,118,129,129,129,129,129,129],"floor_reached":32,"language":"ENG","playtime":2843,"items_purged":["sneckomod:Strike","sneckomod:Strike"],"score":230,"play_id":"274f4cf7-b91f-4774-a80b-a7dc1849ae78","local_time":"20210126220557","is_ascension_mode":false,"campfire_choices":[{"data":"sneckomod:UnknownVulnerable","floor":10.0,"key":"SMITH"},{"floor":12.0,"key":"REST"},{"data":"sneckomod:UnknownRareSkill","floor":18.0,"key":"SMITH"},{"floor":28.0,"key":"REST"},{"floor":30.0,"key":"REST"}],"circlet_count":0,"master_deck":["sneckomod:Defend","sneckomod:Defend","sneckomod:Defend","sneckomod:TailWhip","sneckomod:SnekBite","sneckomod:Unknown","sneckomod:UnknownBoss","Wild Strike","sneckomod:UnknownExhaust","sneckomod:UnknownVulnerable+1","sneckomod:WideSting","sneckomod:UnknownVulnerable","sneckomod:UnknownCommonSkill","sneckomod:ImprovisedGuard","sneckomod:QuickBite","sneckomod:MorePower","sneckomod:UnlimitedRolls+1","sneckomod:UnknownRareSkill+1","sneckomod:UnknownRareSkill+1","sneckomod:Unknown3Cost+1","sneckomod:IronFang","Immolate+1","sneckomod:UnknownRareAttack","sneckomod:UnknownUncommonPower","sneckomod:Restock+1"],"relics":["sneckomod:SneckoSoul","Strawberry","bronze:MakeshiftBattery","Lantern","Omamori"],"acts_visited":["Exordium","TheCity"],"potions_floor_usage":[],"damage_taken":[{"damage":0.0,"enemies":"2 Louse","floor":2.0,"turns":2.0},{"damage":1.0,"enemies":"Cultist","floor":4.0,"turns":3.0},{"damage":3.0,"enemies":"Small Slimes","floor":5.0,"turns":2.0},{"damage":5.0,"enemies":"downfall:FleeingMerchant","floor":8.0,"turns":4.0},{"damage":16.0,"enemies":"Gremlin Gang","floor":9.0,"turns":4.0},{"damage":0.0,"enemies":"downfall:FleeingMerchant","floor":11.0,"turns":4.0},{"damage":12.0,"enemies":"Exordium Thugs","floor":13.0,"turns":6.0},{"damage":1.0,"enemies":"3 Louse","floor":15.0,"turns":3.0},{"damage":62.0,"enemies":"WA_ARCHETYPE_RETAIN","floor":16.0,"turns":8.0},{"damage":18.0,"enemies":"3 Byrds","floor":19.0,"turns":6.0},{"damage":7.0,"enemies":"Spheric Guardian","floor":20.0,"turns":3.0},{"damage":16.0,"enemies":"Centurion and Healer","floor":21.0,"turns":4.0},{"damage":4.0,"enemies":"downfall:FleeingMerchant","floor":22.0,"turns":4.0},{"damage":18.0,"enemies":"downfall:FleeingMerchant","floor":26.0,"turns":4.0},{"damage":0.0,"enemies":"Snecko","floor":29.0,"turns":4.0},{"damage":96,"enemies":"Cultist and Chosen","floor":32,"turns":8}],"seed_played":"134642137446601645","potions_obtained":[{"floor":2.0,"key":"Slimebound:ThreeZeroPotion"},{"floor":4.0,"key":"FearPotion"},{"floor":9.0,"key":"Swift Potion"},{"floor":13.0,"key":"hexamod:SoulburnPotion"},{"floor":16.0,"key":"DistilledChaos"},{"floor":19.0,"key":"AttackPotion"},{"floor":29.0,"key":"Dexterity Potion"}],"is_trial":false,"path_per_floor":["R","M","?","M","M","?","T","$","M","R","$","R","M","?","M","B",null,"R","M","M","M","$","R","T","?","$","?","R","M","R","?","M"],"character_chosen":"THE_SNECKO","items_purchased":[],"campfire_rested":3,"item_purchase_floors":[],"current_hp_per_floor":[90,90,90,89,86,86,93,88,72,72,72,97,85,85,84,22,97,97,79,72,56,52,52,52,52,34,34,63,63,92,92,0,0,0],"gold":129,"neow_bonus":"ONE_RANDOM_RARE_CARD","is_daily":false,"chose_seed":false,"campfire_upgraded":2,"win_rate":0.0,"timestamp":1611727557,"path_taken":["R","M","?","?","M","?","T","$","M","R","?","R","M","?","M","BOSS","R","M","?","M","$","R","T","?","?","?","R","?","R","?","M"],"items_purchased_type":[],"build_version":"2020-12-22","purchased_purges":2,"victory":false,"max_hp_per_floor":[90,90,90,90,90,90,97,97,97,97,97,97,97,97,97,97,97,97,97,97,97,97,97,97,97,97,97,97,97,97,97,97,97,97],"card_choices":[{"not_picked":["sneckomod:SoulDraw","sneckomod:IronFang"],"picked":"sneckomod:UnknownExhaust","floor":2.0},{"not_picked":["sneckomod:UnknownCommonSkill","sneckomod:SoulExchange"],"picked":"sneckomod:UnknownVulnerable","floor":4.0},{"not_picked":["sneckomod:IronFang","sneckomod:UnknownDraw"],"picked":"sneckomod:WideSting","floor":5.0},{"not_picked":["sneckomod:SnekBeam","sneckomod:DiceCrush"],"picked":"sneckomod:UnknownVulnerable","floor":8.0},{"not_picked":["sneckomod:QuickBite","sneckomod:DiceBlock"],"picked":"sneckomod:UnknownCommonSkill","floor":9.0},{"not_picked":["sneckomod:RainOfDice","sneckomod:UnknownClassRED"],"picked":"sneckomod:ImprovisedGuard","floor":11.0},{"not_picked":["sneckomod:RainOfDice","sneckomod:Unknown1Cost"],"picked":"sneckomod:QuickBite","floor":13.0},{"not_picked":["sneckomod:UnknownCommonAttack","sneckomod:UnknownCommonSkill"],"picked":"sneckomod:MorePower","floor":15.0},{"not_picked":["sneckomod:UnknownUncommonSkill+1","sneckomod:UnknownBlock+1"],"picked":"sneckomod:UnlimitedRolls+1","floor":16.0},{"not_picked":["sneckomod:SoulExchange","sneckomod:UnknownBoss"],"picked":"sneckomod:UnknownRareSkill","floor":16.0},{"not_picked":["sneckomod:DangerNoodle+1","sneckomod:SnekBeam+1"],"picked":"sneckomod:UnknownRareSkill+1","floor":19.0},{"not_picked":["sneckomod:QuickBite","sneckomod:Nope+1","sneckomod:UnknownCommonAttack"],"picked":"SKIP","floor":19.0},{"not_picked":["sneckomod:QuickBite","sneckomod:Nope+1","sneckomod:UnknownCommonAttack"],"picked":"SKIP","floor":19.0},{"not_picked":["sneckomod:QuickMove","sneckomod:ImprovisedGuard","sneckomod:Unknown1Cost"],"picked":"SKIP","floor":20.0},{"not_picked":["sneckomod:UnknownUncommonAttack+1","sneckomod:UnknownRareAttack+1"],"picked":"sneckomod:Unknown3Cost+1","floor":21.0},{"not_picked":["sneckomod:UnknownCommonSkill+1","sneckomod:UnknownStrength"],"picked":"sneckomod:IronFang","floor":21.0},{"not_picked":["sneckomod:UnknownUncommonAttack+1","sneckomod:DiceCrush+1"],"picked":"sneckomod:UnknownRareAttack+1","floor":22.0},{"not_picked":["sneckomod:UnknownUncommonAttack+1","sneckomod:DiceBoulder","sneckomod:SoulCleanse"],"picked":"SKIP","floor":22.0},{"not_picked":["sneckomod:UnknownExhaust+1","sneckomod:UnknownRareAttack+1"],"picked":"sneckomod:Restock+1","floor":26.0},{"not_picked":["sneckomod:Unknown3Cost","sneckomod:UnknownUncommonSkill","sneckomod:UnknownRareSkill"],"picked":"SKIP","floor":26.0},{"not_picked":["sneckomod:UnknownCommonSkill","sneckomod:Nope+1","sneckomod:UnknownBlock"],"picked":"SKIP","floor":29.0}],"player_experience":646382,"relics_obtained":[{"floor":7.0,"key":"Strawberry"},{"floor":24.0,"key":"Lantern"}],"event_choices":[{"damage_healed":0.0,"max_hp_gain":0.0,"max_hp_loss":0.0,"gold_gain":0.0,"event_name":"NoteForYourself","player_choice":"Ignored","floor":3.0,"gold_loss":0.0,"damage_taken":0.0},{"damage_healed":0.0,"max_hp_gain":0.0,"max_hp_loss":0.0,"gold_gain":0.0,"event_name":"Addict","player_choice":"Stole Relic","floor":27.0,"gold_loss":0.0,"damage_taken":0.0,"relics_obtained":["Omamori"],"cards_obtained":["Pride"]}],"is_beta":false,"boss_relics":[{"not_picked":["Coffee Dripper","Empty Cage"],"picked":"bronze:MakeshiftBattery"}],"items_purged_floors":[8,22],"is_endless":false,"potions_floor_spawned":[2,4,9,13,16,19,29],"killed_by":"Cultist and Chosen","ascension_level":0}}