{"host":"w6bv7e6dabj27l4i","time":1611722426,"event":{"mods":["Act Like it!","BaseMod","Colored Map","Custom Start","Downfall","Minty Spire (QoL Compilation)","Quick Restart","StSLib","Synergy Search","Unceasing Turn Reminder","slay the spire mod where everything is the same but ironclad has a cowboy hat"],"gold_per_floor":[99,111,128,145,159,259,307,33,33,47,47,47,47],"floor_reached":11,"language":"ENG","playtime":836,"items_purged":[],"score":68,"play_id":"fc5423fc-9862-47cd-a822-2d37317a172f","local_time":"20210126224026","is_ascension_mode":true,"campfire_choices":[{"floor":1.0,"key":"RECALL"},{"floor":9.0,"key":"REST"}],"circlet_count":0,"master_deck":["sneckomod:Strike","sneckomod:Strike","sneckomod:Strike","sneckomod:Defend","sneckomod:Defend","sneckomod:Defend","sneckomod:TailWhip","sneckomod:SnekBite","sneckomod:Unknown","sneckomod:Unknown","sneckomod:UnknownClassGREEN","sneckomod:MasterEye","sneckomod:ImprovisedGuard","sneckomod:SerpentIdol"],"relics":["sneckomod:SneckoSoul","Ancient Tea Set","downfall:GremlinWheel","hexamod:CandleOfCauterizing"],"acts_visited":["Exordium"],"potions_floor_usage":[],"damage_taken":[{"damage":1.0,"enemies":"Cultist","floor":2.0,"turns":4.0},{"damage":5.0,"enemies":"2 Louse","floor":3.0,"turns":4.0},{"damage":1.0,"enemies":"Jaw Worm","floor":4.0,"turns":3.0},{"damage":8.0,"enemies":"2 Fungi Beasts","floor":5.0,"turns":4.0},{"damage":39.0,"enemies":"2 Fungi Beasts","floor":6.0,"turns":6.0},{"damage":5.0,"enemies":"downfall:FleeingMerchant","floor":8.0,"turns":4.0},{"damage":14.0,"enemies":"Exordium Wildlife","floor":10.0,"turns":5.0},{"damage":44,"enemies":"3 Sentries","floor":11,"turns":5}],"seed_played":"5121387561728078910","potions_obtained":[{"floor":3.0,"key":"CultistPotion"},{"floor":4.0,"key":"BlessingOfTheForge"},{"floor":6.0,"key":"SpeedPotion"}],"is_trial":false,"path_per_floor":["R","M","M","M","M","?","T","$","R","M","E"],"character_chosen":"THE_SNECKO","items_purchased":["hexamod:CandleOfCauterizing"],"campfire_rested":1,"item_purchase_floors":[8],"current_hp_per_floor":[90,89,84,83,75,36,36,31,58,44,0,0,0],"gold":47,"neow_bonus":"RANDOM_COMMON_RELIC","is_daily":false,"chose_seed":false,"campfire_upgraded":0,"win_rate":0.0,"timestamp":1611722426,"path_taken":["R","?","M","M","M","?","T","$","R","M","E"],"items_purchased_type":["Relic"],"build_version":"2020-12-22","purchased_purges":0,"victory":false,"max_hp_per_floor":[90,90,90,90,90,90,90,90,90,90,90,90,90],"card_choices":[{"not_picked":["sneckomod:WideSting","sneckomod:UnknownDraw"],"picked":"sneckomod:UnknownClassGREEN","floor":2.0},{"not_picked":["sneckomod:QuickBite","sneckomod:Unknown1Cost"],"picked":"sneckomod:MasterEye","floor":3.0},{"not_picked":["sneckomod:DiceBlock","sneckomod:UnknownVulnerable","sneckomod:DefensiveFlair"],"picked":"SKIP","floor":4.0},{"not_picked":["sneckomod:DiceBlock","sneckomod:UnknownDraw"],"picked":"sneckomod:ImprovisedGuard","floor":5.0},{"not_picked":["sneckomod:WideSting","sneckomod:SoulRoll"],"picked":"sneckomod:SerpentIdol","floor":8.0},{"not_picked":["sneckomod:UnknownExhaust","sneckomod:WideSting","sneckomod:DiceCrush"],"picked":"SKIP","floor":10.0}],"player_experience":491807,"relics_obtained":[{"floor":6.0,"key":"downfall:GremlinWheel"}],"event_choices":[],"is_beta":false,"boss_relics":[],"items_purged_floors":[],"is_endless":false,"potions_floor_spawned":[3,4,6],"killed_by":"3 Sentries","ascension_level":1}}