{"host":"qsusua7l529r8z9k","time":1611752487,"event":{"mods":["BaseMod","Minty Spire (QoL Compilation)","StSLib"],"gold_per_floor":[116,132,282,282,299,299,224,224,271,284,284,317,328,345,345,423,423,441,441,459,201,201,201],"floor_reached":22,"language":"ZHS","playtime":1112,"items_purged":["Strike_B","Strike_B"],"score":334,"play_id":"e83668c7-53bb-4f9e-aad8-89ac7e8f7267","local_time":"20210127210127","is_ascension_mode":true,"campfire_choices":[{"data":"Strike_B","floor":6.0,"key":"PURGE"},{"data":"Dualcast","floor":8.0,"key":"SMITH"},{"data":"Tempest","floor":11.0,"key":"SMITH"},{"floor":15.0,"key":"REST"}],"circlet_count":0,"master_deck":["AscendersBane","Strike_B","Defend_B","Defend_B","Defend_B","Defend_B","Zap","Dualcast+1","CurseOfTheBell","Ball Lightning","Turbo","Tempest+1","Glacier","Double Energy","Blizzard+1","Buffer","Hello World+1"],"relics":["Calling Bell","Regal Pillow","White Beast Statue","Peace Pipe","Spirit Poop","Dream Catcher","InkBottle","SlaversCollar","Chemical X"],"acts_visited":["Exordium","TheCity"],"potions_floor_usage":[22,22],"damage_taken":[{"damage":13.0,"enemies":"Jaw Worm","floor":1.0,"turns":5.0},{"damage":3.0,"enemies":"2 Louse","floor":2.0,"turns":3.0},{"damage":6.0,"enemies":"Cultist","floor":5.0,"turns":4.0},{"damage":2.0,"enemies":"2 Fungi Beasts","floor":10.0,"turns":4.0},{"damage":8.0,"enemies":"Gremlin Nob","floor":12.0,"turns":3.0},{"damage":6.0,"enemies":"Lots of Slimes","floor":13.0,"turns":5.0},{"damage":15.0,"enemies":"Exordium Thugs","floor":14.0,"turns":5.0},{"damage":18.0,"enemies":"The Guardian","floor":16.0,"turns":16.0},{"damage":24.0,"enemies":"Spheric Guardian","floor":18.0,"turns":4.0},{"damage":29.0,"enemies":"Shell Parasite","floor":20.0,"turns":7.0},{"damage":27,"enemies":"Sentry and Sphere","floor":22,"turns":5}],"seed_played":"-4873401858137016123","potions_obtained":[{"floor":1.0,"key":"Fire Potion"},{"floor":2.0,"key":"AttackPotion"},{"floor":12.0,"key":"Block Potion"},{"floor":13.0,"key":"Regen Potion"},{"floor":14.0,"key":"Swift Potion"}],"is_trial":false,"path_per_floor":["M","M","?","?","M","R","$","R","T","M","R","E","M","M","R","B",null,"M","?","M","$","M"],"character_chosen":"DEFECT","items_purchased":["Chemical X"],"campfire_rested":1,"item_purchase_floors":[21],"current_hp_per_floor":[51,48,48,48,42,42,42,42,42,40,40,32,26,11,47,29,61,37,37,8,8,0,0],"gold":201,"neow_bonus":"BOSS_RELIC","is_daily":false,"chose_seed":false,"campfire_upgraded":2,"win_rate":0.0,"timestamp":1611752487,"path_taken":["M","M","?","?","M","R","$","R","T","M","R","E","?","M","R","BOSS","M","?","M","$","M"],"items_purchased_type":["Relic"],"build_version":"2020-12-22","purchased_purges":2,"victory":false,"max_hp_per_floor":[71,71,71,71,71,71,71,71,71,71,71,71,71,71,71,71,71,71,71,71,71,71,71],"card_choices":[{"not_picked":["Cold Snap","Leap"],"picked":"Ball Lightning","floor":1.0},{"not_picked":["Stack","Force Field","Barrage"],"picked":"SKIP","floor":2.0},{"not_picked":["Conserve Battery","Fusion"],"picked":"Turbo","floor":5.0},{"not_picked":["Chaos","Hologram"],"picked":"Tempest","floor":10.0},{"not_picked":["Thunder Strike","Leap"],"picked":"Glacier","floor":12.0},{"not_picked":["Go for the Eyes","Conserve Battery"],"picked":"Double Energy","floor":13.0},{"not_picked":["Genetic Algorithm","Consume","Reprogram"],"picked":"SKIP","floor":14.0},{"not_picked":["Barrage","Beam Cell"],"picked":"Blizzard","floor":15.0},{"not_picked":["All For One","Multi-Cast"],"picked":"Buffer","floor":16.0},{"not_picked":["Tempest","Loop","Stack"],"picked":"SKIP","floor":18.0},{"not_picked":["Compile Driver","Beam Cell"],"picked":"Hello World+1","floor":20.0}],"player_experience":513672,"relics_obtained":[{"floor":0.0,"key":"Regal Pillow"},{"floor":0.0,"key":"White Beast Statue"},{"floor":0.0,"key":"Peace Pipe"},{"floor":9.0,"key":"Dream Catcher"},{"floor":12.0,"key":"InkBottle"}],"event_choices":[{"damage_healed":0.0,"max_hp_gain":0.0,"max_hp_loss":0.0,"gold_gain":150.0,"event_name":"Liars Game","player_choice":"AGREE","floor":3.0,"gold_loss":0.0,"damage_taken":0.0,"cards_obtained":["Doubt"]},{"cards_removed":["Doubt"],"damage_healed":0.0,"max_hp_gain":0.0,"max_hp_loss":0.0,"gold_gain":0.0,"event_name":"Bonfire Elementals","player_choice":"Offered Curse","floor":4.0,"gold_loss":0.0,"damage_taken":0.0,"relics_obtained":["Spirit Poop"]},{"damage_healed":0.0,"max_hp_gain":0.0,"max_hp_loss":0.0,"gold_gain":0.0,"event_name":"Upgrade Shrine","player_choice":"Upgraded","floor":19.0,"gold_loss":0.0,"damage_taken":0.0,"cards_upgraded":["Blizzard"]}],"is_beta":false,"boss_relics":[{"not_picked":["Fusion Hammer","SacredBark"],"picked":"SlaversCollar"}],"items_purged_floors":[7,21],"is_endless":false,"potions_floor_spawned":[1,2,5,10,12,13,14,16,18,20],"killed_by":"Sentry and Sphere","ascension_level":16}}