{"host":"farxtl2u8hmkbdo2","time":1611760716,"event":{"mods":["A Magickal Journey","BaseMod","Better Altar","Better Note","Better Sensory Stone","Better Skull","Better Third Choice","Challenge The Spire","Colored Map","Colored Powertips","Current Relic Mod","Energized Spire","Fox Events","Gremlin Mod","Hermit","Hubris","Mimic Mod","Minty Spire (QoL Compilation)","Quick Restart","READ ME - Guardian Mod","READ ME - Snecko Mod","Rare Cards Sparkle","StSLib","The Bladedancer","The Bug Knight","The Cursed","The Disciple","The Elementalist","The Hierophant","The Marked","The Necromancer","The Runesmith","Transform Curses"],"gold_per_floor":[109,119,139,139,154,154,205,234,280,280,47,322,362,343,343,355,355,369,369,42,69,69,69,16,16,16,16,113,71,71],"floor_reached":29,"language":"SPA","playtime":1691,"items_purged":[],"score":293,"play_id":"0ab6ab71-a615-44d6-aabe-abf0c5098914","local_time":"20210127121836","is_ascension_mode":false,"campfire_choices":[{"data":"hierophant:ChurchCoffers","floor":6,"key":"SMITH"},{"data":"hierophant:SolarFlare","floor":10,"key":"SMITH"},{"data":"hierophant:SolarFlare","floor":15,"key":"SMITH"},{"data":"hierophant:Glossolalia","floor":23,"key":"SMITH"},{"data":"hierophant:HolyVerse","floor":25,"key":"SMITH"}],"circlet_count":0,"master_deck":["hierophant:Strike_Hierophant","hierophant:Strike_Hierophant","hierophant:Strike_Hierophant","hierophant:Strike_Hierophant","hierophant:Punish","hierophant:Defend_Hierophant","hierophant:Defend_Hierophant+1","hierophant:Defend_Hierophant","hierophant:Defend_Hierophant","hierophant:ChurchCoffers+1","hierophant:Zeal","hierophant:Doubloon","hierophant:RecallFunds","hierophant:Doubloon+1","hierophant:Remorse","hierophant:Chorus","hierophant:ThreeLashes","hierophant:PristineSoul","hierophant:SolarFlare+1","hierophant:Refuge","hierophant:Doubloon","Regret","hierophant:SolarFlare+1","hierophant:Mercenaries","hierophant:BulkyChest","hierophant:Doubloon","hierophant:CoinFling","hierophant:ChurchCoffers+1","hierophant:Glossolalia+1","hierophant:ArchangelShield","Trip","Secret Weapon","hierophant:HolyVerse+1","hierophant:RustyCrate","hierophant:Doubloon","hierophant:Doubloon"],"relics":["hierophant:PropheticMaskRelic","Boot","Nunchaku","War Paint","Philosopher\u0027s Stone","DollysMirror","MealTicket","hubris:DisguiseKit","Thread and Needle"],"acts_visited":["Exordium","TheCity"],"potions_floor_usage":[7,16],"damage_taken":[{"damage":2,"enemies":"2 Louse","floor":1,"turns":2},{"damage":0,"enemies":"Small Slimes","floor":2,"turns":2},{"damage":6,"enemies":"Jaw Worm","floor":3,"turns":3},{"damage":13,"enemies":"Gremlin Gang","floor":5,"turns":3},{"damage":37,"enemies":"Gremlin Nob","floor":7,"turns":5},{"damage":0,"enemies":"3 Louse","floor":8,"turns":2},{"damage":4,"enemies":"Exordium Thugs","floor":9,"turns":7},{"damage":3,"enemies":"Exordium Thugs","floor":13,"turns":3},{"damage":0,"enemies":"Looter","floor":14,"turns":1},{"damage":7,"enemies":"Hexaghost","floor":16,"turns":4},{"damage":14,"enemies":"Shell Parasite","floor":18,"turns":2},{"damage":46,"enemies":"3 Byrds","floor":21,"turns":6},{"damage":36,"enemies":"Slavers","floor":28,"turns":6},{"damage":13,"enemies":"Snake Plant","floor":29,"turns":8}],"seed_played":"-4747181866687028438","potions_obtained":[{"floor":2,"key":"FairyPotion"},{"floor":5,"key":"Fruit Juice"},{"floor":7,"key":"SmokeBomb"},{"floor":13,"key":"DistilledChaos"},{"floor":21,"key":"SpeedPotion"}],"is_trial":false,"path_per_floor":["M","M","M","?","M","R","E","M","MIM","R","$","?","M","M","R","B",null,"M","?","$","M","?","R","$","R","T","?","E","MIM"],"character_chosen":"HIEROPHANT","items_purchased":["War Paint","hierophant:Refuge","DollysMirror","MealTicket","hierophant:Glossolalia","hierophant:HolyVerse"],"campfire_rested":0,"item_purchase_floors":[11,11,20,20,20,24],"current_hp_per_floor":[80,80,74,74,61,61,29,29,25,25,25,25,22,22,22,15,87,73,73,73,27,27,27,42,42,42,11,12,0,0],"gold":71,"neow_bonus":"TEN_PERCENT_HP_BONUS","is_daily":false,"chose_seed":false,"campfire_upgraded":5,"win_rate":0.0,"timestamp":1611760716,"path_taken":["M","M","M","?","M","R","E","M","MIM","R","$","?","M","?","R","BOSS","M","?","?","M","?","R","?","R","T","?","E","?"],"items_purchased_type":["Relic","Card","Relic","Relic","Card","Card"],"build_version":"2020-12-22","purchased_purges":0,"victory":false,"max_hp_per_floor":[82,82,82,82,82,82,87,87,87,87,87,87,87,87,87,87,87,87,87,87,87,87,87,87,87,87,87,87,87,87],"card_choices":[{"not_picked":["hierophant:Purify","hierophant:Doubloon"],"picked":"hierophant:Zeal","floor":1},{"not_picked":["hierophant:Shelter","hierophant:OrnateJavelin"],"picked":"hierophant:RecallFunds","floor":2},{"not_picked":["hierophant:Martyrdom","hierophant:Bribe"],"picked":"hierophant:Remorse","floor":3},{"not_picked":["hierophant:Empathy","hierophant:FlamingChariot"],"picked":"hierophant:Chorus","floor":5},{"not_picked":["hierophant:CursedGold","hierophant:HammerAndAnvil"],"picked":"hierophant:ThreeLashes","floor":7},{"not_picked":["hierophant:MorningPrayer","hierophant:Upheaval"],"picked":"hierophant:PristineSoul","floor":8},{"not_picked":["hierophant:FlamingChariot","hierophant:Community"],"picked":"hierophant:SolarFlare","floor":9},{"not_picked":["hierophant:OrnateBuckler","hierophant:Smite"],"picked":"hierophant:SolarFlare","floor":13},{"not_picked":["hierophant:AuricBeam","hierophant:Remorse"],"picked":"hierophant:Mercenaries","floor":14},{"not_picked":["hierophant:DeathKnell","hierophant:Cornucopia"],"picked":"hierophant:BulkyChest","floor":16},{"not_picked":["hierophant:HammerAndAnvil","hierophant:Glossolalia"],"picked":"hierophant:CoinFling","floor":18},{"not_picked":["hierophant:Empathy","hierophant:CursedGold"],"picked":"hierophant:ArchangelShield","floor":21},{"not_picked":["hubris:Insight","Jack Of All Trades"],"picked":"Trip","floor":22},{"not_picked":["Jack Of All Trades","Deep Breath"],"picked":"Secret Weapon","floor":22},{"not_picked":["hierophant:FlamingChariot","hierophant:Prophecy","hermit:CursedWeapon"],"picked":"hierophant:RustyCrate","floor":28}],"player_experience":1905320,"relics_obtained":[{"floor":7,"key":"Boot"},{"floor":9,"key":"Nunchaku"},{"floor":26,"key":"hubris:DisguiseKit"},{"floor":28,"key":"Thread and Needle"}],"event_choices":[{"damage_healed":0,"gold_gain":275,"player_choice":"Desecrate","damage_taken":0,"max_hp_gain":0,"max_hp_loss":0,"event_name":"Golden Shrine","floor":12,"gold_loss":0,"cards_obtained":["Regret"]},{"cards_removed":["hierophant:SolarFlare"],"damage_healed":0,"gold_gain":0,"player_choice":"Give","damage_taken":0,"max_hp_gain":0,"max_hp_loss":0,"event_name":"betterNote:BetterNote","floor":19,"gold_loss":0,"cards_obtained":["None"]},{"damage_healed":0,"gold_gain":2,"player_choice":"1","damage_taken":0,"max_hp_gain":0,"max_hp_loss":0,"event_name":"betterStone:BetterStone","floor":22,"gold_loss":0}],"is_beta":false,"boss_relics":[{"not_picked":["energizedSpire:MagnifyingGlass","hubris:CrackedHourglass"],"picked":"Philosopher\u0027s Stone"}],"items_purged_floors":[],"is_endless":false,"potions_floor_spawned":[2,5,7,13,21],"killed_by":"Snake Plant","ascension_level":0}}