{"host":"9709z2dy8v1s63sm","time":1611733690,"event":{"mods":["AchievementEnabler","BaseMod","Minty Spire (QoL Compilation)","StSLib","SuperFastMode"],"gold_per_floor":[110,130,148,167,178,178,206,230,230,248,261,274,306,317,317,394,394,407,425,425,445,94,124,143,169,169,204,219,144,144,144,144,144,144],"floor_reached":33,"language":"KOR","playtime":1053,"items_purged":["Strike_R"],"score":533,"play_id":"e9c2a888-719f-4b46-8cf5-e091e04d011a","local_time":"20210127164810","is_ascension_mode":true,"campfire_choices":[{"data":"Whirlwind","floor":6.0,"key":"SMITH"},{"data":"Uppercut","floor":15.0,"key":"SMITH"},{"data":"Strike_R","floor":30.0,"key":"PURGE"},{"data":"Strike_R","floor":32.0,"key":"PURGE"}],"circlet_count":0,"master_deck":["AscendersBane","Strike_R","Defend_R","Defend_R","Defend_R","Defend_R","Bash","Whirlwind+1","Flex","Sword Boomerang","Pommel Strike","Offering","Shrug It Off","Uppercut+1","Evolve","Berserk","Wild Strike+1","Second Wind","Sentinel","Inflame+1","Shrug It Off","Sentinel","Body Slam"],"relics":["Burning Blood","Blood Vial","Lantern","Odd Mushroom","StoneCalendar","Bottled Flame","Mark of Pain","Membership Card","Frozen Egg 2","Magic Flower","Peace Pipe","Lizard Tail","Vajra","Enchiridion"],"acts_visited":["Exordium","TheCity"],"potions_floor_usage":[33,33],"damage_taken":[{"damage":6.0,"enemies":"Jaw Worm","floor":1.0,"turns":5.0},{"damage":2.0,"enemies":"2 Louse","floor":2.0,"turns":3.0},{"damage":9.0,"enemies":"Small Slimes","floor":3.0,"turns":4.0},{"damage":4.0,"enemies":"Red Slaver","floor":4.0,"turns":4.0},{"damage":12.0,"enemies":"Looter","floor":5.0,"turns":4.0},{"damage":41.0,"enemies":"Lagavulin","floor":7.0,"turns":6.0},{"damage":0.0,"enemies":"The Mushroom Lair","floor":8.0,"turns":1.0},{"damage":0.0,"enemies":"2 Fungi Beasts","floor":10.0,"turns":1.0},{"damage":9.0,"enemies":"Blue Slaver","floor":11.0,"turns":2.0},{"damage":0.0,"enemies":"3 Louse","floor":12.0,"turns":1.0},{"damage":19.0,"enemies":"Gremlin Nob","floor":13.0,"turns":4.0},{"damage":0.0,"enemies":"Gremlin Gang","floor":14.0,"turns":1.0},{"damage":9.0,"enemies":"Slime Boss","floor":16.0,"turns":6.0},{"damage":19.0,"enemies":"Spheric Guardian","floor":18.0,"turns":3.0},{"damage":0.0,"enemies":"3 Byrds","floor":19.0,"turns":4.0},{"damage":6.0,"enemies":"Centurion and Healer","floor":21.0,"turns":3.0},{"damage":24.0,"enemies":"Book of Stabbing","floor":23.0,"turns":5.0},{"damage":32.0,"enemies":"Snake Plant","floor":24.0,"turns":4.0},{"damage":20.0,"enemies":"Slavers","floor":25.0,"turns":3.0},{"damage":35.0,"enemies":"Gremlin Leader","floor":27.0,"turns":5.0},{"damage":24.0,"enemies":"Cultist and Chosen","floor":28.0,"turns":6.0},{"damage":34,"enemies":"Automaton","floor":33,"turns":5}],"seed_played":"2548539156290565824","potions_obtained":[{"floor":1.0,"key":"Block Potion"},{"floor":5.0,"key":"BlessingOfTheForge"},{"floor":8.0,"key":"SteroidPotion"},{"floor":16.0,"key":"Strength Potion"},{"floor":23.0,"key":"SpeedPotion"},{"floor":25.0,"key":"AttackPotion"},{"floor":27.0,"key":"PowerPotion"},{"floor":28.0,"key":"HeartOfIron"}],"is_trial":false,"path_per_floor":["M","M","M","M","M","R","E","?","T","M","M","M","E","M","R","B",null,"M","M","?","M","$","E","M","E","T","E","M","?","R","?","R","B"],"character_chosen":"IRONCLAD","items_purchased":["Membership Card","Frozen Egg 2","Inflame+1"],"campfire_rested":0,"item_purchase_floors":[22,22,22],"current_hp_per_floor":[74,80,77,80,74,74,41,49,49,57,56,64,53,61,61,60,75,64,72,57,59,59,43,23,15,15,59,47,47,47,31,31,0,0],"gold":144,"neow_bonus":"RANDOM_COMMON_RELIC","is_daily":false,"chose_seed":false,"campfire_upgraded":2,"win_rate":0.0,"timestamp":1611733690,"path_taken":["M","M","M","M","M","R","E","?","T","M","M","M","E","M","R","BOSS","M","M","?","M","$","E","M","E","T","E","M","?","R","?","R","BOSS"],"items_purchased_type":["Relic","Relic","Card"],"build_version":"2020-12-22","purchased_purges":1,"victory":false,"max_hp_per_floor":[80,80,80,80,80,80,80,80,80,80,80,80,80,80,80,80,80,80,80,85,85,85,85,85,85,85,85,85,85,85,85,85,85,85],"card_choices":[{"not_picked":["Armaments","Flame Barrier"],"picked":"Whirlwind","floor":1.0},{"not_picked":["Twin Strike","Rampage"],"picked":"Flex","floor":2.0},{"not_picked":["Wild Strike","Armaments","Heavy Blade"],"picked":"SKIP","floor":3.0},{"not_picked":["Headbutt","Perfected Strike"],"picked":"Sword Boomerang","floor":4.0},{"not_picked":["Clash","Entrench"],"picked":"Pommel Strike","floor":5.0},{"not_picked":["Evolve","Cleave"],"picked":"Offering","floor":7.0},{"not_picked":["Perfected Strike","Power Through"],"picked":"Shrug It Off","floor":8.0},{"not_picked":["Dropkick","Searing Blow","True Grit"],"picked":"SKIP","floor":10.0},{"not_picked":["Twin Strike","Sever Soul","Heavy Blade"],"picked":"SKIP","floor":11.0},{"not_picked":["Limit Break","Perfected Strike"],"picked":"Uppercut","floor":12.0},{"not_picked":["Clash","Anger","Flex"],"picked":"SKIP","floor":13.0},{"not_picked":["Immolate","Sword Boomerang"],"picked":"Evolve","floor":14.0},{"not_picked":["Fiend Fire","Juggernaut"],"picked":"Berserk","floor":16.0},{"not_picked":["Sword Boomerang","Dual Wield"],"picked":"Wild Strike+1","floor":18.0},{"not_picked":["Shockwave","Rage"],"picked":"Second Wind","floor":19.0},{"not_picked":["Flex","Warcry"],"picked":"Sentinel","floor":21.0},{"not_picked":["Hemokinesis","Twin Strike"],"picked":"Shrug It Off","floor":23.0},{"not_picked":["Thunderclap","Twin Strike"],"picked":"Sentinel","floor":24.0},{"not_picked":["Second Wind","Carnage","Armaments"],"picked":"SKIP","floor":25.0},{"not_picked":["Dual Wield","Twin Strike"],"picked":"Body Slam","floor":27.0},{"not_picked":["Anger+1","Fiend Fire","Hemokinesis"],"picked":"SKIP","floor":28.0}],"player_experience":100242,"relics_obtained":[{"floor":7.0,"key":"Lantern"},{"floor":8.0,"key":"Odd Mushroom"},{"floor":9.0,"key":"StoneCalendar"},{"floor":13.0,"key":"Bottled Flame"},{"floor":23.0,"key":"Magic Flower"},{"floor":25.0,"key":"Peace Pipe"},{"floor":26.0,"key":"Lizard Tail"},{"floor":27.0,"key":"Vajra"},{"floor":31.0,"key":"Enchiridion"}],"event_choices":[{"damage_healed":0.0,"max_hp_gain":0.0,"max_hp_loss":0.0,"gold_gain":0.0,"event_name":"Mushrooms","player_choice":"Fought Mushrooms","floor":8.0,"gold_loss":0.0,"damage_taken":0.0},{"damage_healed":0.0,"max_hp_gain":5.0,"max_hp_loss":0.0,"gold_gain":0.0,"event_name":"Forgotten Altar","player_choice":"Shed Blood","floor":20.0,"gold_loss":0.0,"damage_taken":20.0},{"cards_removed":["Strike_R"],"damage_healed":0.0,"max_hp_gain":0.0,"max_hp_loss":0.0,"gold_gain":0.0,"event_name":"Beggar","player_choice":"Gave Gold","floor":29.0,"gold_loss":75.0,"damage_taken":0.0},{"damage_healed":0.0,"max_hp_gain":0.0,"max_hp_loss":0.0,"gold_gain":0.0,"event_name":"Cursed Tome","player_choice":"Obtained Book","floor":31.0,"gold_loss":0.0,"damage_taken":16.0}],"is_beta":false,"boss_relics":[{"not_picked":["Calling Bell","Runic Pyramid"],"picked":"Mark of Pain"}],"items_purged_floors":[22],"is_endless":false,"potions_floor_spawned":[1,5,8,16,23,25,27,28],"killed_by":"Automaton","ascension_level":13}}