{"host":"7k2a2omxz3voj5ax","time":1611770356,"event":{"mods":["BaseMod","Marisa£¨ìFÓê¡¡Ä§ÀíÉ³£©","Minty Spire (QoL Compilation)","Quick Restart","Spicy Shops","StSLib","Starting Relic: Pandora\u0027s Box","Yakumo Yukari mod","¡¾ÒÅÎï¿¨ÅÆ¡¿REMEMod","óô»ðÖ¸ÄÏ"],"gold_per_floor":[116,131,131,5102,5102,3801,3801,3837,2855,2855,2855,2870,2889,2905,2923,2946,2971,2971,3061,3061,3077,2992,3017,3031,3031,3031,2710,2731,2769,2769,2769,2792,2825,2844,2862,2885,2909,2944,2969,2969,3059,3059,3084,3099,3099,3099,3115,3148,2622,2666,2248,2318,2318,2349,2369,2369,2407,2245,2000,2000,2000,1831,1266,1304,1304],"floor_reached":66,"language":"ZHS","playtime":3702,"items_purged":["Sweeping Beam","Go for the Eyes","Dualcast","Sweeping Beam+1","Cold Snap+1"],"score":2822,"play_id":"3e7cd527-4869-410f-bfe0-ad37bb8ef343","local_time":"20210128025916","is_ascension_mode":true,"campfire_choices":[{"data":"Human_Monster_Realm_purple","floor":7.0,"key":"SMITH"},{"data":"Defragment","floor":18.0,"key":"SMITH"},{"data":"Armaments","floor":40.0,"key":"SMITH"},{"floor":56.0,"key":"RECALL"}],"circlet_count":0,"master_deck":["Coolheaded+1","Storm+1","Barrage+1","Double Energy+1","Human_Monster_Realm_purple+1","Human_Monster_Realm_purple+1","Self Repair+1","Defragment+1","Impatience+1","Capacitor+1","Coolheaded+1","Turbo+1","Defragment+1","Armaments+1","Burning Pact+1","PowerUp+1","TalkToTheHand+1","Defragment+1","Consume+1","REME_SelfUpgrade+1","Loop+1","Creative AI+1","Capacitor+1"],"relics":["Pandora\u0027s Box","REME_ComplimentaryCards","NeowsBlessing","Runic Capacitor","DollysMirror","Golden Idol","Sundial","OrangePellets","Anchor","Whetstone","Cables","Potion Belt","TheAbacus","Medical Kit","War Paint","Pear","Coffee Dripper","Strange Spoon","Nilry\u0027s Codex","Bag of Preparation","PrismaticShard","Mummified Hand","Shuriken","Orichalcum","Blood Vial","Frozen Egg 2","Runic Pyramid","Regal Pillow","Symbiotic Virus","Emotion Chip","ClockworkSouvenir","Lizard Tail","Membership Card","DataDisk","Lantern","Mercury Hourglass","Centennial Puzzle","Art of War","Bottled Lightning","InkBottle","Orrery","Calipers","Torii","Thread and Needle","Turnip","Ginger"],"acts_visited":["Exordium","TheCity","TheBeyond","TheEnding"],"potions_floor_usage":[65,65,65],"damage_taken":[{"damage":0.0,"enemies":"Cultist","floor":1.0,"turns":1.0},{"damage":0.0,"enemies":"Small Slimes","floor":2.0,"turns":1.0},{"damage":0.0,"enemies":"Gremlin Nob","floor":8.0,"turns":2.0},{"damage":0.0,"enemies":"Jaw Worm","floor":12.0,"turns":2.0},{"damage":0.0,"enemies":"Blue Slaver","floor":13.0,"turns":2.0},{"damage":7.0,"enemies":"Gremlin Gang","floor":14.0,"turns":2.0},{"damage":1.0,"enemies":"Looter","floor":15.0,"turns":2.0},{"damage":0.0,"enemies":"Blue Slaver","floor":16.0,"turns":3.0},{"damage":0.0,"enemies":"Gremlin Gang","floor":17.0,"turns":3.0},{"damage":25.0,"enemies":"Hexaghost","floor":19.0,"turns":4.0},{"damage":0.0,"enemies":"Chosen","floor":21.0,"turns":3.0},{"damage":0.0,"enemies":"Spheric Guardian","floor":23.0,"turns":3.0},{"damage":3.0,"enemies":"Snake Plant","floor":24.0,"turns":4.0},{"damage":2.0,"enemies":"Shelled Parasite and Fungi","floor":28.0,"turns":3.0},{"damage":0.0,"enemies":"Slavers","floor":29.0,"turns":4.0},{"damage":0.0,"enemies":"Gremlin Leader","floor":33.0,"turns":2.0},{"damage":0.0,"enemies":"Centurion and Healer","floor":34.0,"turns":2.0},{"damage":0.0,"enemies":"Snecko","floor":35.0,"turns":2.0},{"damage":0.0,"enemies":"Shelled Parasite and Fungi","floor":36.0,"turns":3.0},{"damage":0.0,"enemies":"3 Cultists","floor":37.0,"turns":2.0},{"damage":12.0,"enemies":"Book of Stabbing","floor":38.0,"turns":3.0},{"damage":2.0,"enemies":"Cultist and Chosen","floor":39.0,"turns":3.0},{"damage":0.0,"enemies":"Collector","floor":41.0,"turns":1.0},{"damage":17.0,"enemies":"3 Darklings","floor":43.0,"turns":3.0},{"damage":0.0,"enemies":"Orb Walker","floor":44.0,"turns":3.0},{"damage":13.0,"enemies":"3 Darklings","floor":47.0,"turns":2.0},{"damage":0.0,"enemies":"Nemesis","floor":48.0,"turns":3.0},{"damage":18.0,"enemies":"Reptomancer","floor":50.0,"turns":3.0},{"damage":0.0,"enemies":"Reptomancer","floor":53.0,"turns":6.0},{"damage":0.0,"enemies":"Giant Head","floor":54.0,"turns":3.0},{"damage":0.0,"enemies":"Transient","floor":55.0,"turns":3.0},{"damage":0.0,"enemies":"Nemesis","floor":57.0,"turns":3.0},{"damage":0.0,"enemies":"Donu and Deca","floor":60.0,"turns":2.0},{"damage":0,"enemies":"Shield and Spear","floor":64,"turns":2},{"damage":25,"enemies":"The Heart","floor":65,"turns":3}],"seed_played":"-1963018082825467383","potions_obtained":[{"floor":8.0,"key":"Fire Potion"},{"floor":12.0,"key":"Swift Potion"},{"floor":15.0,"key":"SpeedPotion"},{"floor":16.0,"key":"Block Potion"},{"floor":19.0,"key":"FocusPotion"},{"floor":24.0,"key":"Explosive Potion"},{"floor":28.0,"key":"SneckoOil"},{"floor":34.0,"key":"PowerPotion"},{"floor":36.0,"key":"SkillPotion"},{"floor":41.0,"key":"DuplicationPotion"},{"floor":47.0,"key":"EssenceOfDarkness"},{"floor":64,"key":"PotionOfCapacity"}],"is_trial":false,"path_per_floor":["M","M","?","$","?","$","R","E","R","T","T","M","M","M","M","M","M","R","B",null,"M","$","M","M","?","?","R","M","E","?","T","T","E","M","M","M","M","E","M","R","B",null,"M","M","?","T","M","E","R","E","R","T","?","E","M","R","E","R","R","B",null,"R","$","E","B",null],"character_chosen":"DEFECT","items_purchased":["Runic Capacitor","DollysMirror","Self Repair","Sundial","OrangePellets","Anchor","Defragment","Whetstone","Impatience","Potion Belt","TheAbacus","Medical Kit","War Paint","Capacitor","Coolheaded","Strange Spoon","Bag of Preparation","PrismaticShard","Emotion Chip","Defragment+1","ClockworkSouvenir","Membership Card","DataDisk","Consume","Lantern","Centennial Puzzle","Art of War","Bottled Lightning","InkBottle","REME_SelfUpgrade+1","Loop+1","Orrery","Calipers","Torii","Thread and Needle","Turnip"],"campfire_rested":0,"item_purchase_floors":[4,4,4,6,6,6,6,6,6,9,9,9,9,9,9,22,27,27,49,49,49,51,51,51,51,58,58,59,59,59,62,62,63,63,63,63],"current_hp_per_floor":[64,64,43,43,43,43,43,50,50,50,60,60,67,67,66,66,73,73,55,69,74,74,74,74,74,53,53,58,65,65,65,65,72,74,74,74,74,69,74,74,74,74,67,74,74,74,74,74,74,56,56,56,74,74,74,74,74,74,74,74,74,74,74,74,59],"gold":1304,"neow_bonus":"THREE_ENEMY_KILL","is_daily":false,"chose_seed":false,"campfire_upgraded":3,"win_rate":0.0,"timestamp":1611770356,"path_taken":["M","?","?","$","?","?","R","E","R","T","T","M","?","?","M","M","M","R","BOSS","M","$","M","M","?","?","R","M","E","?","T","T","E","M","M","M","?","E","M","R","BOSS","M","M","?","?","?","E","R","E","R","T","?","E","M","R","E","R","R","BOSS","R","$","E","BOSS"],"items_purchased_type":["Relic","Relic","Card","Relic","Relic","Relic","Card","Relic","Card","Relic","Relic","Relic","Relic","Card","Card","Relic","Relic","Relic","Relic","Card","Relic","Relic","Relic","Card","Relic","Relic","Relic","Relic","Relic","Card","Card","Relic","Relic","Relic","Relic","Relic"],"build_version":"2020-12-22","purchased_purges":5,"victory":true,"max_hp_per_floor":[71,71,71,71,64,64,64,64,64,64,74,74,74,74,74,74,74,74,74,74,74,74,74,74,74,74,74,74,74,74,74,74,74,74,74,74,74,74,74,74,74,74,74,74,74,74,74,74,74,74,74,74,74,74,74,74,74,74,74,74,74,74,74,74,74],"card_choices":[{"not_picked":["Beam Cell","Scrape","REME_DataAnalysis"],"picked":"SKIP","floor":1.0},{"not_picked":["Gash","Fusion","Hello World"],"picked":"SKIP","floor":2.0},{"not_picked":["Compile Driver","Storm","Reinforced Body"],"picked":"SKIP","floor":8.0},{"not_picked":["Reprogram","REME_DataAnalysis"],"picked":"Turbo","floor":12.0},{"not_picked":["Glacier","Beam Cell","Leap"],"picked":"SKIP","floor":13.0},{"not_picked":["Gash","Reboot","Leap"],"picked":"SKIP","floor":14.0},{"not_picked":["Coolheaded","Cold Snap"],"picked":"Defragment","floor":15.0},{"not_picked":["Static Discharge","Coolheaded","Hologram"],"picked":"SKIP","floor":16.0},{"not_picked":["Force Field","REME_Whirling","Turbo"],"picked":"SKIP","floor":17.0},{"not_picked":["Fusion+1","Glacier","Conserve Battery"],"picked":"SKIP","floor":21.0},{"not_picked":["Turbo","Hologram+1","Storm"],"picked":"SKIP","floor":23.0},{"not_picked":["Gash+1","Redo","Darkness"],"picked":"SKIP","floor":24.0},{"not_picked":["Mind Blast","EventHorizon"],"picked":"Armaments","floor":28.0},{"not_picked":["SharpContractionReality_purple","Acrobatics","Undo"],"picked":"SKIP","floor":29.0},{"not_picked":["Jack Of All Trades","Riddle With Holes"],"picked":"Burning Pact+1","floor":33.0},{"not_picked":["ButterflyHabitatTemple_purple","Compile Driver","6A+1"],"picked":"SKIP","floor":34.0},{"not_picked":["AlicesGift","Robbery","PiercingWail","Buffer"],"picked":"PowerUp","floor":35.0},{"not_picked":["ExistenceContinue_purple","EventHorizon","Redo"],"picked":"SKIP","floor":36.0},{"not_picked":["Line_surface_state_purple","Rupture","FlurryOfBlows"],"picked":"SKIP","floor":37.0},{"not_picked":["Bait_HighSpeedFlying_purple+1","Iron Wave+1","BootSequence"],"picked":"SKIP","floor":38.0},{"not_picked":["Combust+1","Sucker Punch","Force Field"],"picked":"SKIP","floor":39.0},{"not_picked":["ChargeUpSpray","Twin Strike+1","Worldmountain_purple","StarBarrage+1"],"picked":"TalkToTheHand","floor":43.0},{"not_picked":["Accuracy+1","Second Wind","Shrug It Off+1"],"picked":"SKIP","floor":44.0},{"not_picked":["Sever Soul","Deep Breath","MentalFortress+1"],"picked":"SKIP","floor":47.0},{"not_picked":["Masterful Stab","Flying Knee+1","RealityDreamConfluencek_purple+1"],"picked":"SKIP","floor":48.0},{"not_picked":["Protect","ShootingEcho","DragonMeteor"],"picked":"SKIP","floor":50.0},{"not_picked":["DragonMeteor","Double Tap","Stack","GravityBeat+1","Consecrate"],"picked":"SKIP","floor":54.0},{"not_picked":["Entrench","Dark Shackles","Clothesline"],"picked":"SKIP","floor":55.0},{"not_picked":["LikeWater+1","Fire Breathing+1","Cold Snap"],"picked":"SKIP","floor":57.0},{"not_picked":["REME_Repentance","UnstableBomb+1"],"picked":"Creative AI+1","floor":62.0},{"not_picked":["CutThroughFate","EmptyBody"],"picked":"Capacitor+1","floor":62.0},{"not_picked":["Hologram","AsteroidBelt+1","TreasureHunter","Warcry","GrandCross"],"picked":"SKIP","floor":64}],"player_experience":256771,"relics_obtained":[{"floor":8.0,"key":"Cables"},{"floor":11.0,"key":"Pear"},{"floor":26.0,"key":"Nilry\u0027s Codex"},{"floor":29.0,"key":"Mummified Hand"},{"floor":31.0,"key":"Shuriken"},{"floor":32.0,"key":"Orichalcum"},{"floor":33.0,"key":"Blood Vial"},{"floor":38.0,"key":"Frozen Egg 2"},{"floor":46.0,"key":"Regal Pillow"},{"floor":48.0,"key":"Symbiotic Virus"},{"floor":50.0,"key":"Lizard Tail"},{"floor":54.0,"key":"Mercury Hourglass"},{"floor":64,"key":"Ginger"}],"event_choices":[{"damage_healed":0.0,"max_hp_gain":0.0,"max_hp_loss":0.0,"gold_gain":0.0,"event_name":"Shining Light","player_choice":"Entered Light","floor":3.0,"gold_loss":0.0,"damage_taken":21.0,"cards_upgraded":["Zap","Sweeping Beam"]},{"damage_healed":0.0,"max_hp_gain":0.0,"max_hp_loss":7.0,"gold_gain":0.0,"event_name":"Golden Idol","player_choice":"Lose Max HP","floor":5.0,"gold_loss":0.0,"damage_taken":0.0,"relics_obtained":["Golden Idol"]},{"damage_healed":0.0,"max_hp_gain":0.0,"max_hp_loss":0.0,"gold_gain":0.0,"event_name":"Ghosts","player_choice":"Ignored","floor":25.0,"gold_loss":0.0,"damage_taken":0.0},{"damage_healed":0.0,"max_hp_gain":0.0,"max_hp_loss":0.0,"gold_gain":0.0,"event_name":"Cursed Tome","player_choice":"Obtained Book","floor":26.0,"gold_loss":0.0,"damage_taken":21.0},{"cards_removed":["Zap"],"damage_healed":0.0,"max_hp_gain":0.0,"max_hp_loss":0.0,"gold_gain":0.0,"event_name":"Purifier","player_choice":"Purged","floor":30.0,"gold_loss":0.0,"damage_taken":0.0},{"damage_healed":0.0,"max_hp_gain":0.0,"max_hp_loss":0.0,"gold_gain":0.0,"event_name":"Tomb of Lord Red Mask","player_choice":"Ignored","floor":45.0,"gold_loss":0.0,"damage_taken":0.0}],"is_beta":false,"boss_relics":[{"not_picked":["Sozu","Nuclear Battery"],"picked":"Coffee Dripper"},{"not_picked":["REME_DuelDisc","Empty Cage"],"picked":"Runic Pyramid"}],"items_purged_floors":[4,4,6,6,9],"is_endless":false,"potions_floor_spawned":[8,12,15,16,19,24,28,34,36,39,41,43,47,48,53,55,64],"ascension_level":16}}