{"host":"da4a6z8aof69aasy","time":1611791391,"event":{"mods":["AchievementEnabler","BaseMod","Block Reminder","Colored Powertips","DeckTracker","Highlight Path","Minty Spire (QoL Compilation)","Permanent Neow","Relic Stats","StSLib"],"gold_per_floor":[117,129,140,155,175,210,210,243,321,348,423,423,448,448,448,519,519,535,551,551,407,421,421,451,451,532,550,570,583,615,632,632,709,709,719,719,390,403,403,432,432,459,539,554,589,589,589,606,606,606,606,606,22,51,51],"floor_reached":56,"language":"ENG","playtime":9689,"items_purged":["Strike_G","Strike_G","Quick Slash"],"score":2431,"play_id":"163778b6-3e95-4e2d-bd50-03244c4b5abb","local_time":"20210128014951","is_ascension_mode":true,"campfire_choices":[{"data":"Dash","floor":7.0,"key":"SMITH"},{"floor":12.0,"key":"REST"},{"data":"Deadly Poison","floor":15.0,"key":"SMITH"},{"data":"After Image","floor":23.0,"key":"SMITH"},{"data":"Neutralize","floor":25.0,"key":"SMITH"},{"data":"Noxious Fumes","floor":32.0,"key":"SMITH"},{"floor":41.0,"key":"REST"},{"floor":46.0,"key":"RECALL"},{"data":"Strike_G","floor":49.0,"key":"PURGE"},{"data":"Night Terror","floor":52.0,"key":"SMITH"}],"circlet_count":0,"master_deck":["AscendersBane","Defend_G","Defend_G","Defend_G","Defend_G","Defend_G","Survivor","Neutralize+1","Choke","Deadly Poison+1","Dash+1","Endless Agony","Die Die Die","Venomology","PiercingWail","Leg Sweep","After Image+1","Noxious Fumes+1","Blade Dance","Blur","Caltrops+1","Backflip","Night Terror+1","Deflect+1","Noxious Fumes+1","Blade Dance+1","Bullet Time","Leg Sweep","PiercingWail","Wraith Form v2+1"],"relics":["Runic Dome","Regal Pillow","Toy Ornithopter","Ornamental Fan","Torii","Lantern","Empty Cage","Mercury Hourglass","Frozen Egg 2","Turnip","Runic Pyramid","TwistedFunnel","Ice Cream","Peace Pipe","Smiling Mask","Nunchaku","Toolbox","Eternal Feather"],"acts_visited":["Exordium","TheCity","TheBeyond","TheEnding"],"potions_floor_usage":[54,55,55,55],"damage_taken":[{"damage":0.0,"enemies":"Cultist","floor":1.0,"turns":5.0},{"damage":0.0,"enemies":"Jaw Worm","floor":2.0,"turns":3.0},{"damage":0.0,"enemies":"Small Slimes","floor":3.0,"turns":4.0},{"damage":0.0,"enemies":"2 Fungi Beasts","floor":4.0,"turns":3.0},{"damage":4.0,"enemies":"Red Slaver","floor":5.0,"turns":4.0},{"damage":15.0,"enemies":"3 Sentries","floor":6.0,"turns":9.0},{"damage":17.0,"enemies":"Lagavulin","floor":8.0,"turns":6.0},{"damage":9.0,"enemies":"Gremlin Nob","floor":10.0,"turns":3.0},{"damage":3.0,"enemies":"3 Sentries","floor":13.0,"turns":8.0},{"damage":10.0,"enemies":"Slime Boss","floor":16.0,"turns":7.0},{"damage":13.0,"enemies":"Chosen","floor":18.0,"turns":5.0},{"damage":6.0,"enemies":"3 Byrds","floor":19.0,"turns":5.0},{"damage":0.0,"enemies":"Centurion and Healer","floor":22.0,"turns":7.0},{"damage":8.0,"enemies":"Slavers","floor":24.0,"turns":6.0},{"damage":17.0,"enemies":"Snake Plant","floor":27.0,"turns":3.0},{"damage":7.0,"enemies":"Sentry and Sphere","floor":28.0,"turns":5.0},{"damage":15.0,"enemies":"Snecko","floor":29.0,"turns":5.0},{"damage":16.0,"enemies":"Gremlin Leader","floor":30.0,"turns":6.0},{"damage":0.0,"enemies":"Centurion and Healer","floor":31.0,"turns":5.0},{"damage":38.0,"enemies":"Automaton","floor":33.0,"turns":12.0},{"damage":42.0,"enemies":"3 Darklings","floor":35.0,"turns":5.0},{"damage":0.0,"enemies":"Orb Walker","floor":38.0,"turns":4.0},{"damage":14.0,"enemies":"Nemesis","floor":40.0,"turns":9.0},{"damage":15.0,"enemies":"Reptomancer","floor":42.0,"turns":4.0},{"damage":2.0,"enemies":"Jaw Worm Horde","floor":44.0,"turns":3.0},{"damage":15.0,"enemies":"Nemesis","floor":45.0,"turns":7.0},{"damage":13.0,"enemies":"Sphere and 2 Shapes","floor":48.0,"turns":6.0},{"damage":2.0,"enemies":"Awakened One","floor":50.0,"turns":18.0},{"damage":6,"enemies":"Shield and Spear","floor":54,"turns":8},{"damage":46,"enemies":"The Heart","floor":55,"turns":12}],"seed_played":"-8450126253326693398","potions_obtained":[{"floor":2.0,"key":"Energy Potion"},{"floor":4.0,"key":"FearPotion"},{"floor":10.0,"key":"Strength Potion"},{"floor":30.0,"key":"EntropicBrew"},{"floor":35.0,"key":"SteroidPotion"},{"floor":40.0,"key":"DistilledChaos"},{"floor":48.0,"key":"Energy Potion"}],"is_trial":false,"path_per_floor":["M","M","M","M","M","E","R","E","T","E","?","R","E","?","R","B",null,"M","M","?","$","M","R","E","R","T","M","M","M","E","M","R","B",null,"M","?","$","M","?","E","R","E","T","M","E","R","?","M","R","B",null,"R","$","E","B",null],"character_chosen":"THE_SILENT","items_purchased":["Noxious Fumes","TwistedFunnel","Noxious Fumes+1","Wraith Form v2+1","Nunchaku","Toolbox","DistilledChaos"],"campfire_rested":2,"item_purchase_floors":[21,37,37,53,53,53,53],"current_hp_per_floor":[59,59,59,59,55,40,40,23,23,19,8,42,39,44,44,39,63,50,49,49,49,54,54,61,61,61,54,52,42,31,36,36,21,59,32,32,32,37,37,28,64,54,54,52,42,42,42,49,49,70,71,71,71,65,34],"gold":51,"neow_bonus":"BOSS_RELIC","is_daily":false,"chose_seed":false,"campfire_upgraded":6,"win_rate":0.0,"timestamp":1611791391,"path_taken":["M","M","?","M","M","E","R","E","T","E","?","R","E","?","R","BOSS","M","M","?","$","?","R","E","R","T","M","M","M","E","M","R","BOSS","M","?","$","M","?","E","R","E","T","M","E","R","?","M","R","BOSS","R","$","E","BOSS"],"items_purchased_type":["Card","Relic","Card","Card","Relic","Relic","Potion"],"build_version":"2020-12-22","purchased_purges":3,"victory":true,"max_hp_per_floor":[66,66,66,66,66,66,66,66,66,66,66,66,66,71,71,71,71,71,71,71,71,71,71,71,71,71,71,71,71,71,71,71,71,71,71,71,71,71,71,71,71,71,71,71,71,71,71,71,71,71,71,71,71,71,71],"relic_stats":{"Peace Pipe":1,"Regal Pillow":30,"Nunchaku":[4],"Torii":33,"counters":[30,187],"Ornamental Fan":[272],"Eternal Feather":0,"Turnip":[11],"Smiling Mask":75,"obtain_stats":[{"TwistedFunnel":37,"Ice Cream":40,"Regal Pillow":6,"Lantern":13,"Torii":10,"Eternal Feather":54,"Frozen Egg 2":26,"Empty Cage":17,"Smiling Mask":45,"Mercury Hourglass":24,"Peace Pipe":42,"Runic Dome":0,"Nunchaku":53,"Ornamental Fan":9,"Toolbox":53,"Turnip":30,"Toy Ornithopter":8,"Ring of the Snake":0,"Runic Pyramid":34},{"TwistedFunnel":21,"Ice Cream":23,"Regal Pillow":6,"Lantern":9,"Torii":8,"Eternal Feather":29,"Frozen Egg 2":14,"Empty Cage":10,"Smiling Mask":26,"Mercury Hourglass":14,"Peace Pipe":24,"Runic Dome":0,"Nunchaku":28,"Ornamental Fan":7,"Toolbox":28,"Turnip":18,"Toy Ornithopter":7,"Ring of the Snake":0,"Runic Pyramid":20},{"TwistedFunnel":116,"Ice Cream":129,"Regal Pillow":28,"Lantern":45,"Torii":37,"Eternal Feather":175,"Frozen Egg 2":75,"Empty Cage":52,"Smiling Mask":143,"Mercury Hourglass":75,"Peace Pipe":133,"Runic Dome":0,"Nunchaku":167,"Ornamental Fan":34,"Toolbox":167,"Turnip":94,"Toy Ornithopter":34,"Ring of the Snake":0,"Runic Pyramid":111}],"Toy Ornithopter":158,"Mercury Hourglass":[393]},"card_choices":[{"not_picked":["Outmaneuver","Blade Dance"],"picked":"Choke","floor":1.0},{"not_picked":["Bane","Well Laid Plans"],"picked":"Deadly Poison","floor":2.0},{"not_picked":["Acrobatics","Deflect"],"picked":"Quick Slash","floor":3.0},{"not_picked":["Reflex","Riddle With Holes","Eviscerate"],"picked":"SKIP","floor":4.0},{"not_picked":["Underhanded Strike","Blade Dance"],"picked":"Dash","floor":5.0},{"not_picked":["Quick Slash","Flechettes"],"picked":"Endless Agony","floor":6.0},{"not_picked":["Deflect","Dodge and Roll","Prepared"],"picked":"SKIP","floor":8.0},{"not_picked":["Deadly Poison","Glass Knife","Slice"],"picked":"SKIP","floor":10.0},{"not_picked":["Setup","Slice"],"picked":"Die Die Die","floor":13.0},{"not_picked":["Die Die Die","Envenom"],"picked":"Venomology","floor":16.0},{"not_picked":["Flying Knee","Deflect"],"picked":"PiercingWail","floor":18.0},{"not_picked":["Acrobatics","Flying Knee"],"picked":"Leg Sweep","floor":19.0},{"not_picked":["Backstab","Acrobatics"],"picked":"Blade Dance","floor":22.0},{"not_picked":["Outmaneuver+1","Slice","Unload"],"picked":"SKIP","floor":24.0},{"not_picked":["Infinite Blades+1","Tactician"],"picked":"Blur","floor":27.0},{"not_picked":["Bane","Quick Slash"],"picked":"Caltrops+1","floor":28.0},{"not_picked":["Dagger Throw","Masterful Stab","Blade Dance"],"picked":"SKIP","floor":29.0},{"not_picked":["Dagger Throw","Masterful Stab","Blade Dance"],"picked":"SKIP","floor":29.0},{"not_picked":["PiercingWail","Quick Slash"],"picked":"Backflip","floor":30.0},{"not_picked":["Deadly Poison","Outmaneuver","Terror"],"picked":"SKIP","floor":31.0},{"not_picked":["Glass Knife","Unload"],"picked":"Night Terror","floor":33.0},{"not_picked":["Deadly Poison","Sucker Punch"],"picked":"Deflect+1","floor":35.0},{"not_picked":["Terror","Blur"],"picked":"Blade Dance+1","floor":38.0},{"not_picked":["Poisoned Stab","Cloak And Dagger"],"picked":"Bullet Time","floor":40.0},{"not_picked":["Backstab+1","Bane"],"picked":"Leg Sweep","floor":42.0},{"not_picked":["Prepared","Slice+1","Finisher+1"],"picked":"SKIP","floor":44.0},{"not_picked":["Deflect","Prepared","Finisher"],"picked":"SKIP","floor":45.0},{"not_picked":["Flying Knee","Expertise"],"picked":"PiercingWail","floor":48.0},{"not_picked":["Quick Slash","Bane","Underhanded Strike"],"picked":"SKIP","floor":54}],"player_experience":2132034,"relics_obtained":[{"floor":6.0,"key":"Regal Pillow"},{"floor":8.0,"key":"Toy Ornithopter"},{"floor":9.0,"key":"Ornamental Fan"},{"floor":10.0,"key":"Torii"},{"floor":13.0,"key":"Lantern"},{"floor":24.0,"key":"Mercury Hourglass"},{"floor":26.0,"key":"Frozen Egg 2"},{"floor":30.0,"key":"Turnip"},{"floor":40.0,"key":"Ice Cream"},{"floor":42.0,"key":"Peace Pipe"},{"floor":45.0,"key":"Smiling Mask"},{"floor":54,"key":"Eternal Feather"}],"event_choices":[{"damage_healed":0.0,"max_hp_gain":0.0,"max_hp_loss":0.0,"gold_gain":75.0,"event_name":"World of Goop","player_choice":"Gather Gold","floor":11.0,"gold_loss":0.0,"damage_taken":11.0},{"damage_healed":0.0,"max_hp_gain":5.0,"max_hp_loss":0.0,"gold_gain":0.0,"event_name":"Big Fish","player_choice":"Donut","floor":14.0,"gold_loss":0.0,"damage_taken":0.0},{"damage_healed":0.0,"max_hp_gain":0.0,"max_hp_loss":0.0,"gold_gain":0.0,"event_name":"Match and Keep!","player_choice":"1 cards matched","floor":20.0,"gold_loss":0.0,"damage_taken":0.0,"cards_obtained":["After Image"]},{"damage_healed":0.0,"max_hp_gain":0.0,"max_hp_loss":0.0,"gold_gain":0.0,"event_name":"Mysterious Sphere","player_choice":"Ignored","floor":36.0,"gold_loss":0.0,"damage_taken":0.0},{"damage_healed":0.0,"max_hp_gain":0.0,"max_hp_loss":0.0,"gold_gain":0.0,"event_name":"SensoryStone","player_choice":"Memory 1","floor":39.0,"gold_loss":0.0,"damage_taken":0.0},{"damage_healed":0.0,"max_hp_gain":0.0,"max_hp_loss":0.0,"gold_gain":0.0,"event_name":"SecretPortal","player_choice":"Ignored","floor":47.0,"gold_loss":0.0,"damage_taken":0.0}],"is_beta":false,"boss_relics":[{"not_picked":["Philosopher\u0027s Stone","Sozu"],"picked":"Empty Cage"},{"not_picked":["Tiny House","Black Star"],"picked":"Runic Pyramid"}],"items_purged_floors":[21,37,53],"is_endless":false,"potions_floor_spawned":[2,4,6,10,24,29,30,33,35,40,44,48,54],"ascension_level":15}}