{"host":"08z5bj28eube4vug","time":1611725950,"event":{"mods":["2.2 Compatiblity","Abigail Mod","Act Like it!","BaseMod","Beaked The Cultist","Bestiary","Friendly Minions","Gensokyo","GungeonMod","Hallownest","Kiyohime????","Koishi","Lobotomy","Marisa????????","Minty Spire (QoL Compilation)","Prisma Mod","Remilia??????","Replay The Spire","StSLib","Td1madao Mod","The Alterego","The Bug Knight","The Jungle","The Sage","The Senshi","The Servant 0.9.4","Waifu the Spire","WarShipGirlsR/????R mod","Yuri Mod"],"gold_per_floor":[213,388,402,418,35,35,66,66,66,78,178,178,205,221,221,322,322,340,340,340,99,114,114,114,36,36,36,36,36,36,68,68,170,170,181,49,49,49,117,142,142,159,159,159,159,0,0,17,17,17],"floor_reached":51,"language":"ENG","playtime":2166,"items_purged":["Doubt"],"score":1058,"play_id":"61fb1719-8d98-4a55-bb44-f90b63c07fab","local_time":"20210127083910","is_ascension_mode":true,"campfire_choices":[{"data":"theSenshi:MoonPrincessHalation","floor":6,"key":"SMITH"},{"data":"theSenshi:SailorMarsAssists","floor":8,"key":"SMITH"},{"data":"theSenshi:CrisisMakeUp","floor":12,"key":"SMITH"},{"data":"theSenshi:MoonGorgeousMeditation","floor":15,"key":"SMITH"},{"data":"theSenshi:TuxedoMaskAssists","floor":23,"key":"SMITH"},{"data":"theSenshi:InTheNameOfTheMoon","floor":24,"key":"SMITH"},{"data":"theSenshi:RoseThrow","floor":27,"key":"SMITH"},{"data":"theSenshi:SaturnsMystery","floor":29,"key":"SMITH"},{"data":"theSenshi:MoonPrismPowerMakeUp","floor":32,"key":"SMITH"},{"data":"theSenshi:CrisisMakeUp","floor":41,"key":"SMITH"},{"data":"theSenshi:IWillPunishYou","floor":44,"key":"SMITH"},{"floor":45,"key":"REST"},{"data":"theSenshi:TuxedoSmokingBomber","floor":47,"key":"SMITH"}],"circlet_count":0,"master_deck":["theSenshi:SailorKick","theSenshi:SailorKick","theSenshi:SailorKick","theSenshi:SailorKick","theSenshi:SailorBlock","theSenshi:SailorBlock","theSenshi:SailorBlock","theSenshi:RoseThrow+1","theSenshi:MoonPrismPowerMakeUp+1","theSenshi:SailorJupiterAssists+1","theSenshi:MoonPrincessHalation+1","theSenshi:SailorMarsAssists+1","theSenshi:TuxedoMaskAssists+1","theSenshi:CrisisMakeUp+1","theSenshi:MoonGorgeousMeditation+1","theSenshi:SailorJupiterAssists","theSenshi:InTheNameOfTheMoon+1","RitualDagger","theSenshi:MoonKick","theSenshi:SaturnsMystery+1","theSenshi:MoonPrincessHalation+1","theSenshi:IWillPunishYou+1","theSenshi:SailorNeptuneAssists+1","theSenshi:CrisisMakeUp+1","theSenshi:TuxedoSmokingBomber+1","theSenshi:MoonCosmicPowerMakeUp+1"],"relics":["theSenshi:TransformationBroochRelic","Mirror","DemoMod:MemoryAlloy","HornCleat","WingedGreaves","Busted Crown","Meat on the Bone","theSenshi:CosmicHeartCompactRelic","MutagenicStrength","Replay:Bottled Snecko","Black Star","theSenshi:SailorFukuRelic","DemoMod:GreenGuonStone","ReplayTheSpireMod:Ninjato","theSenshi:CrisisMoonCompactRelic","Red Mask"],"acts_visited":["Exordium","TheCity","TheBeyond"],"potions_floor_usage":[16,16,22,40,50],"damage_taken":[{"damage":1,"enemies":"Cultist","floor":1,"turns":4},{"damage":9,"enemies":"2 Louse","floor":3,"turns":5},{"damage":0,"enemies":"Small Slimes","floor":4,"turns":5},{"damage":15,"enemies":"Gremlin Nob","floor":7,"turns":4},{"damage":1,"enemies":"Blue Slaver","floor":10,"turns":3},{"damage":0,"enemies":"Lagavulin","floor":13,"turns":4},{"damage":5,"enemies":"Large Slime","floor":14,"turns":5},{"damage":28,"enemies":"Slime Boss","floor":16,"turns":7},{"damage":30,"enemies":"2 Thieves","floor":18,"turns":4},{"damage":8,"enemies":"Shell Parasite","floor":22,"turns":5},{"damage":0,"enemies":"Gremlin Leader","floor":31,"turns":3},{"damage":49,"enemies":"Collector","floor":33,"turns":8},{"damage":0,"enemies":"Orb Walker","floor":35,"turns":3},{"damage":29,"enemies":"Giant Head","floor":40,"turns":8},{"damage":0,"enemies":"3 Darklings","floor":42,"turns":4},{"damage":1,"enemies":"4 Shapes","floor":48,"turns":4},{"damage":33,"enemies":"Donu and Deca","floor":50,"turns":7}],"seed_played":"-2573712558073143854","potions_obtained":[{"floor":4,"key":"DemoMod:BlankPotion"},{"floor":10,"key":"FearPotion"},{"floor":13,"key":"Explosive Potion"},{"floor":18,"key":"Fire Potion"},{"floor":39,"key":"AttackPotion"},{"floor":40,"key":"Milkshake"}],"is_trial":false,"path_per_floor":["M","?","M","M","$","R","E","R","T","M","?","R","E","M","R","B",null,"M","?","?","$","M","R","R","$","T","R","?","R","$","E","R","B",null,"M","$","?","?","?","E","R","M","T","R","R","?","R","M","R","B",null],"character_chosen":"THE_SENSHI","items_purchased":["Mirror","theSenshi:SailorMarsAssists","Meat on the Bone","theSenshi:SaturnsMystery","theSenshi:CrisisMakeUp","Swift Potion"],"campfire_rested":1,"item_purchase_floors":[5,5,21,25,36,36],"current_hp_per_floor":[67,67,58,58,58,58,43,43,43,42,42,42,42,37,37,9,59,29,23,48,48,40,40,40,40,40,40,40,40,40,47,47,28,63,75,75,75,71,71,47,47,47,47,47,68,68,68,70,71,43],"gold":17,"neow_bonus":"HUNDRED_GOLD","is_daily":false,"chose_seed":false,"campfire_upgraded":12,"win_rate":0.0,"timestamp":1611725950,"path_taken":["M","?","M","M","$","R","E","R","T","M","?","R","E","?","R","BOSS","M","?","?","$","M","R","R","$","T","R","?","R","?","E","R","BOSS","M","$","?","?","?","E","R","?","T","R","R","?","R","M","R","BOSS"],"items_purchased_type":["Relic","Card","Relic","Card","Card","Potion"],"build_version":"2020-12-22","purchased_purges":1,"victory":true,"max_hp_per_floor":[75,75,75,75,75,75,75,75,75,75,75,75,75,75,75,75,75,75,75,75,75,75,75,75,75,75,75,75,75,75,75,75,75,75,75,75,75,71,71,71,71,71,71,71,71,71,71,71,71,71],"card_choices":[{"not_picked":["theSenshi:Sidestep","theSenshi:MoonCrisisMakeUp","theSenshi:MoonSpiralHeartAttack"],"picked":"SKIP","floor":1},{"not_picked":["theSenshi:StudyParty","theSenshi:SupersonicWaves"],"picked":"theSenshi:SailorJupiterAssists","floor":3},{"not_picked":["theSenshi:InTheNickOfTime","theSenshi:Sidestep"],"picked":"theSenshi:MoonPrincessHalation","floor":4},{"not_picked":["theSenshi:SailorChibiMoonAssists","theSenshi:MoonPower"],"picked":"theSenshi:TuxedoMaskAssists","floor":7},{"not_picked":["theSenshi:MarsPride","theSenshi:VenusGlamour"],"picked":"theSenshi:CrisisMakeUp","floor":10},{"not_picked":["theSenshi:CrisisMakeUp","theSenshi:TallSilhouette"],"picked":"theSenshi:MoonGorgeousMeditation","floor":13},{"not_picked":["theSenshi:SailorMercuryAssists","theSenshi:MoonPower"],"picked":"theSenshi:SailorJupiterAssists","floor":14},{"not_picked":["theSenshi:MoonEternalMakeUp","theSenshi:IWillPunishYou"],"picked":"theSenshi:InTheNameOfTheMoon","floor":16},{"not_picked":["theSenshi:SailorPlanetPower"],"picked":"SKIP","floor":18},{"not_picked":[],"picked":"theSenshi:MoonKick","floor":22},{"not_picked":[],"picked":"theSenshi:MoonPrincessHalation+1","floor":31},{"not_picked":[],"picked":"theSenshi:IWillPunishYou","floor":33},{"not_picked":[],"picked":"theSenshi:SailorNeptuneAssists+1","floor":35},{"not_picked":["theSenshi:HesSoDreamy+1"],"picked":"SKIP","floor":40},{"not_picked":["theSenshi:TuxedoSmokingBomber"],"picked":"SKIP","floor":42},{"not_picked":[],"picked":"theSenshi:TuxedoSmokingBomber","floor":42},{"not_picked":[],"picked":"theSenshi:MoonCosmicPowerMakeUp+1","floor":48}],"player_experience":854871,"relics_obtained":[{"floor":7,"key":"DemoMod:MemoryAlloy"},{"floor":9,"key":"HornCleat"},{"floor":13,"key":"WingedGreaves"},{"floor":26,"key":"theSenshi:CosmicHeartCompactRelic"},{"floor":31,"key":"Replay:Bottled Snecko"},{"floor":39,"key":"theSenshi:SailorFukuRelic"},{"floor":40,"key":"DemoMod:GreenGuonStone"},{"floor":40,"key":"ReplayTheSpireMod:Ninjato"},{"floor":43,"key":"theSenshi:CrisisMoonCompactRelic"}],"event_choices":[{"damage_healed":0,"gold_gain":175,"player_choice":"AGREE","damage_taken":0,"max_hp_gain":0,"max_hp_loss":0,"event_name":"Liars Game","floor":2,"gold_loss":0,"cards_obtained":["Doubt"]},{"damage_healed":0,"gold_gain":100,"player_choice":"Pray","damage_taken":0,"max_hp_gain":0,"max_hp_loss":0,"event_name":"Golden Shrine","floor":11,"gold_loss":0},{"damage_healed":0,"gold_gain":0,"player_choice":"Joined the Cult","damage_taken":6,"max_hp_gain":0,"max_hp_loss":0,"event_name":"Nest","floor":19,"gold_loss":0,"cards_obtained":["RitualDagger"]},{"damage_healed":25,"gold_gain":0,"player_choice":"Heal","damage_taken":0,"max_hp_gain":0,"max_hp_loss":0,"event_name":"The Library","floor":20,"gold_loss":0},{"damage_healed":0,"gold_gain":0,"player_choice":"Inject Mutagens","damage_taken":0,"relics_obtained":["MutagenicStrength"],"max_hp_gain":0,"max_hp_loss":0,"event_name":"Drug Dealer","floor":28,"gold_loss":0},{"cards_removed":["theSenshi:SailorBlock"],"damage_healed":0,"gold_gain":0,"player_choice":"Removed Skill","damage_taken":0,"max_hp_gain":0,"max_hp_loss":0,"event_name":"Falling","floor":37,"gold_loss":0},{"damage_healed":0,"gold_gain":0,"player_choice":"Max HP","damage_taken":0,"max_hp_gain":0,"max_hp_loss":4,"event_name":"Winding Halls","floor":38,"gold_loss":0},{"damage_healed":0,"gold_gain":0,"player_choice":"Paid","damage_taken":0,"relics_obtained":["Red Mask"],"max_hp_gain":0,"max_hp_loss":0,"event_name":"Tomb of Lord Red Mask","floor":46,"gold_loss":159}],"is_beta":false,"boss_relics":[{"not_picked":["Philosopher\u0027s Stone","beaked:MawFillet"],"picked":"Busted Crown"},{"not_picked":["SacredBark","Runic Pyramid"],"picked":"Black Star"}],"items_purged_floors":[5],"is_endless":false,"potions_floor_spawned":[4,10,13,18,40,42,48],"ascension_level":8}}