{"host":"qekv59dthhdg54sz","time":1611719887,"event":{"mods":["AchievementEnabler","BaseMod","Colored Map","DeckTracker","KOR Keyword Fix","Minty Spire (QoL Compilation)","Rare Cards Sparkle","StSLib","SuperFastMode"],"gold_per_floor":[360,274,274,85,85,85,85,97,97,107,107,142,142,173,173,173,173],"floor_reached":16,"language":"KOR","playtime":262,"items_purged":[],"score":186,"play_id":"030d0156-70ca-48c0-aec2-17f3de87f55f","local_time":"20210127125807","is_ascension_mode":true,"campfire_choices":[{"floor":6,"key":"REST"},{"floor":13,"key":"REST"},{"data":"Flash of Steel","floor":15,"key":"SMITH"}],"circlet_count":0,"master_deck":["AscendersBane","Strike_R","Strike_R","Strike_R","Defend_R+1","Defend_R","Defend_R","Defend_R","Bash","Evolve+1","Flash of Steel+1","Feel No Pain","Shrug It Off","Headbutt","Immolate","Seeing Red"],"relics":["Burning Blood","PreservedInsect","Letter Opener","Golden Idol","Gremlin Horn","Lantern"],"acts_visited":["Exordium"],"potions_floor_usage":[12,12],"damage_taken":[{"damage":9,"enemies":"2 Louse","floor":1,"turns":3},{"damage":13,"enemies":"Jaw Worm","floor":8,"turns":8},{"damage":2,"enemies":"Cultist","floor":10,"turns":4},{"damage":15,"enemies":"Lagavulin","floor":12,"turns":5},{"damage":29,"enemies":"Gremlin Nob","floor":14,"turns":4},{"damage":18,"enemies":"Hexaghost","floor":16,"turns":4}],"seed_played":"8020340489761862834","potions_obtained":[{"floor":8,"key":"BlessingOfTheForge"},{"floor":10,"key":"ColorlessPotion"}],"is_trial":false,"path_per_floor":["M","$","?","$","?","R","?","M","T","M","?","E","R","E","R","B"],"character_chosen":"IRONCLAD","items_purchased":["Flash of Steel","PreservedInsect","Feel No Pain"],"campfire_rested":2,"item_purchase_floors":[2,4,4],"current_hp_per_floor":[47,47,24,24,17,39,39,32,32,36,36,27,47,24,24,6,6],"gold":173,"neow_bonus":"TWO_FIFTY_GOLD","is_daily":false,"chose_seed":false,"campfire_upgraded":1,"win_rate":0.0,"timestamp":1611719887,"path_taken":["M","$","?","$","?","R","?","?","T","M","?","E","R","E","R","BOSS"],"items_purchased_type":["Card","Relic","Card"],"build_version":"2020-12-22","purchased_purges":0,"victory":false,"max_hp_per_floor":[75,75,75,75,75,75,75,75,75,75,68,68,68,68,68,68,68],"card_choices":[{"not_picked":["Iron Wave","Wild Strike"],"picked":"Evolve","floor":1},{"not_picked":["Cleave","Searing Blow","Clash"],"picked":"SKIP","floor":8},{"not_picked":["Sword Boomerang","Whirlwind"],"picked":"Headbutt","floor":10},{"not_picked":["Anger","Ghostly Armor"],"picked":"Immolate","floor":12},{"not_picked":["Immolate","Twin Strike"],"picked":"Seeing Red","floor":14}],"player_experience":859104,"relics_obtained":[{"floor":9,"key":"Letter Opener"},{"floor":12,"key":"Gremlin Horn"},{"floor":14,"key":"Lantern"}],"event_choices":[{"damage_healed":0,"gold_gain":0,"player_choice":"Entered Light","damage_taken":23,"max_hp_gain":0,"max_hp_loss":0,"event_name":"Shining Light","floor":3,"gold_loss":0,"cards_upgraded":["Defend_R","Evolve"]},{"cards_removed":["Strike_R"],"damage_healed":0,"gold_gain":0,"player_choice":"Card Removal","damage_taken":7,"max_hp_gain":0,"max_hp_loss":0,"event_name":"Golden Wing","floor":5,"gold_loss":0},{"damage_healed":0,"gold_gain":0,"cards_transformed":["Strike_R"],"player_choice":"Transformed","damage_taken":0,"max_hp_gain":0,"max_hp_loss":0,"event_name":"Transmorgrifier","floor":7,"gold_loss":0,"cards_obtained":["Shrug It Off"]},{"damage_healed":0,"gold_gain":0,"player_choice":"Lose Max HP","damage_taken":0,"relics_obtained":["Golden Idol"],"max_hp_gain":0,"max_hp_loss":7,"event_name":"Golden Idol","floor":11,"gold_loss":0}],"is_beta":false,"boss_relics":[],"items_purged_floors":[],"is_endless":false,"potions_floor_spawned":[8,10],"killed_by":"Hexaghost","ascension_level":15}}