{"host":"69rply1jf2d1wbmp","time":1611723831,"event":{"mods":["BaseMod","Minty Spire (QoL Compilation)","Quick Restart"],"gold_per_floor":[117,117,128,140,157,157,187,187,210,221,238,18,18,53,53,152,152,170,181,200,217,217,217,217,21,46,46,46,72,9,23,23,121,121,140,160,160,160,160],"floor_reached":38,"language":"ENG","playtime":1230,"items_purged":["Strike_R","Doubt","Decay"],"score":433,"play_id":"125808bc-9b9e-4d72-9444-5fdd378d017f","local_time":"20210127000351","is_ascension_mode":false,"campfire_choices":[{"floor":6,"key":"DIG"},{"floor":15,"key":"DIG"},{"floor":23,"key":"REST"},{"floor":32,"key":"REST"}],"circlet_count":0,"master_deck":["Strike_R","Strike_R","Strike_R+1","Strike_R+1","Defend_R","Defend_R","Defend_R","Defend_R","Bash","Rampage","Inflame","Armaments","Cleave","Armaments","Inflame","Demon Form","Metallicize+1","Normality","Pommel Strike+1","Limit Break","Shrug It Off+1"],"relics":["Black Blood","Shovel","Bronze Scales","Whetstone","Anchor","Orichalcum","Ancient Tea Set","Tiny Chest","Cursed Key","Membership Card","Strawberry","Omamori","Letter Opener"],"acts_visited":["Exordium","TheCity","TheBeyond"],"potions_floor_usage":[7,7,7,16,29,33,37,38],"damage_taken":[{"damage":20,"enemies":"Jaw Worm","floor":1,"turns":5},{"damage":5,"enemies":"2 Louse","floor":3,"turns":3},{"damage":1,"enemies":"Cultist","floor":4,"turns":3},{"damage":17,"enemies":"3 Louse","floor":5,"turns":5},{"damage":0,"enemies":"Gremlin Nob","floor":7,"turns":2},{"damage":5,"enemies":"Looter","floor":10,"turns":3},{"damage":3,"enemies":"Gremlin Gang","floor":11,"turns":5},{"damage":7,"enemies":"3 Sentries","floor":14,"turns":6},{"damage":59,"enemies":"The Guardian","floor":16,"turns":9},{"damage":4,"enemies":"Chosen","floor":18,"turns":4},{"damage":23,"enemies":"Shell Parasite","floor":19,"turns":5},{"damage":15,"enemies":"Snecko","floor":20,"turns":5},{"damage":13,"enemies":"Centurion and Healer","floor":21,"turns":6},{"damage":33,"enemies":"Slavers","floor":29,"turns":5},{"damage":6,"enemies":"Cultist and Chosen","floor":31,"turns":6},{"damage":36,"enemies":"Champ","floor":33,"turns":9},{"damage":1,"enemies":"3 Shapes","floor":35,"turns":8},{"damage":16,"enemies":"Orb Walker","floor":36,"turns":5},{"damage":52,"enemies":"Sphere and 2 Shapes","floor":37,"turns":4},{"damage":52,"enemies":"Jaw Worm Horde","floor":38,"turns":4}],"seed_played":"-2140368906300001913","potions_obtained":[{"floor":3,"key":"BloodPotion"},{"floor":4,"key":"AttackPotion"},{"floor":5,"key":"Strength Potion"},{"floor":16,"key":"SmokeBomb"},{"floor":19,"key":"DuplicationPotion"},{"floor":31,"key":"Explosive Potion"},{"floor":36,"key":"FearPotion"}],"is_trial":false,"path_per_floor":["M","?","M","M","M","R","E","?","T","M","M","$","?","E","R","B",null,"M","M","M","M","?","R","?","$","T","$","T","E","$","M","R","B",null,"M","M","M","M"],"character_chosen":"IRONCLAD","items_purchased":["Cleave","Fire Potion","Swift Potion","Membership Card"],"campfire_rested":2,"item_purchase_floors":[12,12,12,25],"current_hp_per_floor":[58,58,59,64,53,53,72,72,72,72,72,72,72,71,71,18,72,72,55,46,39,39,60,54,54,61,61,61,34,34,34,57,27,79,79,75,35,0,0],"gold":160,"neow_bonus":"ONE_RARE_RELIC","is_daily":false,"chose_seed":false,"campfire_upgraded":0,"win_rate":0.0,"timestamp":1611723831,"path_taken":["M","?","M","M","M","R","E","?","T","?","M","$","?","E","R","BOSS","M","?","M","M","?","R","?","$","T","$","?","E","$","M","R","BOSS","M","M","M","M"],"items_purchased_type":["Card","Potion","Potion","Relic"],"build_version":"2020-12-22","purchased_purges":3,"victory":false,"max_hp_per_floor":[72,72,72,72,72,72,72,72,72,72,72,72,72,72,72,72,72,72,72,72,72,72,72,72,72,79,79,79,79,79,79,79,79,79,79,79,79,79,79],"card_choices":[{"not_picked":["Clash","Iron Wave"],"picked":"Rampage","floor":1},{"not_picked":["Ghostly Armor","Heavy Blade","Iron Wave"],"picked":"SKIP","floor":3},{"not_picked":["Anger","Spot Weakness"],"picked":"Inflame","floor":4},{"not_picked":["Perfected Strike","Wild Strike","Havoc"],"picked":"SKIP","floor":5},{"not_picked":["Combust","Sever Soul"],"picked":"Armaments","floor":7},{"not_picked":["Body Slam","Armaments","Carnage"],"picked":"SKIP","floor":10},{"not_picked":["Second Wind","Clash","Thunderclap"],"picked":"SKIP","floor":11},{"not_picked":["Pummel","Dropkick"],"picked":"Inflame","floor":14},{"not_picked":["Corruption","Berserk"],"picked":"Demon Form","floor":16},{"not_picked":["Perfected Strike+1","Twin Strike","Sword Boomerang"],"picked":"SKIP","floor":18},{"not_picked":["Wild Strike","True Grit+1"],"picked":"Metallicize+1","floor":19},{"not_picked":["Flex","Intimidate+1","Feel No Pain"],"picked":"SKIP","floor":20},{"not_picked":["Clothesline+1","Whirlwind","Wild Strike+1"],"picked":"SKIP","floor":21},{"not_picked":["Entrench+1","Corruption"],"picked":"Pommel Strike+1","floor":29},{"not_picked":["Sentinel","Iron Wave","Clash"],"picked":"SKIP","floor":31},{"not_picked":["Demon Form","Bludgeon"],"picked":"Limit Break","floor":33},{"not_picked":["True Grit","Flex+1"],"picked":"Shrug It Off+1","floor":35},{"not_picked":["Body Slam+1","Pommel Strike+1","Feel No Pain+1"],"picked":"SKIP","floor":36}],"player_experience":431116,"relics_obtained":[{"floor":6,"key":"Bronze Scales"},{"floor":7,"key":"Whetstone"},{"floor":9,"key":"Orichalcum"},{"floor":14,"key":"Ancient Tea Set"},{"floor":15,"key":"Tiny Chest"},{"floor":26,"key":"Strawberry"},{"floor":28,"key":"Omamori"},{"floor":29,"key":"Letter Opener"}],"event_choices":[{"damage_healed":0,"gold_gain":0,"player_choice":"Ignored","damage_taken":0,"max_hp_gain":0,"max_hp_loss":0,"event_name":"Liars Game","floor":2,"gold_loss":0},{"damage_healed":0,"gold_gain":0,"player_choice":"Searched \u00271\u0027 times","damage_taken":0,"relics_obtained":["Anchor"],"max_hp_gain":0,"max_hp_loss":0,"event_name":"Dead Adventurer","floor":8,"gold_loss":0},{"damage_healed":0,"gold_gain":0,"player_choice":"2 cards matched","damage_taken":0,"max_hp_gain":0,"max_hp_loss":0,"event_name":"Match and Keep!","floor":13,"gold_loss":0,"cards_obtained":["Doubt","Armaments"]},{"damage_healed":0,"gold_gain":0,"player_choice":"Ignored","damage_taken":0,"max_hp_gain":0,"max_hp_loss":0,"event_name":"The Mausoleum","floor":22,"gold_loss":0},{"damage_healed":0,"gold_gain":0,"player_choice":"","damage_taken":6,"max_hp_gain":0,"max_hp_loss":0,"event_name":"Knowing Skull","floor":24,"potions_obtained":[],"gold_loss":0,"cards_obtained":[]}],"is_beta":false,"boss_relics":[{"not_picked":["Ectoplasm","Snecko Eye"],"picked":"Cursed Key"},{"not_picked":["Astrolabe","SacredBark"],"picked":"Black Blood"}],"items_purged_floors":[12,25,30],"is_endless":false,"potions_floor_spawned":[3,4,5,16,19,21,31,36],"killed_by":"Jaw Worm Horde","ascension_level":0}}