{"host":"emut9mh212kd9b86","time":1611765421,"event":{"mods":["ATMod(°¢èªMod)","Act Like it!","Arknights The Spire","BaseMod","Lobotomy","Minty Spire (QoL Compilation)","MostiFishMod","Shop Mod","Spicy Shops","StSLib","TestMod","¡¾ÒÅÎï¿¨ÅÆ¡¿REMEMod"],"gold_per_floor":[119,159,172,183,219,245,245,276,300,311,39,71,83,83,83,210,210,226,268,331,38,89,89,89,172,172,229,266,266,266,13,13,138,138,158,158,72,172,222,278,278,363,390,447,447,513,576,586,586,586,586,586,14,76,76],"floor_reached":56,"language":"ZHS","playtime":3452,"items_purged":["ats:Strike C","ats:Strike G","ats:Strike S","ats:Defend","ats:Strike V"],"score":1803,"play_id":"bb5c2496-a63a-4abf-9a6c-f4a8d5e540e0","local_time":"20210128003701","is_ascension_mode":true,"campfire_choices":[{"data":"AT_EmpoweredMortalDraw","floor":7,"key":"SMITH"},{"data":"Wish","floor":15,"key":"SMITH"},{"data":"ats:Emotion Absorption","floor":23,"key":"SMITH"},{"data":"ats:Sashimi Platter","floor":29,"key":"SMITH"},{"data":"ats:Directed Diagnosis","floor":32,"key":"SMITH"},{"data":"ats:Sashimi Platter","floor":41,"key":"SMITH"},{"floor":45,"key":"RECALL"},{"data":"ats:Armor Crushing Shot","floor":49,"key":"SMITH"},{"data":"ats:Blood Oath","floor":52,"key":"SMITH"}],"circlet_count":0,"master_deck":["ats:Armor Crushing Shot+1","ats:Defend","ats:Emotion Absorption+1","Wish+1","AT_EmpoweredMortalDraw+1","ats:Blood Oath+1","ats:Sashimi Platter+1","ats:Wolf Pack","ats:Directed Diagnosis+1","ats:Red Shift+1","ats:Sashimi Platter+1","ats:Sashimi Platter"],"relics":["ats:Sanity","testmod-TestBox","DaveBox","AT_ATBox","REME_ComplimentaryCards","Civilization","testmod-BlackFramedGlasses","CogitoBucket","SynthV:TestCard","ats:Originium","AT_LudenTempest","Bird Faced Urn","LuminousBracelet","MerchantsRug","Nunchaku","testmod-Fanaticism","ChangeAnything","Medical Kit","Ancient Tea Set","testmod-IndustrialRevolution","Bottled Lightning","Frozen Egg 2","AtMidnight","AdjustmentMirror","Lantern","AT_TimeSand","SlaversCollar","ats:Military Tradition","Toy Ornithopter","Happy Flower","HornCleat","REME_OnlineShoppingPlatform","ClockworkSouvenir","AT_SunfireAegis","testmod-Antiphasic","ats:Ability Aura","AT_DeathDance","AT_GoldPhoenixTree"],"acts_visited":["Exordium","TheCity","TheBeyond","TheEnding"],"potions_floor_usage":[53],"damage_taken":[{"damage":8,"enemies":"Jaw Worm","floor":1,"turns":5},{"damage":0,"enemies":"Cultist","floor":2,"turns":4},{"damage":0,"enemies":"2 Louse","floor":3,"turns":3},{"damage":0,"enemies":"Exordium Thugs","floor":4,"turns":3},{"damage":24,"enemies":"Lots of Slimes","floor":5,"turns":3},{"damage":20,"enemies":"3 Sentries","floor":6,"turns":8},{"damage":0,"enemies":"Gremlin Nob","floor":8,"turns":2},{"damage":0,"enemies":"Large Slime","floor":10,"turns":2},{"damage":0,"enemies":"3 Sentries","floor":12,"turns":1},{"damage":0,"enemies":"Exordium Wildlife","floor":13,"turns":2},{"damage":76,"enemies":"Hexaghost","floor":16,"turns":7},{"damage":0,"enemies":"3 Byrds","floor":18,"turns":1},{"damage":52,"enemies":"2 Thieves","floor":19,"turns":4},{"damage":2,"enemies":"Snecko","floor":20,"turns":3},{"damage":1,"enemies":"Centurion and Healer","floor":22,"turns":2},{"damage":26,"enemies":"Book of Stabbing","floor":25,"turns":3},{"damage":0,"enemies":"Gremlin Leader","floor":27,"turns":3},{"damage":3,"enemies":"Cultist and Chosen","floor":28,"turns":3},{"damage":6,"enemies":"Automaton","floor":33,"turns":4},{"damage":23,"enemies":"Orb Walker","floor":35,"turns":2},{"damage":34,"enemies":"3 Shapes","floor":39,"turns":3},{"damage":0,"enemies":"Reptomancer","floor":40,"turns":2},{"damage":45,"enemies":"Giant Head","floor":42,"turns":4},{"damage":21,"enemies":"Nemesis","floor":44,"turns":3},{"damage":56,"enemies":"Writhing Mass","floor":46,"turns":3},{"damage":26,"enemies":"Giant Head","floor":47,"turns":4},{"damage":0,"enemies":"Sphere and 2 Shapes","floor":48,"turns":1},{"damage":136,"enemies":"Donu and Deca","floor":50,"turns":12},{"damage":9,"enemies":"Shield and Spear","floor":54,"turns":2},{"damage":130,"enemies":"The Heart","floor":55,"turns":6}],"seed_played":"1059659759951522799","potions_obtained":[{"floor":3,"key":"Explosive Potion"},{"floor":4,"key":"Block Potion"},{"floor":5,"key":"ats:Top Emergency Sanity Potion"},{"floor":19,"key":"CultistPotion"},{"floor":20,"key":"Swift Potion"},{"floor":27,"key":"Weak Potion"},{"floor":36,"key":"Swift Potion"},{"floor":36,"key":"testmod-EscapePotion"},{"floor":36,"key":"SpeedPotion"},{"floor":44,"key":"LiquidBronze"},{"floor":46,"key":"testmod-TestPotion"},{"floor":48,"key":"Weak Potion"}],"is_trial":false,"path_per_floor":["M","M","M","M","M","E","R","E","T","M","$","E","M","?","R","B",null,"M","M","M","$","M","R","?","E","T","E","M","R","?","$","R","B",null,"M","?","$","?","M","E","R","E","T","E","R","M","E","M","R","B",null,"R","$","E","B",null],"character_chosen":"DOCTOR_CLASS","items_purchased":["MerchantsRug","Medical Kit","Ancient Tea Set","Lantern","AT_TimeSand","REME_OnlineShoppingPlatform","ClockworkSouvenir","AT_SunfireAegis","testmod-Antiphasic","ats:Ability Aura","AT_DeathDance"],"campfire_rested":0,"item_purchase_floors":[11,21,21,31,31,53,53,53,53,53,53],"current_hp_per_floor":[68,74,79,84,67,60,60,67,67,90,90,96,114,114,114,130,133,139,144,149,149,154,154,154,142,142,164,169,169,169,169,169,174,174,158,158,158,158,173,189,189,194,194,195,195,184,209,214,214,209,209,209,209,214,216],"gold":76,"neow_bonus":"","is_daily":false,"chose_seed":false,"campfire_upgraded":8,"win_rate":0.0,"timestamp":1611765421,"path_taken":["M","M","M","M","M","E","R","E","T","M","$","E","?","?","R","BOSS","M","M","M","$","M","R","?","E","T","E","M","R","?","?","R","BOSS","M","?","?","?","M","E","R","E","T","E","R","M","E","M","R","BOSS","R","$","E","BOSS"],"items_purchased_type":["Relic","Relic","Relic","Card","Relic","Relic","Relic","Relic","Relic","Relic","Relic"],"build_version":"2020-12-22","purchased_purges":5,"victory":true,"max_hp_per_floor":[73,75,79,84,89,94,94,99,99,119,119,124,129,129,129,134,134,139,144,149,149,154,154,154,159,159,164,169,169,169,169,169,174,174,179,179,179,179,184,189,189,194,194,199,199,204,209,214,214,209,209,209,209,214,219],"card_choices":[{"not_picked":["ats:Powerful Strike","ats:Sunburst","ats:Magnetic Hammer"],"picked":"SKIP","floor":1},{"not_picked":["ats:Leaping Hammer","ats:Very Hot Blade","ats:Cat Scratch","ats:Curse Doll","ats:Ignite"],"picked":"SKIP","floor":2},{"not_picked":["ats:Cat Scratch","ats:Very Hot Blade","ats:Ignite","ats:Absolute Focus","ats:Thorns"],"picked":"SKIP","floor":3},{"not_picked":["ats:Poison Spread","ats:Revitalization","ats:Shell Defense","ats:Encircling Forest","ats:Very Hot Blade"],"picked":"SKIP","floor":4},{"not_picked":["ats:Absolute Focus","ats:Beaten Up","ats:Serious Mode","ats:Leaping Hammer","ats:Apocalypse"],"picked":"SKIP","floor":5},{"not_picked":["ats:Consecutive Shot Auto","ats:Soul Absorption","ats:Ignite","ats:Demon Strength","ats:Shell Defense"],"picked":"SKIP","floor":6},{"not_picked":["ats:Phantom","ats:Explosion Area Strengthen","ats:Counter Healing Mode","ats:Ignite","ats:Absolute Focus"],"picked":"SKIP","floor":8},{"not_picked":["ats:Sword Rain","ats:Explosion Area Strengthen","ats:Chain Hook","ats:Absolute Focus"],"picked":"ats:Blood Oath","floor":10},{"not_picked":["ats:Steam Pump","ats:Mental Burst","ats:Song Of Battle","ats:Absolute Focus"],"picked":"ats:Sashimi Platter","floor":12},{"not_picked":["ats:Healing Strengthening","ats:Automatic Cover","ats:Curse Doll","ats:Directed Diagnosis","ats:Leaping Hammer"],"picked":"SKIP","floor":13},{"not_picked":["ats:Nebulous Foxfire","ats:Echo Reverb","ats:Volcano","ats:Soul Rend"],"picked":"ats:Wolf Pack","floor":16},{"not_picked":["ats:Revitalization","ats:Closed Bolt Burst Fire","ats:Blood Oath","ats:Assault Order","ats:Absolute Focus"],"picked":"SKIP","floor":18},{"not_picked":["ats:Poison Spread","ats:Guard Mode+1","ats:Powerful Strike","ats:Spore Proliferation","ats:Ignite"],"picked":"SKIP","floor":19},{"not_picked":["ats:Charging Defense+1","ats:Revitalization+1","ats:Soul Rend","ats:Leaping Hammer","ats:Phantom"],"picked":"SKIP","floor":20},{"not_picked":["ats:Absolute Focus","ats:Literary Storm","ats:Consecutive Shot Auto","ats:Demon Strength","ats:Ambush"],"picked":"SKIP","floor":22},{"not_picked":["ats:Closed Bolt Burst Fire","ats:Revitalization","ats:Literary Storm","ats:Very Hot Blade"],"picked":"ats:Red Shift+1","floor":25},{"not_picked":["ats:Thorns+1","ats:Revitalization","ats:Guard Mode","ats:Very Hot Blade","ats:Powerful Strike+1"],"picked":"SKIP","floor":27},{"not_picked":["ats:Revitalization","ats:Guardian Obelisk","ats:Directed Diagnosis","ats:Ignite","ats:Poison Spread"],"picked":"SKIP","floor":28},{"not_picked":["ats:Guard Mode+1","ats:Poison Spread","ats:Powerful Strike+1","ats:Absolute Focus","ats:Leaping Hammer+1"],"picked":"SKIP","floor":35},{"not_picked":["ats:Hammer On+1","ats:Guardian Obelisk+1","ats:Ignite+1","ats:Blood Oath+1","ats:Volcano"],"picked":"SKIP","floor":39},{"not_picked":["ats:Blood Oath+1","ats:Counter Healing Mode+1","ats:Thermite Blade","ats:Apocalypse"],"picked":"ats:Sashimi Platter","floor":40},{"not_picked":["ats:Chain Hook+1","ats:Very Hot Blade+1","ats:Flexible Camouflage","ats:Hammer On+1","ats:Explosion Area Strengthen+1"],"picked":"SKIP","floor":42},{"not_picked":["ats:Serious Mode+1","ats:Apocalypse+1","ats:Counter Healing Mode+1","ats:Collapsing Strike+1","ats:Magnetic Hammer+1"],"picked":"SKIP","floor":44},{"not_picked":["ats:Phantom+1","ats:Guard Mode","ats:Collapsing Strike","ats:Closed Bolt Burst Fire+1","ats:Soul Rend+1"],"picked":"SKIP","floor":46},{"not_picked":["ats:Phantom+1","ats:Guard Mode","ats:Collapsing Strike","ats:Closed Bolt Burst Fire+1","ats:Soul Rend+1"],"picked":"SKIP","floor":46},{"not_picked":["ats:Guard Mode+1","ats:Part Time Job+1","ats:Leaping Hammer+1","ats:Consecutive Shot Auto+1","ats:Closed Bolt Burst Fire"],"picked":"SKIP","floor":47},{"not_picked":["ats:Guard Mode","ats:Poison Spread","ats:Flame Of Heaven+1","ats:Apocalypse+1","ats:Powerful Strike+1"],"picked":"SKIP","floor":48},{"not_picked":["ats:Counter Healing Mode+1","ats:Powerful Strike+1","ats:Leaping Hammer+1","ats:Ignite+1"],"picked":"ats:Sashimi Platter","floor":54}],"player_experience":333034,"relics_obtained":[{"floor":1,"key":"SynthV:TestCard"},{"floor":6,"key":"ats:Originium"},{"floor":6,"key":"AT_LudenTempest"},{"floor":8,"key":"ats:Originium"},{"floor":8,"key":"Bird Faced Urn"},{"floor":12,"key":"ats:Originium"},{"floor":12,"key":"Nunchaku"},{"floor":25,"key":"ats:Originium"},{"floor":25,"key":"testmod-IndustrialRevolution"},{"floor":26,"key":"Bottled Lightning"},{"floor":27,"key":"Frozen Egg 2"},{"floor":28,"key":"AtMidnight"},{"floor":40,"key":"ats:Military Tradition"},{"floor":42,"key":"Toy Ornithopter"},{"floor":43,"key":"Happy Flower"},{"floor":47,"key":"HornCleat"},{"floor":54,"key":"AT_GoldPhoenixTree"}],"event_choices":[{"cards_removed":["ats:Defend"],"damage_healed":0,"gold_gain":0,"player_choice":"Offered Basic","damage_taken":0,"max_hp_gain":0,"max_hp_loss":0,"event_name":"Bonfire Elementals","floor":14,"gold_loss":0},{"damage_healed":0,"gold_gain":0,"cards_transformed":["ats:Defend"],"player_choice":"Transformed","damage_taken":0,"max_hp_gain":0,"max_hp_loss":0,"event_name":"Transmorgrifier","floor":24,"gold_loss":0,"cards_obtained":["ats:Directed Diagnosis"]},{"damage_healed":0,"gold_gain":0,"player_choice":"Ignored","damage_taken":0,"max_hp_gain":0,"max_hp_loss":0,"event_name":"Ghosts","floor":30,"gold_loss":0},{"damage_healed":0,"gold_gain":0,"player_choice":"Got Potions","damage_taken":0,"max_hp_gain":0,"max_hp_loss":0,"event_name":"Lab","floor":36,"gold_loss":0},{"damage_healed":0,"gold_gain":100,"player_choice":"Pray","damage_taken":0,"max_hp_gain":0,"max_hp_loss":0,"event_name":"Golden Shrine","floor":38,"gold_loss":0}],"is_beta":false,"boss_relics":[{"not_picked":["Runic Pyramid","ats:Sanity Plus"],"picked":"testmod-Fanaticism"},{"not_picked":["EE1DDrone","TakeMeEscape"],"picked":"SlaversCollar"}],"items_purged_floors":[11,11,21,37,53],"is_endless":false,"potions_floor_spawned":[3,4,5,6,10,19,20,27,44,46,48],"ascension_level":5}}