{"host":"13o02hya6v6rzuva","time":1611758868,"event":{"mods":["BaseMod","Minty Spire (QoL Compilation)","Relic Stats"],"gold_per_floor":[109,109,109,109,127,127,161,336,336,371,371,388,388,419,419,419,419],"floor_reached":16,"language":"ENG","playtime":452,"items_purged":[],"score":168,"play_id":"4cfd80c1-c1f3-4087-b92c-fde65ef7c7b6","local_time":"20210127154748","is_ascension_mode":true,"campfire_choices":[{"data":"Eruption","floor":6,"key":"SMITH"},{"data":"LessonLearned","floor":13,"key":"SMITH"},{"data":"Vigilance","floor":15,"key":"SMITH"}],"circlet_count":0,"master_deck":["Strike_P","Strike_P","Strike_P+1","Strike_P","Defend_P","Defend_P+1","Defend_P","Defend_P","Eruption+1","Vigilance+1","FollowUp","LessonLearned+1","Consecrate","Halt","BowlingBash"],"relics":["PureWater","NeowsBlessing","Thread and Needle","Eternal Feather","Spirit Poop","Lantern"],"acts_visited":["Exordium"],"potions_floor_usage":[],"damage_taken":[{"damage":0,"enemies":"2 Louse","floor":1,"turns":1},{"damage":0,"enemies":"Jaw Worm","floor":5,"turns":1},{"damage":0,"enemies":"3 Sentries","floor":7,"turns":1},{"damage":41,"enemies":"Lagavulin","floor":10,"turns":9},{"damage":0,"enemies":"Cultist","floor":12,"turns":2},{"damage":15,"enemies":"3 Sentries","floor":14,"turns":7},{"damage":38,"enemies":"Hexaghost","floor":16,"turns":11}],"seed_played":"-3013531875932051813","potions_obtained":[{"floor":12,"key":"Ancient Potion"},{"floor":14,"key":"DuplicationPotion"}],"is_trial":false,"path_per_floor":["M","?","?","$","M","R","E","?","T","E","?","M","R","E","R","B"],"character_chosen":"WATCHER","items_purchased":[],"campfire_rested":0,"item_purchase_floors":[],"current_hp_per_floor":[72,77,77,77,77,77,77,77,77,36,36,36,42,27,36,0,0],"gold":419,"neow_bonus":"THREE_ENEMY_KILL","is_daily":false,"chose_seed":false,"campfire_upgraded":3,"win_rate":0.0,"timestamp":1611758868,"path_taken":["M","?","?","$","?","R","E","?","T","E","?","?","R","E","R","BOSS"],"items_purchased_type":[],"build_version":"2020-12-22","purchased_purges":0,"victory":false,"max_hp_per_floor":[72,77,77,77,77,77,77,77,77,77,77,77,77,77,77,77,77],"relic_stats":{"counters":[7,32],"Eternal Feather":15,"obtain_stats":[{"Lantern":14,"NeowsBlessing":0,"Spirit Poop":11,"Thread and Needle":7,"Eternal Feather":10,"PureWater":0},{"Lantern":6,"NeowsBlessing":0,"Spirit Poop":4,"Thread and Needle":3,"Eternal Feather":4,"PureWater":0},{"Lantern":21,"NeowsBlessing":0,"Spirit Poop":12,"Thread and Needle":3,"Eternal Feather":12,"PureWater":0}]},"card_choices":[{"not_picked":["EmptyBody","JustLucky"],"picked":"FollowUp","floor":1},{"not_picked":["FlyingSleeves","Halt"],"picked":"Consecrate","floor":5},{"not_picked":["WaveOfTheHand","EmptyBody"],"picked":"Halt","floor":7},{"not_picked":["Meditate","Scrawl","Protect"],"picked":"SKIP","floor":10},{"not_picked":["EmptyFist","JustLucky","Collect"],"picked":"SKIP","floor":12},{"not_picked":["Weave","CrushJoints"],"picked":"BowlingBash","floor":14}],"player_experience":1155094,"relics_obtained":[{"floor":7,"key":"Thread and Needle"},{"floor":10,"key":"Eternal Feather"},{"floor":14,"key":"Lantern"}],"event_choices":[{"damage_healed":0,"gold_gain":0,"player_choice":"Donut","damage_taken":0,"max_hp_gain":5,"max_hp_loss":0,"event_name":"Big Fish","floor":2,"gold_loss":0},{"damage_healed":0,"gold_gain":0,"player_choice":"1 cards matched","damage_taken":0,"max_hp_gain":0,"max_hp_loss":0,"event_name":"Match and Keep!","floor":3,"gold_loss":0,"cards_obtained":["LessonLearned"]},{"damage_healed":0,"gold_gain":175,"player_choice":"AGREE","damage_taken":0,"max_hp_gain":0,"max_hp_loss":0,"event_name":"Liars Game","floor":8,"gold_loss":0,"cards_obtained":["Doubt"]},{"cards_removed":["Doubt"],"damage_healed":0,"gold_gain":0,"player_choice":"Offered Curse","damage_taken":0,"relics_obtained":["Spirit Poop"],"max_hp_gain":0,"max_hp_loss":0,"event_name":"Bonfire Elementals","floor":11,"gold_loss":0}],"is_beta":false,"boss_relics":[],"items_purged_floors":[],"is_endless":false,"potions_floor_spawned":[12,14],"killed_by":"Hexaghost","ascension_level":4}}