{"host":"95i1gxnztdrdyvhi","time":1611718502,"event":{"mods":["AchievementEnabler","Act Like it!","BaseMod","Downfall","Minty Spire (QoL Compilation)","Quick Restart","StSLib"],"gold_per_floor":[99,109,109,119,219,248,295,295,295,307,207,220,220,230,242,345,345,345,361,374,374,374,374],"floor_reached":21,"language":"ENG","playtime":1325,"items_purged":[],"score":181,"play_id":"9f884a3d-2fd5-4f7e-86f0-630d9241ff19","local_time":"20210127033502","is_ascension_mode":false,"campfire_choices":[{"data":"bronze:Goto","floor":1,"key":"SMITH"},{"data":"bronze:Frontload","floor":11,"key":"SMITH"},{"data":"bronze:BronzeArmor","floor":13,"key":"SMITH"},{"floor":18,"key":"RECALL"}],"circlet_count":0,"master_deck":["bronze:Strike","bronze:Strike","bronze:Strike","bronze:Strike","bronze:Defend","bronze:Defend","bronze:Defend","bronze:Defend","bronze:Replicate+1","bronze:Goto+1","bronze:Deprecate","bronze:Frontload+1","bronze:Invalidate","bronze:BronzeArmor+1","bronze:BronzeOrb","bronze:Mutator"],"relics":["bronze:PlatinumCore","Regal Pillow","Blood Vial","downfall:HeartBlessingGreen"],"acts_visited":["Exordium","TheCity"],"potions_floor_usage":[9,19],"damage_taken":[{"damage":0,"enemies":"Jaw Worm","floor":2,"turns":3},{"damage":0,"enemies":"2 Louse","floor":4,"turns":2},{"damage":32,"enemies":"3 Sentries","floor":6,"turns":14},{"damage":0,"enemies":"Cultist","floor":8,"turns":1},{"damage":0,"enemies":"Large Slime","floor":10,"turns":6},{"damage":0,"enemies":"Exordium Thugs","floor":12,"turns":8},{"damage":0,"enemies":"3 Louse","floor":14,"turns":5},{"damage":0,"enemies":"Blue Slaver","floor":15,"turns":5},{"damage":34,"enemies":"WA_ARCHETYPE_RETAIN","floor":16,"turns":12},{"damage":21,"enemies":"3 Byrds","floor":19,"turns":9},{"damage":20,"enemies":"Snecko","floor":20,"turns":12},{"damage":21,"enemies":"Masked Bandits","floor":21,"turns":3}],"seed_played":"4257861240080827944","potions_obtained":[{"floor":9,"key":"Fruit Juice"},{"floor":9,"key":"bronze:BurnAndBuffPotion"},{"floor":9,"key":"SkillPotion"},{"floor":10,"key":"DuplicationPotion"},{"floor":19,"key":"ColorlessPotion"}],"is_trial":false,"path_per_floor":["R","M","?","M","?","E","T","M","?","M","R","M","R","M","M","B",null,"R","M","M","?"],"character_chosen":"THE_AUTOMATON","items_purchased":[],"campfire_rested":0,"item_purchase_floors":[],"current_hp_per_floor":[70,70,70,70,70,38,38,40,45,47,47,49,49,51,53,21,75,75,54,36,17,17,17],"gold":374,"neow_bonus":"UPGRADE_CARD","is_daily":false,"chose_seed":false,"campfire_upgraded":3,"win_rate":0.0,"timestamp":1611718502,"path_taken":["R","M","?","M","?","E","T","M","?","M","R","M","R","M","M","BOSS","R","M","M","?"],"items_purchased_type":[],"build_version":"2020-12-22","purchased_purges":0,"victory":false,"max_hp_per_floor":[70,70,70,70,70,70,70,70,75,75,75,75,75,75,75,75,75,75,75,75,75,75,75],"card_choices":[{"not_picked":["bronze:Shield","bronze:ItsAFeature"],"picked":"bronze:Deprecate","floor":2},{"not_picked":["bronze:WhirlingStrike","bronze:DelayedSlice"],"picked":"bronze:Frontload","floor":4},{"not_picked":["bronze:MaxOutput","bronze:Overheat"],"picked":"bronze:Invalidate","floor":6},{"not_picked":["bronze:DelayedSlice","bronze:BitShift"],"picked":"bronze:BronzeArmor","floor":8},{"not_picked":["bronze:Turbo","bronze:Frontload","bronze:DigitalCarnage"],"picked":"SKIP","floor":10},{"not_picked":["bronze:CloningBeam","bronze:DelayedGuard"],"picked":"bronze:BronzeOrb","floor":12},{"not_picked":["bronze:DigitalCarnage","bronze:Iterate","bronze:MaxOutput"],"picked":"SKIP","floor":14},{"not_picked":["bronze:BuggyMess","bronze:Frontload","bronze:Turbo"],"picked":"SKIP","floor":15},{"not_picked":["bronze:Break","bronze:Virus"],"picked":"bronze:Mutator","floor":16},{"not_picked":["bronze:Frontload","bronze:WildBeam","bronze:DelayedSlice"],"picked":"SKIP","floor":19},{"not_picked":["bronze:Overload","bronze:ItsAFeature","bronze:Iterate"],"picked":"SKIP","floor":20}],"player_experience":830153,"relics_obtained":[{"floor":6,"key":"Regal Pillow"},{"floor":7,"key":"Blood Vial"}],"event_choices":[{"damage_healed":0,"gold_gain":0,"player_choice":"Got Potions","damage_taken":0,"max_hp_gain":0,"max_hp_loss":0,"event_name":"Lab","floor":9,"gold_loss":0},{"damage_healed":0,"gold_gain":0,"player_choice":"Fought Bandits","damage_taken":0,"max_hp_gain":0,"max_hp_loss":0,"event_name":"Masked Bandits","floor":21,"gold_loss":0}],"is_beta":false,"boss_relics":[{"not_picked":["Fusion Hammer","Black Star"],"picked":"bronze:PlatinumCore"}],"items_purged_floors":[],"is_endless":false,"potions_floor_spawned":[10,12,14,16,19],"killed_by":"Masked Bandits","ascension_level":0}}