{"host":"qbvxbacgnxuisbbe","time":1611711122,"event":{"mods":["Alarm Clock","BaseMod","Humility","Minty Spire (QoL Compilation)","StSLib"],"gold_per_floor":[109,128,128,145,15,15,30,42,109,271,293,105,132,432,432,504,504,522,447,7,18,30,30,59,59,59,102,102,102,102,119,119,119,119],"floor_reached":33,"language":"ENG","playtime":1669,"items_purged":["Defend_P","Doubt","Strike_P"],"score":546,"play_id":"22036d26-8836-4f84-b083-6cd81aa62482","local_time":"20210127013202","is_ascension_mode":true,"campfire_choices":[{"data":"TalkToTheHand","floor":6.0,"key":"SMITH"},{"floor":8.0,"key":"REST"},{"floor":15.0,"key":"REST"},{"data":"Wallop","floor":23.0,"key":"SMITH"},{"floor":25.0,"key":"REST"},{"floor":29.0,"key":"REST"},{"floor":32,"key":"REST"}],"circlet_count":0,"master_deck":["AscendersBane","Strike_P","Strike_P","Defend_P","Defend_P","Defend_P","Eruption","Vigilance","TalkToTheHand+1","EmptyFist","SashWhip","Halt","BowlingBash","BattleHymn","Finesse","Wish","BowlingBash","Wish","Swivel","Wallop+1","Protect","CutThroughFate"],"relics":["PureWater","MawBank","Vajra","Shovel","Old Coin","Snecko Eye","DollysMirror","Mercury Hourglass","Question Card"],"acts_visited":["Exordium","TheCity"],"potions_floor_usage":[31,33,33],"damage_taken":[{"damage":7.0,"enemies":"Cultist","floor":1.0,"turns":3.0},{"damage":17.0,"enemies":"Jaw Worm","floor":2.0,"turns":3.0},{"damage":7.0,"enemies":"2 Louse","floor":4.0,"turns":2.0},{"damage":30.0,"enemies":"Gremlin Nob","floor":7.0,"turns":3.0},{"damage":9.0,"enemies":"Looter","floor":11.0,"turns":3.0},{"damage":24.0,"enemies":"Lagavulin","floor":13.0,"turns":4.0},{"damage":21.0,"enemies":"The Guardian","floor":16.0,"turns":9.0},{"damage":17.0,"enemies":"Spheric Guardian","floor":18.0,"turns":5.0},{"damage":7.0,"enemies":"3 Byrds","floor":21.0,"turns":5.0},{"damage":2.0,"enemies":"3 Cultists","floor":22.0,"turns":4.0},{"damage":46.0,"enemies":"Slavers","floor":24.0,"turns":6.0},{"damage":0.0,"enemies":"Centurion and Healer","floor":27.0,"turns":3.0},{"damage":1,"enemies":"Colosseum Slavers","floor":30,"turns":3},{"damage":40,"enemies":"Shelled Parasite and Fungi","floor":31,"turns":4},{"damage":27,"enemies":"Automaton","floor":33,"turns":5}],"seed_played":"2969181144172157638","potions_obtained":[{"floor":1.0,"key":"GamblersBrew"},{"floor":4.0,"key":"FairyPotion"},{"floor":11.0,"key":"Dexterity Potion"},{"floor":13.0,"key":"GamblersBrew"},{"floor":16.0,"key":"Regen Potion"},{"floor":24.0,"key":"Dexterity Potion"},{"floor":27.0,"key":"LiquidBronze"},{"floor":31,"key":"Block Potion"}],"is_trial":false,"path_per_floor":["M","M","?","M","$","R","E","R","T","?","M","$","E","T","R","B",null,"M","?","$","M","M","R","E","R","T","M","?","R","?","M","R","B"],"character_chosen":"WATCHER","items_purchased":["Halt","Finesse","Block Potion","DollysMirror","Swivel"],"campfire_rested":5,"item_purchase_floors":[5,12,20,20,20],"current_hp_per_floor":[60,43,43,36,36,36,6,28,28,28,19,19,22,22,44,23,61,44,44,44,37,47,47,1,23,23,23,23,45,44,4,26,0,0],"gold":119,"neow_bonus":"TEN_PERCENT_HP_BONUS","is_daily":false,"chose_seed":false,"campfire_upgraded":2,"win_rate":0.0,"timestamp":1611711122,"path_taken":["M","M","?","M","?","R","E","R","T","?","M","$","E","?","R","BOSS","M","?","$","M","M","R","E","R","T","M","?","R","?","M","R","BOSS"],"items_purchased_type":["Card","Card","Potion","Relic","Card"],"build_version":"2020-12-22","purchased_purges":3,"victory":false,"max_hp_per_floor":[74,74,74,74,74,74,74,74,74,74,74,74,74,74,74,74,74,74,74,74,74,74,74,74,74,74,74,74,74,74,74,74,74,74],"card_choices":[{"not_picked":["SashWhip","FlyingSleeves"],"picked":"TalkToTheHand","floor":1.0},{"not_picked":["FlurryOfBlows","Collect"],"picked":"EmptyFist","floor":2.0},{"not_picked":["CrushJoints","PathToVictory"],"picked":"SashWhip","floor":4.0},{"not_picked":["Swivel","BattleHymn"],"picked":"BowlingBash","floor":7.0},{"not_picked":["ReachHeaven","PathToVictory"],"picked":"BattleHymn","floor":11.0},{"not_picked":["Crescendo","Conclude","LessonLearned"],"picked":"SKIP","floor":13.0},{"not_picked":["Alpha","ConjureBlade"],"picked":"Wish","floor":16.0},{"not_picked":["EmptyMind","Evaluate"],"picked":"BowlingBash","floor":18.0},{"not_picked":["Halt","FearNoEvil"],"picked":"Wallop","floor":21.0},{"not_picked":["Crescendo+1","Pray"],"picked":"Protect","floor":22.0},{"not_picked":["Consecrate","Worship+1","EmptyMind+1"],"picked":"SKIP","floor":24.0},{"not_picked":["MasterReality","CutThroughFate","FollowUp","BowlingBash"],"picked":"SKIP","floor":27.0},{"not_picked":["MasterReality","FollowUp","BowlingBash"],"picked":"CutThroughFate","floor":27.0},{"not_picked":["ThirdEye","Evaluate","Crescendo","DeceiveReality"],"picked":"SKIP","floor":31}],"player_experience":149709,"relics_obtained":[{"floor":7.0,"key":"MawBank"},{"floor":9.0,"key":"Vajra"},{"floor":13.0,"key":"Shovel"},{"floor":14.0,"key":"Old Coin"},{"floor":24.0,"key":"Mercury Hourglass"},{"floor":26.0,"key":"Question Card"}],"event_choices":[{"damage_healed":0.0,"max_hp_gain":0.0,"max_hp_loss":0.0,"gold_gain":0.0,"event_name":"Golden Idol","player_choice":"Ignored","floor":3.0,"gold_loss":0.0,"damage_taken":0.0},{"damage_healed":0.0,"max_hp_gain":0.0,"max_hp_loss":0.0,"gold_gain":150.0,"event_name":"Liars Game","player_choice":"AGREE","floor":10.0,"gold_loss":0.0,"damage_taken":0.0,"cards_obtained":["Doubt"]},{"cards_removed":["Strike_P"],"damage_healed":0.0,"max_hp_gain":0.0,"max_hp_loss":0.0,"gold_gain":0.0,"event_name":"Beggar","player_choice":"Gave Gold","floor":19.0,"gold_loss":75.0,"damage_taken":0.0},{"damage_healed":0.0,"max_hp_gain":0.0,"max_hp_loss":0.0,"gold_gain":0.0,"event_name":"The Mausoleum","player_choice":"Ignored","floor":28.0,"gold_loss":0.0,"damage_taken":0.0},{"damage_healed":0,"gold_gain":0,"player_choice":"Fight","damage_taken":0,"max_hp_gain":0,"max_hp_loss":0,"event_name":"Colosseum","floor":30,"gold_loss":0},{"damage_healed":0,"gold_gain":0,"player_choice":"Fled From Nobs","damage_taken":0,"max_hp_gain":0,"max_hp_loss":0,"event_name":"Colosseum","floor":30,"gold_loss":0}],"is_beta":false,"boss_relics":[{"not_picked":["Black Star","Velvet Choker"],"picked":"Snecko Eye"}],"items_purged_floors":[5,12,20],"is_endless":false,"potions_floor_spawned":[1,4,11,13,16,24,27,30,31],"killed_by":"Automaton","ascension_level":20,"is_humility":true}}