{"host":"ewns8ifhbubwkcum","time":1611788312,"event":{"mods":["BaseMod","Block Reminder","Colored Map","Colored Powertips","Downfall","Highlight Path","Minty Spire (QoL Compilation)","Permanent Neow","Quick Restart","Random Character Button","StSLib"],"gold_per_floor":[99,99,99,99,118,149,172,72,107,18,36,71,90,0,14,111,111,11,25,25,125,136,24,48,48,48,79,79,179,210,224,234,337,337,237,249,249,259,341,366,366,377,393,393,428,428,461,471,482,482,482,515,69,69,69,69,69,69],"floor_reached":56,"language":"ENG","playtime":5019,"items_purged":["downfall:Malfunctioning"],"score":1185,"play_id":"6b6877ae-c2e7-41e0-86b4-39f0a86bb1cd","local_time":"20210127165832","is_ascension_mode":true,"campfire_choices":[{"floor":1,"key":"RECALL"},{"data":"sneckomod:SoulCleanse","floor":8,"key":"SMITH"},{"data":"sneckomod:Unknown3Cost","floor":18,"key":"SMITH"},{"data":"sneckomod:Nope","floor":26,"key":"SMITH"},{"floor":35,"key":"DIG"},{"floor":54,"key":"DIG"}],"circlet_count":0,"master_deck":["sneckomod:Strike+1","sneckomod:Defend","sneckomod:Defend","sneckomod:Defend","sneckomod:TailWhip+1","sneckomod:SnekBite+1","sneckomod:Unknown+1","sneckomod:Unknown2Cost","sneckomod:SoulCleanse+1","sneckomod:UnknownDraw","sneckomod:MasterEye","sneckomod:UnknownCommonAttack","sneckomod:SoulDraw+1","sneckomod:ImprovisedAttack","sneckomod:Unknown3Cost+1","sneckomod:UnknownVulnerable","sneckomod:CheapStock","sneckomod:SerpentMind","sneckomod:UnknownUncommonAttack+1","sneckomod:DiceCrush+1","sneckomod:Unknown3Cost+1","downfall:Bewildered","sneckomod:UnknownClassBLUE","sneckomod:Nope+1","sneckomod:Nope","Writhe","sneckomod:UnknownClassGUARDIAN+1","sneckomod:UnknownClassGUARDIAN+1","sneckomod:SnakeSap+1","sneckomod:UnknownBlock+1","sneckomod:UnknownRareSkill+1","sneckomod:UnknownBlock+1","sneckomod:UnknownCommonSkill+1","sneckomod:UnknownUncommonPower+1","sneckomod:UnknownBlock+1","sneckomod:UnknownClassBLUE+1","sneckomod:UnknownRareAttack+1","Guardian:ConstructionForm","sneckomod:UnknownClassGUARDIAN+1","sneckomod:Mudshield","sneckomod:UnknownCommonSkill+1","sneckomod:UnknownX+1","sneckomod:QuickBite+1","Hyperbeam+1"],"relics":["Snecko Eye","Blue Candle","Bag of Preparation","downfall:HeartBlessingRed","White Beast Statue","Bird Faced Urn","Astrolabe","downfall:HeartBlessingGreen","sneckomod:BabySnecko","sneckomod:ConfusingCodex","PreservedInsect","Toy Ornithopter","Molten Egg 2","Tiny Chest","Shovel","Toxic Egg 2","Blood Vial","SacredBark","downfall:HeartBlessingBlue","CaptainsWheel","Singing Bowl","War Paint","Darkstone Periapt","HornCleat","Oddly Smooth Stone","Strawberry","Boot","Frozen Eye","Bag of Marbles","Gremlin Horn"],"acts_visited":["Exordium","TheCity","TheBeyond","TheEnding"],"potions_floor_usage":[10,15,16,16,22,23,27,29,30,33,36,38,43,47,50,55,55,56],"damage_taken":[{"damage":4,"enemies":"Jaw Worm","floor":5,"turns":3},{"damage":18,"enemies":"Gremlin Nob","floor":6,"turns":4},{"damage":19,"enemies":"3 Sentries","floor":9,"turns":7},{"damage":1,"enemies":"downfall:FleeingMerchant","floor":10,"turns":4},{"damage":5,"enemies":"2 Louse","floor":11,"turns":2},{"damage":1,"enemies":"Lagavulin","floor":12,"turns":5},{"damage":1,"enemies":"Small Slimes","floor":13,"turns":2},{"damage":0,"enemies":"downfall:FleeingMerchant","floor":14,"turns":4},{"damage":8,"enemies":"Gremlin Gang","floor":15,"turns":3},{"damage":35,"enemies":"SI_SHIV_ARCHETYPE","floor":16,"turns":5},{"damage":0,"enemies":"Chosen","floor":19,"turns":2},{"damage":0,"enemies":"Shell Parasite","floor":22,"turns":1},{"damage":0,"enemies":"downfall:FleeingMerchant","floor":23,"turns":1},{"damage":0,"enemies":"Slavers","floor":27,"turns":3},{"damage":1,"enemies":"WA_ARCHETYPE_RETAIN","floor":29,"turns":2},{"damage":16,"enemies":"Gremlin Leader","floor":30,"turns":2},{"damage":15,"enemies":"Cultist and Chosen","floor":31,"turns":2},{"damage":9,"enemies":"3 Cultists","floor":32,"turns":4},{"damage":42,"enemies":"DF_ARCHETYPE_CLAW","floor":33,"turns":7},{"damage":24,"enemies":"Orb Walker","floor":36,"turns":2},{"damage":3,"enemies":"3 Darklings","floor":38,"turns":1},{"damage":20,"enemies":"Nemesis","floor":40,"turns":5},{"damage":55,"enemies":"Writhing Mass","floor":42,"turns":5},{"damage":4,"enemies":"Sphere and 2 Shapes","floor":43,"turns":1},{"damage":1,"enemies":"Giant Head","floor":45,"turns":4},{"damage":1,"enemies":"Reptomancer","floor":47,"turns":3},{"damage":0,"enemies":"Spire Growth","floor":48,"turns":4},{"damage":1,"enemies":"Maw","floor":49,"turns":4},{"damage":28,"enemies":"WA_ARCHETYPE_DIVINITY","floor":50,"turns":7},{"damage":11,"enemies":"downfall:CharBossMerchant","floor":52,"turns":6},{"damage":14,"enemies":"downfall:NeowBoss","floor":55,"turns":4},{"damage":172,"enemies":"downfall:NeowBossFinal","floor":56,"turns":8}],"seed_played":"-6852165180863110401","potions_obtained":[{"floor":6,"key":"AttackPotion"},{"floor":10,"key":"Dexterity Potion"},{"floor":11,"key":"sneckomod:MuddlingPotion"},{"floor":12,"key":"GamblersBrew"},{"floor":13,"key":"FairyPotion"},{"floor":15,"key":"SkillPotion"},{"floor":16,"key":"Dexterity Potion"},{"floor":19,"key":"hexamod:SoulburnPotion"},{"floor":22,"key":"sneckomod:MuddlingPotion"},{"floor":23,"key":"DuplicationPotion"},{"floor":27,"key":"Strength Potion"},{"floor":29,"key":"Slimebound:ThreeZeroPotion"},{"floor":30,"key":"bronze:BurnAndBuffPotion"},{"floor":31,"key":"Guardian:BlockOnCardUsePotion"},{"floor":33,"key":"Fruit Juice"},{"floor":36,"key":"Explosive Potion"},{"floor":38,"key":"CultistPotion"},{"floor":42,"key":"sneckomod:OffclassReductionPotion"},{"floor":43,"key":"BlessingOfTheForge"},{"floor":45,"key":"sneckomod:MuddlingPotion"},{"floor":47,"key":"sneckomod:DiceRollPotion"},{"floor":52,"key":"hexamod:SoulburnPotion"}],"is_trial":false,"path_per_floor":["R","?","?","?","M","E","T","R","E","$","M","E","M","$","M","B",null,"R","M","?","?","M","$","T","?","R","E","$","?","E","M","M","B",null,"R","M","?","M","T","E","T","M","M","?","E","?","E","M","M","B",null,"E","$","R","B","B"],"character_chosen":"THE_SNECKO","items_purchased":["sneckomod:UnknownCommonAttack","sneckomod:SoulDraw","sneckomod:ConfusingCodex","PreservedInsect","sneckomod:Nope","Frozen Eye","Bag of Marbles","sneckomod:UnknownCommonSkill+1","sneckomod:UnknownX+1","sneckomod:QuickBite+1"],"campfire_rested":0,"item_purchase_floors":[10,10,23,23,23,53,53,53,53,53],"current_hp_per_floor":[90,85,85,85,81,63,63,63,44,43,38,37,40,44,40,26,90,90,90,90,90,90,90,90,90,90,90,90,89,89,90,84,52,90,100,103,103,107,107,110,110,61,64,64,96,98,119,121,121,102,121,121,121,121,121,0,0,0],"gold":69,"neow_bonus":"BOSS_RELIC","is_daily":false,"chose_seed":false,"campfire_upgraded":3,"win_rate":0.0,"timestamp":1611788312,"path_taken":["R","?","?","?","?","E","T","R","E","?","M","E","M","$","M","BOSS","R","M","?","?","?","$","T","?","R","E","?","?","E","M","M","BOSS","R","M","?","M","?","E","T","M","?","?","E","?","E","M","M","BOSS","E","$","R","BOSS","BOSS"],"items_purchased_type":["Card","Card","Relic","Relic","Card","Relic","Relic","Card","Card","Card"],"build_version":"2020-12-22","purchased_purges":1,"victory":false,"max_hp_per_floor":[90,90,90,90,90,90,90,90,90,90,90,90,90,90,90,90,90,90,90,90,90,90,90,90,90,90,90,90,90,90,90,90,90,90,100,110,110,110,110,110,110,110,110,110,110,112,119,121,121,121,121,121,121,121,121,121,121,121],"card_choices":[{"not_picked":["sneckomod:RainOfDice","sneckomod:SoulDraw"],"picked":"sneckomod:Unknown2Cost","floor":5},{"not_picked":["sneckomod:Rotation","sneckomod:DiceBlock"],"picked":"sneckomod:SoulCleanse","floor":6},{"not_picked":["sneckomod:QuickMove","sneckomod:IronFang"],"picked":"sneckomod:UnknownDraw","floor":9},{"not_picked":["sneckomod:QuickBite","sneckomod:DiceBlock"],"picked":"sneckomod:MasterEye","floor":10},{"not_picked":["sneckomod:Memorize","sneckomod:IronFang"],"picked":"sneckomod:ImprovisedAttack","floor":11},{"not_picked":["sneckomod:UnknownUncommonAttack","sneckomod:UnknownCommonSkill"],"picked":"sneckomod:Unknown3Cost","floor":12},{"not_picked":["sneckomod:SoulDraw","sneckomod:Unknown0Cost","sneckomod:DiceBlock"],"picked":"SKIP","floor":13},{"not_picked":["sneckomod:UnknownStrike","sneckomod:RainOfDice"],"picked":"sneckomod:UnknownVulnerable","floor":14},{"not_picked":["sneckomod:SoulDraw","sneckomod:DiceBlock"],"picked":"sneckomod:CheapStock","floor":15},{"not_picked":["sneckomod:Cheat","sneckomod:DangerNoodle"],"picked":"sneckomod:SerpentMind","floor":16},{"not_picked":["sneckomod:Unknown1Cost","sneckomod:SoulDraw","sneckomod:DiceCrush"],"picked":"SKIP","floor":19},{"not_picked":["sneckomod:RainOfDice","sneckomod:SoulRoll"],"picked":"sneckomod:UnknownClassBLUE","floor":22},{"not_picked":["sneckomod:MixItUp","sneckomod:UnknownVulnerable"],"picked":"sneckomod:Nope","floor":23},{"not_picked":["sneckomod:UnknownCommonAttack+1","sneckomod:SerpentIdol"],"picked":"sneckomod:UnknownClassGUARDIAN","floor":27},{"not_picked":["sneckomod:QuickMove+1","sneckomod:DiceCrush+1"],"picked":"sneckomod:UnknownClassGUARDIAN+1","floor":29},{"not_picked":["sneckomod:SnekBeam+1","sneckomod:Rotation+1"],"picked":"sneckomod:SnakeSap+1","floor":30},{"not_picked":["sneckomod:UnknownClassGUARDIAN+1","sneckomod:UnknownWeak+1"],"picked":"sneckomod:UnknownBlock+1","floor":31},{"not_picked":["sneckomod:MixItUp+1","sneckomod:SnekBeam+1"],"picked":"sneckomod:Unknown2Cost+1","floor":32},{"not_picked":["sneckomod:DangerNoodle+1","sneckomod:Cheat+1"],"picked":"sneckomod:UnknownRareSkill+1","floor":33},{"not_picked":["sneckomod:Unknown1Cost+1","sneckomod:SlitherStrike+1"],"picked":"sneckomod:UnknownBlock+1","floor":36},{"not_picked":["sneckomod:DiceCrush+1","sneckomod:SoulDraw+1"],"picked":"sneckomod:UnknownCommonSkill+1","floor":38},{"not_picked":["sneckomod:MixItUp+1","sneckomod:SoulDraw+1"],"picked":"sneckomod:UnknownUncommonPower+1","floor":40},{"not_picked":["sneckomod:QuickBite+1","sneckomod:PureSnecko+1"],"picked":"sneckomod:UnknownBlock+1","floor":42},{"not_picked":["sneckomod:RainOfDice+1","sneckomod:IronFang+1"],"picked":"sneckomod:UnknownClassBLUE+1","floor":43},{"not_picked":["sneckomod:DiceCrush+1","sneckomod:SoulDraw+1"],"picked":"sneckomod:UnknownRareAttack+1","floor":45},{"not_picked":["expansioncontent:HyperBeam","expansioncontent:Hexaburn","expansioncontent:DecaShield"],"picked":"Singing Bowl","floor":46},{"not_picked":["sneckomod:UnknownClassBLUE+1","sneckomod:UnknownCommonSkill+1"],"picked":"sneckomod:Memorize+1","floor":47},{"not_picked":["sneckomod:DiceCrush+1","sneckomod:DefensiveFlair+1","sneckomod:QuickBite+1"],"picked":"Singing Bowl","floor":48},{"not_picked":["sneckomod:MixItUp+1","sneckomod:MasterEye"],"picked":"sneckomod:UnknownClassGUARDIAN+1","floor":49},{"not_picked":["sneckomod:UnknownUncommonAttack+1","sneckomod:SerpentIdol+1"],"picked":"sneckomod:Mudshield","floor":52}],"player_experience":1013265,"relics_obtained":[{"floor":6,"key":"Bag of Preparation"},{"floor":9,"key":"White Beast Statue"},{"floor":12,"key":"Bird Faced Urn"},{"floor":24,"key":"Toy Ornithopter"},{"floor":27,"key":"Tiny Chest"},{"floor":29,"key":"Shovel"},{"floor":29,"key":"Toxic Egg 2"},{"floor":30,"key":"Blood Vial"},{"floor":35,"key":"CaptainsWheel"},{"floor":39,"key":"Singing Bowl"},{"floor":40,"key":"War Paint"},{"floor":41,"key":"Darkstone Periapt"},{"floor":44,"key":"HornCleat"},{"floor":45,"key":"Oddly Smooth Stone"},{"floor":47,"key":"Strawberry"},{"floor":52,"key":"Boot"},{"floor":54,"key":"Gremlin Horn"}],"event_choices":[{"damage_healed":0,"gold_gain":0,"player_choice":"Forge","damage_taken":0,"max_hp_gain":0,"max_hp_loss":0,"event_name":"Accursed Blacksmith","floor":4,"gold_loss":0,"cards_upgraded":["sneckomod:TailWhip"]}],"is_beta":false,"boss_relics":[{"not_picked":["Calling Bell","Cursed Key"],"picked":"Astrolabe"},{"not_picked":["Empty Cage","Black Star"],"picked":"SacredBark"}],"items_purged_floors":[14],"is_endless":false,"potions_floor_spawned":[6,10,11,12,13,14,15,16,19,22,23,27,29,30,31,32,33,36,38,40,42,43,45,47,48,49,52],"killed_by":"downfall:NeowBossFinal","ascension_level":2}}