{"host":"yvb207ks1sg3cxef","time":1611759842,"event":{"mods":["2.2 Compatiblity","BaseMod","Bestiary","Colored Powertips","Minty Spire (QoL Compilation)","Permanent Neow","Quick Restart","Relic Stats","StSLib"],"gold_per_floor":[115,135,310,260,107,139,139,164,164,117,136,136,136,147,147,245,245,259,22,38,38,38],"floor_reached":21,"language":"ENG","playtime":774,"items_purged":["Strike_B"],"score":234,"play_id":"05e80d8c-f21a-464a-a50e-f58e419e2089","local_time":"20210127203402","is_ascension_mode":true,"campfire_choices":[{"data":"Zap","floor":7,"key":"SMITH"},{"floor":15,"key":"REST"}],"circlet_count":0,"master_deck":["Strike_B","Defend_B","Defend_B","Defend_B","Zap+1","Dualcast","Scrape","Scrape","Capacitor","Gash","All For One","Streamline","Redo+1","Seek","Genetic Algorithm","Steam","Fission","Steam+1","Master of Strategy"],"relics":["Cracked Core","Orrery","Ornamental Fan","Cables","Pantograph","Empty Cage"],"acts_visited":["Exordium","TheCity"],"potions_floor_usage":[6,8,18],"damage_taken":[{"damage":6.0,"enemies":"Jaw Worm","floor":1.0,"turns":5.0},{"damage":14.0,"enemies":"Small Slimes","floor":2.0,"turns":3.0},{"damage":8,"enemies":"Gremlin Nob","floor":6,"turns":3},{"damage":26,"enemies":"Lagavulin","floor":8,"turns":6},{"damage":5,"enemies":"2 Louse","floor":11,"turns":2},{"damage":7,"enemies":"Exordium Thugs","floor":14,"turns":4},{"damage":39,"enemies":"Hexaghost","floor":16,"turns":9},{"damage":6,"enemies":"3 Byrds","floor":18,"turns":5},{"damage":8,"enemies":"Shell Parasite","floor":20,"turns":4},{"damage":45,"enemies":"Snecko","floor":21,"turns":4}],"seed_played":"-5354041391266074291","potions_obtained":[{"floor":1.0,"key":"FearPotion"},{"floor":6,"key":"Weak Potion"},{"floor":16,"key":"BlessingOfTheForge"}],"is_trial":false,"path_per_floor":["M","M","?","?","$","E","R","E","T","?","M","?","?","M","R","B",null,"M","$","M","M"],"character_chosen":"DEFECT","items_purchased":["Orrery","Master of Strategy"],"campfire_rested":1,"item_purchase_floors":[5,19],"current_hp_per_floor":[62,48,48,48,48,40,40,14,14,14,9,9,9,2,22,8,53,47,47,39,0,0],"gold":38,"neow_bonus":"TRANSFORM_TWO_CARDS","is_daily":false,"chose_seed":false,"campfire_upgraded":1,"win_rate":0.0,"timestamp":1611759842,"path_taken":["M","M","?","?","$","E","R","E","T","?","M","?","?","M","R","BOSS","M","$","M","M"],"items_purchased_type":["Relic","Card"],"build_version":"2020-12-22","purchased_purges":1,"victory":false,"max_hp_per_floor":[68,68,68,68,68,68,68,68,68,68,68,68,68,68,68,68,68,68,68,68,68,68],"relic_stats":{"counters":[10,45],"Ornamental Fan":[44],"Pantograph":25,"obtain_stats":[{"Ornamental Fan":6,"Pantograph":9,"Orrery":5,"Cracked Core":0,"Empty Cage":17,"Cables":8},{"Ornamental Fan":3,"Pantograph":4,"Orrery":2,"Cracked Core":0,"Empty Cage":7,"Cables":4},{"Ornamental Fan":11,"Pantograph":17,"Orrery":8,"Cracked Core":0,"Empty Cage":32,"Cables":17}],"Cables":[20,20,0,0,0]},"card_choices":[{"not_picked":["Coolheaded","Compile Driver"],"picked":"Scrape","floor":1.0},{"not_picked":["Coolheaded","Cold Snap"],"picked":"Capacitor","floor":2.0},{"not_picked":["Static Discharge","Redo"],"picked":"Gash","floor":5.0},{"not_picked":["Multi-Cast","Darkness"],"picked":"All For One","floor":5.0},{"not_picked":["Chaos","Go for the Eyes"],"picked":"Streamline","floor":5.0},{"not_picked":["Coolheaded","Reprogram"],"picked":"Redo","floor":5.0},{"not_picked":["Conserve Battery","Turbo","Rebound"],"picked":"SKIP","floor":6},{"not_picked":["Turbo","Coolheaded"],"picked":"Seek","floor":8},{"not_picked":["Rebound","Double Energy"],"picked":"Genetic Algorithm","floor":11},{"not_picked":["Fusion","Reprogram"],"picked":"Steam","floor":14},{"not_picked":["Meteor Strike","Reboot"],"picked":"Fission","floor":16},{"not_picked":["Redo","Rebound"],"picked":"Steam+1","floor":18},{"not_picked":["Static Discharge","Hello World","Darkness+1"],"picked":"SKIP","floor":20}],"player_experience":487257,"relics_obtained":[{"floor":6,"key":"Ornamental Fan"},{"floor":8,"key":"Cables"},{"floor":9,"key":"Pantograph"}],"event_choices":[{"damage_healed":0.0,"max_hp_gain":0.0,"max_hp_loss":0.0,"gold_gain":175.0,"event_name":"Liars Game","player_choice":"AGREE","floor":3.0,"gold_loss":0.0,"damage_taken":0.0,"cards_obtained":["Doubt"]},{"cards_removed":["Doubt"],"damage_healed":0.0,"max_hp_gain":0.0,"max_hp_loss":0.0,"gold_gain":0.0,"event_name":"The Cleric","player_choice":"Card Removal","floor":4.0,"gold_loss":50.0,"damage_taken":0.0},{"damage_healed":0,"gold_gain":0,"player_choice":"Left Gold","damage_taken":0,"max_hp_gain":0,"max_hp_loss":0,"event_name":"World of Goop","floor":10,"gold_loss":47},{"damage_healed":0,"gold_gain":0,"player_choice":"Grow","damage_taken":0,"max_hp_gain":0,"max_hp_loss":0,"event_name":"Living Wall","floor":12,"gold_loss":0,"cards_upgraded":["Redo"]},{"damage_healed":0,"gold_gain":0,"player_choice":"Searched \u00271\u0027 times","damage_taken":0,"max_hp_gain":0,"max_hp_loss":0,"event_name":"Dead Adventurer","floor":13,"gold_loss":0}],"is_beta":false,"boss_relics":[{"not_picked":["Sozu","Philosopher\u0027s Stone"],"picked":"Empty Cage"}],"items_purged_floors":[19],"is_endless":false,"potions_floor_spawned":[1,6,16],"killed_by":"Snecko","ascension_level":5}}