{"host":"v3mpq6flurzldi5g","time":1611758870,"event":{"mods":["AchievementEnabler","BaseMod","Colored Powertips","Highlight Path","Minty Spire (QoL Compilation)","StSLib"],"gold_per_floor":[211,228,241,261,274,274,325,4,27,27,41,41,58,6,6,111,111,129,129,146,146,146],"floor_reached":21,"language":"ENG","playtime":2719,"items_purged":["Strike_G"],"score":293,"play_id":"19a47b12-13e2-4db9-8e48-cea80c9d96ad","local_time":"20210127094750","is_ascension_mode":true,"campfire_choices":[{"floor":6,"key":"REST"},{"floor":10,"key":"REST"},{"floor":12,"key":"REST"},{"floor":15,"key":"REST"}],"circlet_count":0,"master_deck":["AscendersBane","Strike_G","Strike_G","Defend_G","Defend_G","Defend_G","Defend_G","Survivor","Neutralize","Noxious Fumes","Calculated Gamble","Caltrops","Prepared","Dagger Spray","Dodge and Roll","Blade Dance","Backstab+1","Adrenaline","Skewer+1","Bane+1","Caltrops+1","Poisoned Stab+1","Decay","Reflex"],"relics":["Ring of the Snake","Letter Opener","Molten Egg 2","Nunchaku","Astrolabe"],"acts_visited":["Exordium","TheCity"],"potions_floor_usage":[7,7,16,18,20],"damage_taken":[{"damage":1,"enemies":"Cultist","floor":1,"turns":5},{"damage":6,"enemies":"Small Slimes","floor":2,"turns":3},{"damage":3,"enemies":"Jaw Worm","floor":3,"turns":5},{"damage":11,"enemies":"Looter","floor":4,"turns":4},{"damage":9,"enemies":"Large Slime","floor":5,"turns":8},{"damage":25,"enemies":"Gremlin Nob","floor":7,"turns":4},{"damage":29,"enemies":"Gremlin Gang","floor":11,"turns":4},{"damage":10,"enemies":"Exordium Thugs","floor":13,"turns":5},{"damage":17,"enemies":"The Guardian","floor":16,"turns":10},{"damage":27,"enemies":"2 Thieves","floor":18,"turns":4},{"damage":3,"enemies":"Chosen","floor":20,"turns":4},{"damage":45,"enemies":"Masked Bandits","floor":21,"turns":3}],"seed_played":"2318878284583966789","potions_obtained":[{"floor":1,"key":"PowerPotion"},{"floor":5,"key":"ColorlessPotion"},{"floor":16,"key":"ColorlessPotion"},{"floor":18,"key":"Explosive Potion"}],"is_trial":false,"path_per_floor":["M","M","M","M","M","R","E","$","T","R","M","R","M","$","R","B",null,"M","?","M","?"],"character_chosen":"THE_SILENT","items_purchased":["Molten Egg 2","Poison Potion"],"campfire_rested":4,"item_purchase_floors":[8,14],"current_hp_per_floor":[62,56,53,42,33,54,29,29,29,50,21,42,32,32,53,36,62,35,35,32,0,0],"gold":146,"neow_bonus":"HUNDRED_GOLD","is_daily":false,"chose_seed":false,"campfire_upgraded":0,"win_rate":0.0,"timestamp":1611758870,"path_taken":["M","M","M","M","?","R","E","$","T","R","M","R","M","?","R","BOSS","M","?","M","?"],"items_purchased_type":["Relic","Potion"],"build_version":"2020-12-22","purchased_purges":1,"victory":false,"max_hp_per_floor":[70,70,70,70,70,70,70,70,70,70,70,70,70,70,70,70,70,70,70,70,70,70],"card_choices":[{"not_picked":["Underhanded Strike","Blade Dance"],"picked":"Noxious Fumes","floor":1},{"not_picked":["Sucker Punch","Slice"],"picked":"Calculated Gamble","floor":2},{"not_picked":["Dagger Spray","Heel Hook"],"picked":"Caltrops","floor":3},{"not_picked":["Acrobatics","Masterful Stab"],"picked":"Prepared","floor":4},{"not_picked":["Sucker Punch","Cloak And Dagger"],"picked":"Dagger Spray","floor":5},{"not_picked":["Night Terror","Eviscerate"],"picked":"Dodge and Roll","floor":7},{"not_picked":["Deadly Poison","Escape Plan"],"picked":"Blade Dance","floor":11},{"not_picked":["Poisoned Stab+1","Cloak And Dagger"],"picked":"Backstab+1","floor":13},{"not_picked":["Grand Finale+1","Tools of the Trade"],"picked":"Adrenaline","floor":16},{"not_picked":["Dagger Spray+1","Escape Plan"],"picked":"Poisoned Stab+1","floor":18},{"not_picked":["Flying Knee+1","Choke+1"],"picked":"Reflex","floor":20}],"player_experience":1070940,"relics_obtained":[{"floor":7,"key":"Letter Opener"},{"floor":9,"key":"Nunchaku"}],"event_choices":[{"damage_healed":0,"gold_gain":0,"player_choice":"Smashed Altar","damage_taken":0,"max_hp_gain":0,"max_hp_loss":0,"event_name":"Forgotten Altar","floor":19,"gold_loss":0,"cards_obtained":["Decay"]},{"damage_healed":0,"gold_gain":0,"player_choice":"Fought Bandits","damage_taken":0,"max_hp_gain":0,"max_hp_loss":0,"event_name":"Masked Bandits","floor":21,"gold_loss":0}],"is_beta":false,"boss_relics":[{"not_picked":["Velvet Choker","SacredBark"],"picked":"Astrolabe"}],"items_purged_floors":[8],"is_endless":false,"potions_floor_spawned":[1,5,16,18],"killed_by":"Masked Bandits","ascension_level":12}}