{"host":"9709z2dy8v1s63sm","time":1611735048,"event":{"mods":["AchievementEnabler","BaseMod","Minty Spire (QoL Compilation)","StSLib","SuperFastMode"],"gold_per_floor":[110,110,120,135,151,151,184,211,250,291,378,406,429,451,463,550,612,635,36,25,25,37,67,67,67,67],"floor_reached":25,"language":"KOR","playtime":1083,"items_purged":["Strike_R"],"score":432,"play_id":"4b32072b-8e6b-4462-bac6-33981c8bd81e","local_time":"20210127171048","is_ascension_mode":true,"campfire_choices":[{"data":"Wild Strike","floor":6.0,"key":"SMITH"},{"data":"Body Slam","floor":15.0,"key":"SMITH"},{"data":"Apotheosis","floor":24.0,"key":"SMITH"}],"circlet_count":0,"master_deck":["AscendersBane","Strike_R","Strike_R","Strike_R","Strike_R","Defend_R","Defend_R","Defend_R","Defend_R","Bash","Barricade+1","Evolve","Power Through","Wild Strike+1","Ghostly Armor","Berserk","Battle Trance","Body Slam+1","Corruption","Shockwave","Second Wind","Apotheosis+1","Reckless Charge","Second Wind"],"relics":["Burning Blood","StoneCalendar","MawBank","Orichalcum","PreservedInsect","Tiny House","Letter Opener","Darkstone Periapt"],"acts_visited":["Exordium","TheCity"],"potions_floor_usage":[],"damage_taken":[{"damage":11.0,"enemies":"Cultist","floor":1.0,"turns":4.0},{"damage":2.0,"enemies":"2 Louse","floor":3.0,"turns":3.0},{"damage":7.0,"enemies":"Jaw Worm","floor":4.0,"turns":4.0},{"damage":11.0,"enemies":"3 Louse","floor":5.0,"turns":5.0},{"damage":25.0,"enemies":"3 Sentries","floor":7.0,"turns":7.0},{"damage":2.0,"enemies":"Looter","floor":8.0,"turns":4.0},{"damage":0.0,"enemies":"Lagavulin","floor":10.0,"turns":7.0},{"damage":10.0,"enemies":"Blue Slaver","floor":12.0,"turns":3.0},{"damage":4.0,"enemies":"3 Louse","floor":13.0,"turns":5.0},{"damage":24.0,"enemies":"Exordium Thugs","floor":14.0,"turns":7.0},{"damage":18.0,"enemies":"Slime Boss","floor":16.0,"turns":9.0},{"damage":0.0,"enemies":"Chosen","floor":18.0,"turns":5.0},{"damage":32.0,"enemies":"2 Thieves","floor":20.0,"turns":5.0},{"damage":29.0,"enemies":"Chosen and Byrds","floor":22.0,"turns":7.0},{"damage":29.0,"enemies":"Slavers","floor":23.0,"turns":7.0},{"damage":20,"enemies":"Book of Stabbing","floor":25,"turns":2}],"seed_played":"-3414504064844652429","potions_obtained":[{"floor":1.0,"key":"SteroidPotion"},{"floor":3.0,"key":"Regen Potion"},{"floor":7.0,"key":"ElixirPotion"},{"floor":13.0,"key":"Energy Potion"}],"is_trial":false,"path_per_floor":["M","?","M","M","M","R","E","M","T","E","?","M","M","M","R","B",null,"M","$","M","?","M","E","R","E"],"character_chosen":"IRONCLAD","items_purchased":["Second Wind","Apotheosis","Letter Opener","Reckless Charge"],"campfire_rested":0,"item_purchase_floors":[19,19,19,19],"current_hp_per_floor":[67,67,71,70,65,65,46,50,50,56,48,44,46,28,28,16,69,75,75,49,49,26,18,18,0,0],"gold":67,"neow_bonus":"ONE_RANDOM_RARE_CARD","is_daily":false,"chose_seed":false,"campfire_upgraded":3,"win_rate":0.0,"timestamp":1611735048,"path_taken":["M","?","?","M","M","R","E","M","T","E","?","M","M","?","R","BOSS","M","$","M","?","M","E","R","E"],"items_purchased_type":["Card","Card","Relic","Card"],"build_version":"2020-12-22","purchased_purges":1,"victory":false,"max_hp_per_floor":[80,80,80,80,80,80,80,80,80,80,80,80,80,80,80,80,85,85,85,85,85,85,85,85,85,85],"card_choices":[{"not_picked":["Rupture","Armaments"],"picked":"Evolve","floor":1.0},{"not_picked":["Heavy Blade","Rage"],"picked":"Power Through","floor":3.0},{"not_picked":["Warcry","Metallicize"],"picked":"Wild Strike","floor":4.0},{"not_picked":["Havoc","Wild Strike","Perfected Strike"],"picked":"SKIP","floor":5.0},{"not_picked":["Reckless Charge","Intimidate"],"picked":"Ghostly Armor","floor":7.0},{"not_picked":["Rage","Clash"],"picked":"Berserk","floor":8.0},{"not_picked":["Rage","Evolve"],"picked":"Battle Trance","floor":10.0},{"not_picked":["Pommel Strike","Headbutt","Clothesline"],"picked":"SKIP","floor":12.0},{"not_picked":["Clothesline","Clash","Inflame"],"picked":"SKIP","floor":13.0},{"not_picked":["Dual Wield","Berserk"],"picked":"Body Slam","floor":14.0},{"not_picked":["Immolate","Impervious"],"picked":"Corruption","floor":16.0},{"not_picked":["Combust","Evolve"],"picked":"Shockwave","floor":17.0},{"not_picked":["Wild Strike","Thunderclap","Reckless Charge"],"picked":"SKIP","floor":18.0},{"not_picked":["Havoc+1","Inflame","Perfected Strike"],"picked":"SKIP","floor":20.0},{"not_picked":["Sever Soul","Perfected Strike","Iron Wave"],"picked":"SKIP","floor":22.0},{"not_picked":["Bloodletting","Hemokinesis"],"picked":"Second Wind","floor":23.0}],"player_experience":101295,"relics_obtained":[{"floor":7.0,"key":"MawBank"},{"floor":9.0,"key":"Orichalcum"},{"floor":10.0,"key":"PreservedInsect"},{"floor":23.0,"key":"Darkstone Periapt"}],"event_choices":[{"damage_healed":0.0,"max_hp_gain":0.0,"max_hp_loss":0.0,"gold_gain":0.0,"event_name":"WeMeetAgain","player_choice":"Gave Potion","floor":2.0,"gold_loss":0.0,"damage_taken":0.0,"relics_obtained":["StoneCalendar"]},{"damage_healed":0.0,"max_hp_gain":0.0,"max_hp_loss":0.0,"gold_gain":75.0,"event_name":"FaceTrader","player_choice":"Touch","floor":11.0,"gold_loss":0.0,"damage_taken":8.0},{"damage_healed":0.0,"max_hp_gain":0.0,"max_hp_loss":0.0,"gold_gain":0.0,"event_name":"Vampires","player_choice":"Ignored","floor":21.0,"gold_loss":0.0,"damage_taken":0.0}],"is_beta":false,"boss_relics":[{"not_picked":["Runic Pyramid","Black Blood"],"picked":"Tiny House"}],"items_purged_floors":[19],"is_endless":false,"potions_floor_spawned":[1,3,7,13,14,16,20,22],"killed_by":"Book of Stabbing","ascension_level":13}}