{"host":"oeddu058k4r8wzo0","time":1611721348,"event":{"mods":["BaseMod","Better Third Choice","Colored Map","Colored Powertips","Conspire","Evolution","Highlight Path","Hubris","Infinite Spire","Jorbs\u0027s Wanderer Trilogy","Minty Spire (QoL Compilation)","Quick Restart","Relic Filter Mod","Reliquary","Replay The Spire","Reworked Bosses","StSLib","Wandering Minibosses"],"gold_per_floor":[115,115,139,154,172,213,213,251,297,297,330,330,330,330,330,459,459,484,503,517,535,535,535,535],"floor_reached":23,"language":"ENG","playtime":1303,"items_purged":[],"score":378,"play_id":"1e7304e6-5576-4e27-9685-f898599b70e0","local_time":"20210126202228","is_ascension_mode":true,"campfire_choices":[{"floor":7.0,"key":"REST"},{"data":"Chaos","floor":10,"key":"SMITH"},{"floor":12,"key":"REST"},{"data":"Consume","floor":15,"key":"SMITH"}],"circlet_count":0,"master_deck":["AscendersBane","Compile Driver","Strike_B","Strike_B","Strike_B","Defend_B","Defend_B","Defend_B","Defend_B","Zap","Dualcast","Chaos+1","hubris:PowerSurge","Gash","Cold Snap","Electrodynamics","ReplaySort","Consume+1","Flame Barrier","Machine Learning+1","Barrage","Redo","Ball Lightning","Redo+1"],"relics":["EVO:Axolotl","Inserter","Golden Idol","Pantograph","Garlic","Replay:Antivirus Software","conspire:DeflatedDodgeball","Replay:Wax Seal","Nunchaku","Sozu"],"acts_visited":["Exordium","TheCity"],"potions_floor_usage":[8,23],"damage_taken":[{"damage":5.0,"enemies":"Cultist","floor":1.0,"turns":5.0},{"damage":14.0,"enemies":"2 Louse","floor":3.0,"turns":3.0},{"damage":7.0,"enemies":"Jaw Worm","floor":4.0,"turns":6.0},{"damage":12.0,"enemies":"2 Fungi Beasts","floor":5.0,"turns":4.0},{"damage":24.0,"enemies":"Lagavulin","floor":6.0,"turns":9.0},{"damage":0,"enemies":"Gremlin Nob","floor":8,"turns":3},{"damage":13,"enemies":"3 Sentries","floor":11,"turns":3},{"damage":2,"enemies":"The Guardian","floor":16,"turns":9},{"damage":26,"enemies":"Shell Parasite","floor":18,"turns":8},{"damage":0,"enemies":"Spheric Guardian","floor":19,"turns":5},{"damage":14,"enemies":"Centurion and Healer","floor":20,"turns":6},{"damage":3,"enemies":"Snecko","floor":21,"turns":5},{"damage":22,"enemies":"Gremlin Leader","floor":23,"turns":2}],"seed_played":"5522114843965244387","potions_obtained":[{"floor":3.0,"key":"Doom Potion"},{"floor":4.0,"key":"EssenceOfSteel"},{"floor":6.0,"key":"Fire Potion"},{"floor":11,"key":"Dexterity Potion"},{"floor":16,"key":"FearPotion"}],"is_trial":false,"path_per_floor":["M","?","M","M","M","E","R","E","T","R","E","R","?","T","R","B",null,"M","M","M","M","?","E"],"character_chosen":"DEFECT","items_purchased":[],"campfire_rested":2,"item_purchase_floors":[],"current_hp_per_floor":[63,63,49,42,30,6,26,26,26,26,13,33,28,28,28,51,65,39,39,25,22,22,0,0],"gold":535,"neow_bonus":"BOSS_RELIC","is_daily":false,"chose_seed":false,"campfire_upgraded":2,"win_rate":0.0,"timestamp":1611721348,"path_taken":["M","?","M","M","M","E","R","E","T","R","E","R","?","?","R","BOSS","M","M","M","M","?","E"],"items_purchased_type":[],"build_version":"2020-12-22","purchased_purges":0,"victory":false,"max_hp_per_floor":[75,69,69,69,69,69,69,69,69,69,69,69,69,69,69,69,69,69,69,69,69,69,69,69],"card_choices":[{"not_picked":["Recycle","Conserve Battery"],"picked":"Chaos","floor":1.0},{"not_picked":["BasicCrystalCard","Streamline"],"picked":"hubris:PowerSurge","floor":3.0},{"not_picked":["Rebound","Steam"],"picked":"Gash","floor":4.0},{"not_picked":["Steam Power","BasicCrystalCard"],"picked":"Cold Snap","floor":5.0},{"not_picked":["Steam Power","Hello World"],"picked":"Electrodynamics","floor":6.0},{"not_picked":["conspire:Rain","Conserve Battery"],"picked":"ReplaySort","floor":8},{"not_picked":["Cold Snap","Machine Learning"],"picked":"Consume","floor":11},{"not_picked":["Buffer","All For One"],"picked":"Machine Learning","floor":16},{"not_picked":["Leap","Go for the Eyes"],"picked":"Barrage","floor":18},{"not_picked":["BasicCrystalCard","Cold Snap"],"picked":"Redo","floor":19},{"not_picked":["Sunder","FTL"],"picked":"Ball Lightning","floor":20},{"not_picked":["Streamline","Go for the Eyes"],"picked":"Redo+1","floor":21}],"player_experience":1381255,"relics_obtained":[{"floor":6.0,"key":"Pantograph"},{"floor":8,"key":"Garlic"},{"floor":9,"key":"Replay:Antivirus Software"},{"floor":11,"key":"conspire:DeflatedDodgeball"},{"floor":14,"key":"Nunchaku"}],"event_choices":[{"damage_healed":0.0,"max_hp_gain":0.0,"max_hp_loss":6.0,"gold_gain":0.0,"event_name":"Golden Idol","player_choice":"Lose Max HP","floor":2.0,"gold_loss":0.0,"damage_taken":0.0,"relics_obtained":["Golden Idol"]},{"damage_healed":0,"gold_gain":0,"player_choice":"Forge","damage_taken":0,"max_hp_gain":0,"max_hp_loss":0,"event_name":"Accursed Blacksmith","floor":22,"gold_loss":0,"cards_upgraded":["Machine Learning"]}],"is_beta":false,"boss_relics":[{"not_picked":["reliquary:KinkedSpring","Fusion Hammer"],"picked":"Sozu"}],"items_purged_floors":[],"is_endless":false,"potions_floor_spawned":[3,4,6,11,16,19,20,21],"killed_by":"Gremlin Leader","ascension_level":12}}