{"host":"vrsxkkch9ccrec7k","time":1611718855,"event":{"mods":["Act Like it!","BaseMod","Bestiary","Better Altar","Better Match","Better Note","Better Sensory Stone","Better Skull","Better Third Choice","Better Vampires","Downfall","Minty Spire (QoL Compilation)","Permanent Neow","Relic Stats","Spicy Shops","StSLib"],"gold_per_floor":[99,111,129,129,148,148,174,508,94,107,141,241,241,241,253,253,253,253],"floor_reached":16,"language":"ENG","playtime":1234,"items_purged":["Decay"],"score":143,"play_id":"0d7b9a05-0723-4dd7-8597-68dddd0a9030","local_time":"20210126224055","is_ascension_mode":true,"campfire_choices":[{"data":"Guardian:BaubleBeam","floor":1,"key":"SMITH"},{"floor":13,"key":"REST"}],"circlet_count":0,"master_deck":["Guardian:Strike_Guardian","Guardian:Strike_Guardian","Guardian:Strike_Guardian","Guardian:Defend_Guardian","Guardian:Defend_Guardian","Guardian:Defend_Guardian","Guardian:Defend_Guardian","Guardian:CurlUp","Guardian:TwinSlam","Guardian:BaubleBeam+1","Guardian:PolyBeam","Guardian:PiercingHide","Guardian:RollAttack","Guardian:TimeBomb","Guardian:ArmoredProtocol"],"relics":["Guardian:ModeShifter","Lantern","Old Coin","Guardian:StasisUpgradeRelic","Medical Kit","Vajra"],"acts_visited":[],"potions_floor_usage":[8,10,11,16,16],"damage_taken":[{"damage":1,"enemies":"Cultist","floor":2,"turns":4},{"damage":6,"enemies":"2 Louse","floor":3,"turns":3},{"damage":0,"enemies":"Small Slimes","floor":5,"turns":3},{"damage":14,"enemies":"3 Sentries","floor":8,"turns":11},{"damage":2,"enemies":"downfall:FleeingMerchant","floor":9,"turns":4},{"damage":0,"enemies":"Blue Slaver","floor":10,"turns":3},{"damage":14,"enemies":"Lagavulin","floor":11,"turns":10},{"damage":18,"enemies":"Large Slime","floor":15,"turns":5},{"damage":95,"enemies":"DF_ARCHETYPE_STREAMLINE","floor":16,"turns":14}],"seed_played":"-8267239004347780555","potions_obtained":[{"floor":5,"key":"AttackPotion"},{"floor":10,"key":"Block Potion"}],"is_trial":false,"path_per_floor":["R","M","M","?","M","?","T","E","$","M","E","?","R","?","M","B"],"character_chosen":"GUARDIAN","items_purchased":["Guardian:StasisUpgradeRelic","EntropicBrew","Medical Kit"],"campfire_rested":1,"item_purchase_floors":[9,9,9],"current_hp_per_floor":[72,71,65,70,70,70,70,56,54,54,40,40,63,63,45,0,0,0],"gold":253,"neow_bonus":"THREE_RARE_CARDS","is_daily":false,"chose_seed":false,"campfire_upgraded":1,"win_rate":0.0,"timestamp":1611718855,"path_taken":["R","M","M","?","M","?","T","E","$","?","E","?","R","?","M","BOSS"],"items_purchased_type":["Relic","Potion","Relic"],"build_version":"2020-12-22","purchased_purges":1,"victory":false,"max_hp_per_floor":[72,72,72,77,77,77,77,77,77,77,77,77,77,77,77,77,77,77],"relic_stats":{"counters":[9,57],"Medical Kit":[2],"obtain_stats":[{"Guardian:StasisUpgradeRelic":9,"Lantern":7,"Guardian:ModeShifter":0,"Vajra":11,"Medical Kit":9,"Old Coin":8},{"Guardian:StasisUpgradeRelic":5,"Lantern":3,"Guardian:ModeShifter":0,"Vajra":7,"Medical Kit":5,"Old Coin":4},{"Guardian:StasisUpgradeRelic":25,"Lantern":10,"Guardian:ModeShifter":0,"Vajra":38,"Medical Kit":25,"Old Coin":21}]},"card_choices":[{"not_picked":["Guardian:FierceBash","Guardian:GatlingBeam"],"picked":"Guardian:BaubleBeam","floor":0},{"not_picked":["Guardian:Gem_Lightblue","Guardian:Gem_Yellow"],"picked":"Guardian:PolyBeam","floor":2},{"not_picked":["Guardian:RollAttack","Guardian:PrismaticBeam"],"picked":"Guardian:Gem_Cyan","floor":3},{"not_picked":["Guardian:TimeCapacitor","Guardian:BodySlam"],"picked":"Guardian:PiercingHide","floor":5},{"not_picked":["Guardian:Gem_Green","Guardian:WalkerClaw"],"picked":"Guardian:Gem_Fragmented","floor":8},{"not_picked":["Guardian:Suspension","Guardian:Planning"],"picked":"Guardian:RollAttack","floor":9},{"not_picked":["Guardian:TemporalStrike","Guardian:Planning","Guardian:PiercingHide"],"picked":"SKIP","floor":10},{"not_picked":["Guardian:VentSteam","Guardian:PolyBeam"],"picked":"Guardian:TimeBomb","floor":11},{"not_picked":["Guardian:Gem_Crimson","Guardian:Gem_Yellow"],"picked":"Guardian:ArmoredProtocol","floor":15}],"player_experience":1755859,"relics_obtained":[{"floor":7,"key":"Lantern"},{"floor":8,"key":"Old Coin"},{"floor":11,"key":"Vajra"}],"event_choices":[{"damage_healed":0,"gold_gain":0,"player_choice":"Donut","damage_taken":0,"max_hp_gain":5,"max_hp_loss":0,"event_name":"Big Fish","floor":4,"gold_loss":0},{"damage_healed":0,"gold_gain":0,"player_choice":"Cursed","damage_taken":0,"max_hp_gain":0,"max_hp_loss":0,"event_name":"Wheel of Change","floor":6,"gold_loss":0,"cards_obtained":["Decay"]}],"is_beta":false,"boss_relics":[],"items_purged_floors":[9],"is_endless":false,"potions_floor_spawned":[5,10],"killed_by":"DF_ARCHETYPE_STREAMLINE","ascension_level":6}}