{"host":"7kgj47jdxgufb548","time":1611738782,"event":{"mods":["Act Like it!","BaseMod","CapriCore","Gensokyo","Minty Spire (QoL Compilation)","Remilia¡]Á¢¦Ì²ú?¡^","StSLib","The Immortal","Yakumo Yukari mod","Youmu¡]»î¾z§¯?¡^"],"gold_per_floor":[119,134,48,66,82,82,607,607,607,607,621,651,651,679,679,775,775,785,1110,888,888,902,934,814,839,913,142,155,174,25,25,25,25],"floor_reached":31,"language":"ZHS","playtime":1576,"items_purged":[],"score":376,"play_id":"3f0042ae-6dc9-4ab6-bf1f-cb64730dffe0","local_time":"20210127171302","is_ascension_mode":true,"campfire_choices":[{"data":"MokouMod:InfernalWave","floor":6,"key":"SMITH"},{"floor":8,"key":"REST"},{"floor":10,"key":"REST"},{"floor":15,"key":"REST"}],"circlet_count":0,"master_deck":["MokouMod:Strike","MokouMod:Strike","MokouMod:Strike","MokouMod:Strike","MokouMod:Defend","MokouMod:Defend","MokouMod:Defend","MokouMod:HeatSpark","MokouMod:InfernalWave+1","MokouMod:IllusoryBattlefield","MokouMod:ResonanceReactor+1","MokouMod:FujiyamaVolcano","MokouMod:TemporalFireSeal","MokouMod:IndiscriminateIgnition","MokouMod:SacredFire","MokouMod:FlickeringFlame","MokouMod:Afterburner","MokouMod:TemporalFireSeal","MokouMod:AdaptivePyromancy","MokouMod:Geothermal","MokouMod:ExplosiveFlame","MokouMod:FusionFlare","MokouMod:DanceofFlames","MokouMod:FlareStarter","MokouMod:RetainTemperature","MokouMod:AdaptivePyromancy+1","MokouMod:Scorch+1","MokouMod:ResonanceReactor","MokouMod:Ventilation","MokouMod:Rekindle","MokouMod:Singe","Gensokyo:ScrapIron","Gensokyo:TrainingManual","Gensokyo:TarnishedGold","Gensokyo:DepletedGenerator"],"relics":["MokouMod:PhoenixFeather","Dream Catcher","Pen Nib","Ancient Tea Set","Potion Belt","Empty Cage","PreservedInsect","Gremlin Horn","Gensokyo:MaskOfHope","Thread and Needle","Shuriken","Oddly Smooth Stone","Bag of Marbles","Strange Spoon"],"acts_visited":["Gensokyo:Gensokyo","Gensokyo:Gensokyoer"],"potions_floor_usage":[5,7,12,16,18,22,22,22,23,25,25,29,29],"damage_taken":[{"damage":7,"enemies":"Gensokyo:3_Fairies","floor":1,"turns":5},{"damage":13,"enemies":"Gensokyo:2_Kodama","floor":2,"turns":3},{"damage":26,"enemies":"Gensokyo:Gryphon","floor":4,"turns":5},{"damage":14,"enemies":"Gensokyo:5_Fairies","floor":5,"turns":5},{"damage":25,"enemies":"Gensokyo:Mamizou","floor":7,"turns":10},{"damage":11,"enemies":"Gensokyo:Python_and_Kodama","floor":11,"turns":3},{"damage":21,"enemies":"Gensokyo:Aya","floor":12,"turns":4},{"damage":61,"enemies":"Gensokyo:Cirno","floor":14,"turns":7},{"damage":4,"enemies":"Gensokyo:Reimu","floor":16,"turns":5},{"damage":22,"enemies":"Gensokyo:CosmicMonolith","floor":18,"turns":3},{"damage":3,"enemies":"Gensokyo:AngelMirror","floor":22,"turns":2},{"damage":52,"enemies":"Gensokyo:Reisen","floor":23,"turns":5},{"damage":4,"enemies":"Gensokyo:Koishi","floor":25,"turns":3},{"damage":20,"enemies":"Gensokyo:Slime_Group","floor":28,"turns":4},{"damage":10,"enemies":"Gensokyo:3_Gloops","floor":29,"turns":5},{"damage":29,"enemies":"Gensokyo:Monolith_and_Dog","floor":31,"turns":3}],"seed_played":"-2983391702418156476","potions_obtained":[{"floor":2,"key":"Strength Potion"},{"floor":4,"key":"ColorlessPotion"},{"floor":5,"key":"DuplicationPotion"},{"floor":7,"key":"Ancient Potion"},{"floor":14,"key":"LiquidMemories"},{"floor":18,"key":"SteroidPotion"},{"floor":22,"key":"CultistPotion"},{"floor":28,"key":"LiquidMemories"}],"is_trial":false,"path_per_floor":["M","M","COS","M","M","R","E","R","T","R","M","E","?","E","R","B",null,"M","?","$","?","M","E","?","E","T","$","M","M","COS","M"],"character_chosen":"MKU","items_purchased":["MokouMod:DanceofFlames","MokouMod:FlareStarter","EntropicBrew","Oddly Smooth Stone","Bag of Marbles","Strange Spoon","Regen Potion","MokouMod:ResonanceReactor","MokouMod:Ventilation"],"campfire_rested":3,"item_purchase_floors":[20,20,20,27,27,27,27,27,27],"current_hp_per_floor":[68,55,55,29,15,15,13,35,35,57,46,25,48,5,27,23,75,53,53,53,53,50,17,17,13,13,13,17,21,21,0,0,0],"gold":25,"neow_bonus":"RANDOM_COMMON_RELIC","is_daily":false,"chose_seed":false,"campfire_upgraded":1,"win_rate":0.0,"timestamp":1611738782,"path_taken":["M","M","COS","M","M","R","E","R","T","R","M","E","?","E","R","BOSS","M","?","$","?","M","E","?","E","T","$","?","M","COS","M"],"items_purchased_type":["Card","Card","Potion","Relic","Relic","Relic","Potion","Card","Card"],"build_version":"2020-12-22","purchased_purges":0,"victory":false,"max_hp_per_floor":[75,75,75,75,75,75,75,75,75,75,75,75,75,75,75,75,75,75,75,75,69,69,69,69,69,69,69,69,69,69,69,69,69],"card_choices":[{"not_picked":["MokouMod:BlazingComet","MokouMod:HeatCyclone"],"picked":"MokouMod:InfernalWave","floor":1},{"not_picked":["MokouMod:TemporalFireSeal","MokouMod:Fireball"],"picked":"MokouMod:IllusoryBattlefield","floor":2},{"not_picked":["MokouMod:Trailblazer+1","MokouMod:EnchantingBambooForest+1"],"picked":"MokouMod:ResonanceReactor+1","floor":4},{"not_picked":["MokouMod:ControlledCombustion","MokouMod:Wildfire"],"picked":"MokouMod:FujiyamaVolcano","floor":4},{"not_picked":["MokouMod:FlareStarter","MokouMod:Singe"],"picked":"MokouMod:TemporalFireSeal","floor":5},{"not_picked":["MokouMod:ControlledCombustion","MokouMod:FujiyamaVolcano"],"picked":"MokouMod:IndiscriminateIgnition","floor":7},{"not_picked":["MokouMod:Overheat","MokouMod:FlareStarter"],"picked":"MokouMod:SacredFire","floor":8},{"not_picked":["MokouMod:TemporalFireSeal","MokouMod:Burn"],"picked":"MokouMod:FlickeringFlame","floor":10},{"not_picked":["MokouMod:ScorchedEarth","MokouMod:BurningDraft"],"picked":"MokouMod:Afterburner","floor":11},{"not_picked":["MokouMod:Singe","MokouMod:HeatFactory"],"picked":"MokouMod:TemporalFireSeal","floor":12},{"not_picked":["MokouMod:UncontrollableSolarReaction","MokouMod:FlickeringFlame"],"picked":"MokouMod:AdaptivePyromancy","floor":14},{"not_picked":["MokouMod:IgneousBlow","MokouMod:Sear"],"picked":"MokouMod:Geothermal","floor":15},{"not_picked":["MokouMod:EnchantingBambooForest","MokouMod:Extinguish"],"picked":"MokouMod:ExplosiveFlame","floor":16},{"not_picked":["MokouMod:SearingShot","MokouMod:Cataclysm+1"],"picked":"MokouMod:FusionFlare","floor":18},{"not_picked":["MokouMod:SearingShot","MokouMod:ImperishableFlame"],"picked":"MokouMod:RetainTemperature","floor":22},{"not_picked":["MokouMod:IgnitionBarrier","MokouMod:Overheat"],"picked":"MokouMod:AdaptivePyromancy+1","floor":23},{"not_picked":["MokouMod:HeartofFire","MokouMod:RoaringFlare"],"picked":"MokouMod:Scorch+1","floor":25},{"not_picked":["MokouMod:IndiscriminateIgnition","MokouMod:AdaptivePyromancy"],"picked":"MokouMod:Rekindle","floor":28},{"not_picked":["MokouMod:EternalBurstReactor","MokouMod:IgnitionBlast"],"picked":"MokouMod:Singe","floor":29}],"player_experience":196762,"relics_obtained":[{"floor":7,"key":"Pen Nib"},{"floor":9,"key":"Ancient Tea Set"},{"floor":12,"key":"Letter Opener"},{"floor":14,"key":"Potion Belt"},{"floor":23,"key":"Gremlin Horn"},{"floor":25,"key":"Thread and Needle"},{"floor":26,"key":"Shuriken"}],"event_choices":[],"is_beta":false,"boss_relics":[{"not_picked":["Runic Dome","Coffee Dripper"],"picked":"Empty Cage"}],"items_purged_floors":[],"is_endless":false,"potions_floor_spawned":[2,4,5,7,14,18,22,28],"killed_by":"Gensokyo:Monolith_and_Dog","ascension_level":3}}