{"host":"qrt7o4dq2qslzw13","time":1611725484,"event":{"mods":["BaseMod","Colored Map","Colored Powertips","Minty Spire (QoL Compilation)","Quick Restart","Replay The Spire","Shop Mod","StSLib","SuperFastMode"],"gold_per_floor":[118,169,186,33,33,67,85,85,85,85,85,18,33,43,43,140,140,159,159,159,84,99,99,99],"floor_reached":23,"language":"ENG","playtime":495,"items_purged":[],"score":268,"play_id":"d43992ba-5fd7-43c3-914f-dd00cba8a709","local_time":"20210127003124","is_ascension_mode":true,"campfire_choices":[{"data":"Fasting2","floor":11.0,"key":"SMITH"},{"data":"ConjureBlade","floor":15.0,"key":"SMITH"}],"circlet_count":0,"master_deck":["Strike_P","Strike_P","Defend_P","Defend_P","Defend_P","Defend_P","Eruption","Vigilance","Evaluate","Fasting2+1","Sanctity+1","Halt","WreathOfFlame","Prostrate","ConjureBlade+1","JustLucky","Vault","Brilliance","Parasite","Wallop","Devotion","Adaptation"],"relics":["PureWater","NeowsBlessing","Omamori","Blue Doll","Mercury Hourglass","Onion Ring","Replay:Ancient Bell","Damaru","Yang","FossilizedHelix"],"acts_visited":["Exordium","TheCity"],"potions_floor_usage":[23],"damage_taken":[{"damage":0.0,"enemies":"Jaw Worm","floor":1.0,"turns":1.0},{"damage":0.0,"enemies":"Small Slimes","floor":3.0,"turns":1.0},{"damage":0.0,"enemies":"3 Sentries","floor":6.0,"turns":2.0},{"damage":0.0,"enemies":"2 Louse","floor":7.0,"turns":2.0},{"damage":0.0,"enemies":"2 Fungi Beasts","floor":13.0,"turns":3.0},{"damage":0.0,"enemies":"Large Slime","floor":14.0,"turns":5.0},{"damage":10.0,"enemies":"The Guardian","floor":16.0,"turns":11.0},{"damage":0.0,"enemies":"Spheric Guardian","floor":18.0,"turns":2.0},{"damage":3.0,"enemies":"Shell Parasite","floor":22.0,"turns":9.0},{"damage":80,"enemies":"Gremlin Leader","floor":23,"turns":6}],"seed_played":"-5559496099072665143","potions_obtained":[{"floor":2.0,"key":"Death Potion"},{"floor":3.0,"key":"Reflective Coating"},{"floor":13.0,"key":"SteroidPotion"}],"is_trial":false,"path_per_floor":["M","?","M","$","?","E","M","?","T","?","R","$","M","M","R","B",null,"M","?","?","?","M","E"],"character_chosen":"WATCHER","items_purchased":["Blue Doll","ConjureBlade"],"campfire_rested":0,"item_purchase_floors":[4,12],"current_hp_per_floor":[72,44,44,44,44,44,44,68,68,61,61,61,61,61,61,51,67,67,67,67,67,64,0,0],"gold":99,"neow_bonus":"THREE_ENEMY_KILL","is_daily":false,"chose_seed":false,"campfire_upgraded":2,"win_rate":0.0,"timestamp":1611725484,"path_taken":["M","?","M","$","?","E","M","?","T","?","R","$","M","M","R","BOSS","M","?","?","?","M","E"],"items_purchased_type":["Relic","Card"],"build_version":"2020-12-22","purchased_purges":0,"victory":false,"max_hp_per_floor":[72,72,72,72,72,72,72,72,72,72,72,72,72,72,72,72,72,72,72,72,72,72,72,72],"card_choices":[{"not_picked":["Replay:BluntJabs","CutThroughFate"],"picked":"Evaluate","floor":1.0},{"not_picked":["Halt","EmptyBody"],"picked":"Fasting2","floor":2.0},{"not_picked":["Evaluate","PathToVictory"],"picked":"Sanctity","floor":2.0},{"not_picked":["FlurryOfBlows","EmptyBody"],"picked":"Halt","floor":3.0},{"not_picked":["ForeignInfluence","Swivel"],"picked":"WreathOfFlame","floor":6.0},{"not_picked":["FlyingSleeves","WheelKick"],"picked":"Prostrate","floor":7.0},{"not_picked":["Perseverance","Weave"],"picked":"JustLucky","floor":13.0},{"not_picked":["Halt","WreathOfFlame"],"picked":"Vault","floor":14.0},{"not_picked":["Scrawl","Vault"],"picked":"Brilliance","floor":16.0},{"not_picked":["Overencumbered","Amnesia"],"picked":"Pain","floor":17.0},{"not_picked":["Shame","Doubt"],"picked":"Looming Evil","floor":17.0},{"not_picked":["Voices","Doubt"],"picked":"Parasite","floor":17.0},{"not_picked":["FollowUp","Adaptation"],"picked":"Wallop","floor":18.0},{"not_picked":["Alpha","InnerPeace+1"],"picked":"Adaptation","floor":22.0}],"player_experience":595163,"relics_obtained":[{"floor":2.0,"key":"Omamori"},{"floor":6.0,"key":"Mercury Hourglass"},{"floor":9.0,"key":"Onion Ring"}],"event_choices":[{"damage_healed":24.0,"max_hp_gain":0.0,"max_hp_loss":0.0,"gold_gain":0.0,"event_name":"Big Fish","player_choice":"Banana","floor":8.0,"gold_loss":0.0,"damage_taken":0.0},{"cards_removed":["Strike_P"],"damage_healed":0.0,"max_hp_gain":0.0,"max_hp_loss":0.0,"gold_gain":0.0,"event_name":"Golden Wing","player_choice":"Card Removal","floor":10.0,"gold_loss":0.0,"damage_taken":7.0},{"damage_healed":0.0,"max_hp_gain":0.0,"max_hp_loss":0.0,"gold_gain":0.0,"event_name":"The Library","player_choice":"Read","floor":19.0,"gold_loss":0.0,"damage_taken":0.0,"cards_obtained":["Devotion"]},{"cards_removed":["Strike_P"],"damage_healed":0.0,"max_hp_gain":0.0,"max_hp_loss":0.0,"gold_gain":0.0,"event_name":"Beggar","player_choice":"Gave Gold","floor":21.0,"gold_loss":75.0,"damage_taken":0.0}],"is_beta":false,"boss_relics":[{"not_picked":["Coffee Dripper","Black Star"],"picked":"Replay:Ancient Bell"},{"not_picked":["Dream Catcher","Potion Belt"],"picked":"Damaru"},{"not_picked":["Kunai","The Courier"],"picked":"Yang"},{"not_picked":["Replay:Multitool","Torii"],"picked":"FossilizedHelix"}],"items_purged_floors":[],"is_endless":false,"potions_floor_spawned":[3,13,14,16,22],"killed_by":"Gremlin Leader","ascension_level":5}}