{"host":"jpcy2bclvs7juczu","time":1611745834,"event":{"mods":["Alarm Clock","BaseMod","Bestiary","Block Reminder","Colored Map","Colored Powertips","Curses Come First","Dark Map","Minty Spire (QoL Compilation)","Quick Restart","RNG Fix","Relic Stats","Slay the Relics Exporter","StSLib","ojb\u0027s Better Paths Mod","ojb\u0027s Info Mod","slay the spire mod where everything is the same but ironclad has a cowboy hat"],"gold_per_floor":[217,229,247,265,19,54,54,85,133,159,177,195,195,206,206,278,278,288,288,301,314,332,332,332],"floor_reached":23,"language":"ENG","playtime":4884,"items_purged":[],"score":459,"play_id":"e24f7db6-3d0b-4d84-8410-00f26fb81f26","local_time":"20210127061034","is_ascension_mode":true,"campfire_choices":[{"data":"Hemokinesis","floor":7,"key":"SMITH"},{"data":"Bash","floor":13,"key":"SMITH"},{"data":"True Grit","floor":15,"key":"SMITH"}],"circlet_count":0,"master_deck":["AscendersBane","Strike_R","Strike_R","Strike_R","Strike_R","Strike_R","Defend_R","Defend_R","Defend_R","Defend_R","Bash+1","Perfected Strike","Headbutt","Iron Wave","Hemokinesis+1","Feed","Flame Barrier","Clothesline","Feel No Pain","True Grit+1","Intimidate","Battle Trance","Offering","Armaments","Feel No Pain+1"],"relics":["Burning Blood","Potion Belt","Akabeko","Toy Ornithopter","Torii","Runic Pyramid","NlothsMask"],"acts_visited":["TheCity"],"potions_floor_usage":[10,11,16,21,21,22,23],"damage_taken":[{"damage":4,"enemies":"Small Slimes","floor":1,"turns":4},{"damage":14,"enemies":"Jaw Worm","floor":2,"turns":4},{"damage":0,"enemies":"2 Louse","floor":3,"turns":2},{"damage":7,"enemies":"Looter","floor":4,"turns":3},{"damage":39,"enemies":"3 Sentries","floor":6,"turns":10},{"damage":29,"enemies":"Lagavulin","floor":8,"turns":5},{"damage":18,"enemies":"Gremlin Nob","floor":10,"turns":4},{"damage":8,"enemies":"3 Louse","floor":11,"turns":4},{"damage":4,"enemies":"Red Slaver","floor":12,"turns":3},{"damage":4,"enemies":"Blue Slaver","floor":14,"turns":3},{"damage":18,"enemies":"Hexaghost","floor":16,"turns":9},{"damage":11,"enemies":"3 Byrds","floor":18,"turns":5},{"damage":8,"enemies":"Chosen","floor":20,"turns":5},{"damage":67,"enemies":"Snecko","floor":21,"turns":8},{"damage":10,"enemies":"Snake Plant","floor":22,"turns":5},{"damage":34,"enemies":"Slavers","floor":23,"turns":4}],"seed_played":"-6802419194076788090","potions_obtained":[{"floor":4,"key":"BloodPotion"},{"floor":6,"key":"ColorlessPotion"},{"floor":10,"key":"BlessingOfTheForge"},{"floor":11,"key":"SneckoOil"},{"floor":16,"key":"Swift Potion"},{"floor":18,"key":"Dexterity Potion"},{"floor":21,"key":"SpeedPotion"}],"is_trial":false,"path_per_floor":["M","M","M","M","$","E","R","E","T","E","M","M","R","M","R","B",null,"M","?","M","M","M","E"],"character_chosen":"IRONCLAD","items_purchased":["Feed","Flame Barrier"],"campfire_rested":0,"item_purchase_floors":[5,5],"current_hp_per_floor":[70,62,68,67,67,37,37,14,14,7,28,33,33,35,35,28,70,68,68,69,18,23,0,0],"gold":332,"neow_bonus":"HUNDRED_GOLD","is_daily":false,"chose_seed":false,"campfire_upgraded":3,"win_rate":0.0,"timestamp":1611745834,"path_taken":["M","M","M","M","$","E","R","E","T","E","M","M","R","M","R","BOSS","M","?","M","?","M","E"],"items_purchased_type":["Card","Card"],"build_version":"2020-12-22","purchased_purges":0,"victory":false,"max_hp_per_floor":[75,75,75,75,75,78,78,78,78,78,81,84,84,84,84,84,84,87,87,90,90,94,97,97],"relic_stats":{"Torii":29,"counters":[16,78],"obtain_stats":[{"Potion Belt":6,"Torii":10,"Burning Blood":0,"Akabeko":8,"Toy Ornithopter":9,"Runic Pyramid":17,"NlothsMask":19},{"Potion Belt":5,"Torii":7,"Burning Blood":0,"Akabeko":6,"Toy Ornithopter":6,"Runic Pyramid":11,"NlothsMask":12},{"Potion Belt":23,"Torii":32,"Burning Blood":0,"Akabeko":28,"Toy Ornithopter":28,"Runic Pyramid":51,"NlothsMask":56}],"Burning Blood":90,"Toy Ornithopter":35},"card_choices":[{"not_picked":["Wild Strike","Cleave"],"picked":"Perfected Strike","floor":1},{"not_picked":["Body Slam","Flex"],"picked":"Headbutt","floor":2},{"not_picked":["True Grit","Wild Strike"],"picked":"Iron Wave","floor":3},{"not_picked":["Warcry","Heavy Blade"],"picked":"Hemokinesis","floor":4},{"not_picked":["Body Slam","Blood for Blood"],"picked":"Clothesline","floor":6},{"not_picked":["Limit Break","Iron Wave"],"picked":"Feel No Pain","floor":8},{"not_picked":["Rupture","Body Slam","Searing Blow"],"picked":"SKIP","floor":10},{"not_picked":["Rupture","Body Slam","Searing Blow"],"picked":"SKIP","floor":10},{"not_picked":["Havoc","Headbutt"],"picked":"True Grit","floor":11},{"not_picked":["Headbutt","Sentinel"],"picked":"Intimidate","floor":12},{"not_picked":["Spot Weakness","Havoc"],"picked":"Battle Trance","floor":14},{"not_picked":["Fiend Fire","Berserk"],"picked":"Offering","floor":16},{"not_picked":["Thunderclap+1","Headbutt","Bloodletting"],"picked":"SKIP","floor":18},{"not_picked":["Twin Strike","Wild Strike"],"picked":"Armaments","floor":20},{"not_picked":["Heavy Blade","Wild Strike","Infernal Blade"],"picked":"SKIP","floor":21},{"not_picked":["Spot Weakness","Pummel"],"picked":"Feel No Pain+1","floor":22}],"player_experience":1483080,"relics_obtained":[{"floor":6,"key":"Potion Belt"},{"floor":8,"key":"Akabeko"},{"floor":9,"key":"Toy Ornithopter"},{"floor":10,"key":"Torii"}],"event_choices":[{"damage_healed":0,"gold_gain":0,"player_choice":"Trade","damage_taken":0,"relics_obtained":["NlothsMask"],"max_hp_gain":0,"max_hp_loss":0,"event_name":"FaceTrader","floor":19,"gold_loss":0}],"is_beta":false,"boss_relics":[{"not_picked":["Pandora\u0027s Box","Cursed Key"],"picked":"Runic Pyramid"}],"items_purged_floors":[],"is_endless":false,"potions_floor_spawned":[4,6,10,11,16,18,21],"killed_by":"Slavers","ascension_level":20}}