{"host":"hpvsbp715q3lql9o","time":1611777138,"event":{"mods":["BaseMod","Downfall","Friendly Minions","Marisa£®ÏF”Í°°ƒß¿Ì…≥£©","Minty Spire (QoL Compilation)","Remilia£®¿Ÿ√◊¿Ú—«£©","Replay The Spire","StSLib","The Administrix","The Construct","The Cursed","The Servant 0.9.4"],"gold_per_floor":[111,61,61,14,14,48,61,75,99,99,69,87,100,116,116,216,216,230,230,241,241,259,284,284,302,302,318,347,367,367,384,384,484,484,498,509,509,509,525,559,559,612,639,639,649,662,662,682,682,682],"floor_reached":51,"language":"ZHS","playtime":4950,"items_purged":[],"score":875,"play_id":"c7cc3a93-23fd-461e-9063-576623038119","local_time":"20210128035218","is_ascension_mode":false,"campfire_choices":[{"data":"BloodySeventeenLaser","floor":10,"key":"SMITH"},{"data":"Amnesia","floor":15,"key":"PURGE"},{"data":"DemonKingCradle","floor":24,"key":"SMITH"},{"data":"MastersStateliness","floor":32,"key":"SMITH"},{"data":"BloodyCatastrophe","floor":41,"key":"SMITH"},{"data":"DiffusionOfMisfortune","floor":44,"key":"SMITH"},{"floor":49,"key":"REST"}],"circlet_count":0,"master_deck":["Strike_RM","Strike_RM","Strike_RM","Strike_RM","Defend_RM","Defend_RM","Defend_RM","RedMoon+1","ScarletShoot","BombardNight","CharismaGuard","BloodySeventeenLaser+1","ScarletImprint","MastersStateliness+1","ScarletImprint","BombardNight","ScarletDevil","BloodySeventeenLaser","DemonKingCradle+1","DiffusionOfMisfortune","ScarletImprint+1","NightDance","DiffusionOfMisfortune+1","MastersStateliness+1","BloodyCatastrophe+1","BlasphemousPunishment+1","UnstableMagic+1","MastersStateliness+1","UnstableMagic+1"],"relics":["ScarletHat","NeowsBlessing","Ring of Searing","Ring of Panic","Anchor","ReplayFunnel","Busted Crown","FossilizedHelix","Bottled Tornado","Gremlin Horn","Blood Vial","Philosopher\u0027s Stone","Bird Faced Urn","Pen Nib"],"acts_visited":["Exordium","TheCity","TheBeyond"],"potions_floor_usage":[16,22,31,33,50,50,50],"damage_taken":[{"damage":0,"enemies":"Small Slimes","floor":1,"turns":1},{"damage":0,"enemies":"3 Sentries","floor":6,"turns":1},{"damage":0,"enemies":"Jaw Worm","floor":7,"turns":1},{"damage":5,"enemies":"2 Louse","floor":8,"turns":2},{"damage":15,"enemies":"Looter","floor":11,"turns":4},{"damage":0,"enemies":"Exordium Thugs","floor":12,"turns":2},{"damage":5,"enemies":"Exordium Wildlife","floor":13,"turns":4},{"damage":13,"enemies":"Blue Slaver","floor":14,"turns":4},{"damage":15,"enemies":"Fading Forest","floor":16,"turns":11},{"damage":10,"enemies":"3 Byrds","floor":18,"turns":3},{"damage":0,"enemies":"2 Thieves","floor":20,"turns":2},{"damage":0,"enemies":"3 Cultists","floor":22,"turns":5},{"damage":8,"enemies":"Gremlin Leader","floor":23,"turns":3},{"damage":0,"enemies":"Centurion and Healer","floor":25,"turns":5},{"damage":0,"enemies":"Chosen and Byrds","floor":27,"turns":5},{"damage":0,"enemies":"Slavers","floor":28,"turns":3},{"damage":0,"enemies":"Snecko","floor":29,"turns":3},{"damage":5,"enemies":"Centurion and Healer","floor":31,"turns":2},{"damage":0,"enemies":"Collector","floor":33,"turns":6},{"damage":0,"enemies":"3 Darklings","floor":35,"turns":2},{"damage":0,"enemies":"Orb Walker","floor":36,"turns":2},{"damage":24,"enemies":"Writhing Mass","floor":39,"turns":4},{"damage":69,"enemies":"R_Hoarder","floor":40,"turns":3},{"damage":0,"enemies":"3 Darklings","floor":42,"turns":2},{"damage":5,"enemies":"Spire Growth","floor":45,"turns":4},{"damage":51,"enemies":"Jaw Worm Horde","floor":46,"turns":3},{"damage":32,"enemies":"4 Shapes","floor":48,"turns":2},{"damage":14,"enemies":"Time Eater","floor":50,"turns":7}],"seed_played":"-8478713610709603225","potions_obtained":[{"floor":12,"key":"SkillPotion"},{"floor":13,"key":"FearPotion"},{"floor":14,"key":"Swift Potion"},{"floor":18,"key":"Swift Potion"},{"floor":22,"key":"Strength Potion"},{"floor":36,"key":"Guardian:BlockOnCardUsePotion"},{"floor":39,"key":"Ancient Potion"},{"floor":42,"key":"ColorlessPotion"},{"floor":46,"key":"BlessingOfTheForge"}],"is_trial":false,"path_per_floor":["M","?","?","$","?","E","M","M","T","R","M","M","M","M","R","B",null,"M","?","M","T","M","E","R","M","T","M","E","M","?","M","R","B",null,"M","M","?","?","M","E","R","M","T","R","M","M","?","M","R","B",null],"character_chosen":"REMILIA","items_purchased":["CharismaGuard"],"campfire_rested":1,"item_purchase_floors":[4],"current_hp_per_floor":[75,75,75,75,75,75,75,70,70,70,56,56,54,48,48,47,75,65,51,51,51,51,45,45,46,46,46,50,58,58,57,57,62,80,80,80,80,80,59,40,40,48,48,48,59,32,32,10,34,46],"gold":682,"neow_bonus":"THREE_ENEMY_KILL","is_daily":false,"chose_seed":false,"campfire_upgraded":5,"win_rate":0.0,"timestamp":1611777138,"path_taken":["M","?","?","$","?","E","M","M","T","R","M","M","M","M","R","BOSS","M","?","M","?","M","E","R","M","T","?","E","M","?","M","R","BOSS","M","M","?","?","?","E","R","M","T","R","M","M","?","M","R","BOSS"],"items_purchased_type":["Card"],"build_version":"2020-12-22","purchased_purges":0,"victory":true,"max_hp_per_floor":[75,75,75,75,75,75,75,75,75,75,75,75,75,75,75,75,75,75,80,80,80,80,80,80,80,80,80,80,80,80,80,80,80,80,80,80,80,80,80,80,80,80,80,80,80,80,80,80,80,80],"card_choices":[{"not_picked":["Stigmanizer","VampireKiss"],"picked":"BombardNight","floor":1},{"not_picked":["SuperhumanBloodyKnife","AfternoonTea"],"picked":"BloodySeventeenLaser","floor":6},{"not_picked":["FavorOfDestiny","EmergencyRegeneration"],"picked":"ScarletImprint","floor":7},{"not_picked":["VampireSweep","ScarletImprint"],"picked":"MastersStateliness","floor":8},{"not_picked":["CharismaGuard","FitfulNightmare"],"picked":"ScarletImprint","floor":11},{"not_picked":["ForbiddenFruit","StarOfDavid"],"picked":"BombardNight","floor":12},{"not_picked":["BombardNight","RedMagic"],"picked":"ScarletDevil","floor":13},{"not_picked":["ChainGang","BombardNight"],"picked":"BloodySeventeenLaser","floor":14},{"not_picked":["BloodyCatastrophe","ChaoticDestiny"],"picked":"DemonKingCradle","floor":16},{"not_picked":["RedRainbow"],"picked":"SKIP","floor":18},{"not_picked":[],"picked":"DiffusionOfMisfortune","floor":20},{"not_picked":["Stigmanizer"],"picked":"SKIP","floor":22},{"not_picked":[],"picked":"ScarletImprint+1","floor":23},{"not_picked":[],"picked":"NightDance","floor":25},{"not_picked":["EndlessAdversity"],"picked":"SKIP","floor":27},{"not_picked":["EmergencyRegeneration"],"picked":"SKIP","floor":28},{"not_picked":[],"picked":"DiffusionOfMisfortune","floor":29},{"not_picked":[],"picked":"MastersStateliness+1","floor":31},{"not_picked":[],"picked":"BloodyCatastrophe","floor":33},{"not_picked":["RedRainbow"],"picked":"SKIP","floor":35},{"not_picked":[],"picked":"BlasphemousPunishment","floor":36},{"not_picked":["CharismaGuard"],"picked":"SKIP","floor":39},{"not_picked":["NightDance"],"picked":"SKIP","floor":40},{"not_picked":["UnstableMagic"],"picked":"SKIP","floor":40},{"not_picked":[],"picked":"UnstableMagic+1","floor":42},{"not_picked":["Septette"],"picked":"SKIP","floor":45},{"not_picked":[],"picked":"MastersStateliness+1","floor":46},{"not_picked":[],"picked":"UnstableMagic+1","floor":48}],"player_experience":229793,"relics_obtained":[{"floor":5,"key":"Ring of Searing"},{"floor":5,"key":"Ring of Panic"},{"floor":6,"key":"Anchor"},{"floor":9,"key":"ReplayFunnel"},{"floor":21,"key":"FossilizedHelix"},{"floor":23,"key":"Bottled Tornado"},{"floor":26,"key":"Gremlin Horn"},{"floor":28,"key":"Blood Vial"},{"floor":40,"key":"Bird Faced Urn"},{"floor":43,"key":"Pen Nib"}],"event_choices":[{"cards_removed":["Defend_RM"],"damage_healed":0,"gold_gain":0,"player_choice":"Card Removal","damage_taken":0,"max_hp_gain":0,"max_hp_loss":0,"event_name":"The Cleric","floor":2,"gold_loss":50},{"damage_healed":0,"gold_gain":0,"player_choice":"Shed Blood","damage_taken":19,"max_hp_gain":5,"max_hp_loss":0,"event_name":"Forgotten Altar","floor":19,"gold_loss":0},{"damage_healed":0,"gold_gain":0,"player_choice":"Ignored","damage_taken":0,"max_hp_gain":0,"max_hp_loss":0,"event_name":"NoteForYourself","floor":30,"gold_loss":0},{"damage_healed":0,"gold_gain":0,"player_choice":"Ignored","damage_taken":0,"max_hp_gain":0,"max_hp_loss":0,"event_name":"Tomb of Lord Red Mask","floor":37,"gold_loss":0},{"damage_healed":0,"gold_gain":0,"player_choice":"Upgraded","damage_taken":0,"max_hp_gain":0,"max_hp_loss":0,"event_name":"Upgrade Shrine","floor":38,"gold_loss":0,"cards_upgraded":["BlasphemousPunishment"]},{"damage_healed":0,"gold_gain":0,"player_choice":"Ignored","damage_taken":0,"max_hp_gain":0,"max_hp_loss":0,"event_name":"The Moai Head","floor":47,"gold_loss":0}],"is_beta":false,"boss_relics":[{"not_picked":["Empty Cage","Kintsugi"],"picked":"Busted Crown"},{"not_picked":["Replay:Wanted Poster","construct:ClawGrip"],"picked":"Philosopher\u0027s Stone"}],"items_purged_floors":[],"is_endless":false,"potions_floor_spawned":[12,13,14,18,22,25,28,36,39,42,45,46],"ascension_level":0}}