{"host":"q0qnzbgdx8oqogg9","time":1611735366,"event":{"mods":["BaseMod","Minty Spire (QoL Compilation)","StSLib"],"gold_per_floor":[112,112,127,139,153,184,184,217,296,321,336,336,336,336,336,431,431,443,443,8,28,43,43,57,76,99,46,46,146,146,160,160,255,255,273,293,308,74,88,120,170,170,218,231,231,5,5,105,105,105],"floor_reached":51,"language":"ENG","playtime":2036,"items_purged":["Choke+1"],"score":1085,"play_id":"72857ef2-0cd2-4243-ab2b-0384dcfb5fc2","local_time":"20210127031606","is_ascension_mode":true,"campfire_choices":[{"floor":7.0,"key":"REST"},{"floor":12.0,"key":"REST"},{"floor":15.0,"key":"REST"},{"data":"Blade Dance","floor":23.0,"key":"SMITH"},{"floor":28.0,"key":"REST"},{"data":"Venomology","floor":30.0,"key":"SMITH"},{"data":"Crippling Poison","floor":32.0,"key":"SMITH"},{"floor":42,"key":"REST"},{"data":"Footwork","floor":47,"key":"SMITH"},{"data":"Accuracy","floor":49,"key":"SMITH"}],"circlet_count":0,"master_deck":["AscendersBane","Defend_G","Defend_G","Defend_G","Defend_G","Defend_G","Survivor","Neutralize","Dagger Spray","Blade Dance+1","Well Laid Plans","Quick Slash+1","Poisoned Stab","Crippling Poison+1","Venomology+1","Adrenaline+1","Backflip+1","PiercingWail+1","Blade Dance+1","Escape Plan+1","Backstab","Blade Dance+1","Terror+1","Riddle With Holes+1","Glass Knife+1","Bouncing Flask+1","Prepared+1","Backflip+1","Footwork+1","Apotheosis+1","Endless Agony","Accuracy+1"],"relics":["Ring of the Snake","Mercury Hourglass","Bird Faced Urn","Shuriken","Blood Vial","Kunai","Empty Cage","Toxic Egg 2","Ancient Tea Set","Calipers","Ninja Scroll","Astrolabe","Whetstone","Ice Cream","Regal Pillow","Lee\u0027s Waffle"],"acts_visited":["Exordium","TheCity","TheBeyond"],"potions_floor_usage":[36,39,40,50,50],"damage_taken":[{"damage":1.0,"enemies":"Cultist","floor":1.0,"turns":3.0},{"damage":0.0,"enemies":"2 Louse","floor":3.0,"turns":3.0},{"damage":0.0,"enemies":"Small Slimes","floor":4.0,"turns":3.0},{"damage":6.0,"enemies":"2 Fungi Beasts","floor":5.0,"turns":3.0},{"damage":29.0,"enemies":"Lagavulin","floor":6.0,"turns":7.0},{"damage":34.0,"enemies":"Gremlin Nob","floor":8.0,"turns":5.0},{"damage":8.0,"enemies":"3 Sentries","floor":10.0,"turns":5.0},{"damage":7.0,"enemies":"Exordium Thugs","floor":11.0,"turns":4.0},{"damage":19.0,"enemies":"Slime Boss","floor":16.0,"turns":8.0},{"damage":12.0,"enemies":"Shell Parasite","floor":18.0,"turns":7.0},{"damage":2.0,"enemies":"3 Byrds","floor":21.0,"turns":3.0},{"damage":2.0,"enemies":"Snecko","floor":22.0,"turns":6.0},{"damage":23.0,"enemies":"Snake Plant","floor":24.0,"turns":6.0},{"damage":17.0,"enemies":"Centurion and Healer","floor":25.0,"turns":6.0},{"damage":2.0,"enemies":"Colosseum Slavers","floor":29.0,"turns":3.0},{"damage":7.0,"enemies":"Colosseum Nobs","floor":29.0,"turns":4.0},{"damage":0.0,"enemies":"3 Cultists","floor":31.0,"turns":3.0},{"damage":10.0,"enemies":"Collector","floor":33.0,"turns":4.0},{"damage":0.0,"enemies":"3 Darklings","floor":35.0,"turns":2.0},{"damage":0,"enemies":"Orb Walker","floor":36,"turns":2},{"damage":13,"enemies":"Maw","floor":37,"turns":5},{"damage":16,"enemies":"Spire Growth","floor":39,"turns":4},{"damage":38,"enemies":"Nemesis","floor":40,"turns":5},{"damage":0,"enemies":"Mind Bloom Boss Battle","floor":41,"turns":5},{"damage":5,"enemies":"Writhing Mass","floor":44,"turns":5},{"damage":19,"enemies":"Awakened One","floor":50,"turns":11}],"seed_played":"-8066905556520013153","potions_obtained":[{"floor":2.0,"key":"SteroidPotion"},{"floor":2.0,"key":"DuplicationPotion"},{"floor":6.0,"key":"Energy Potion"},{"floor":10.0,"key":"ColorlessPotion"},{"floor":11.0,"key":"Energy Potion"},{"floor":16.0,"key":"Strength Potion"},{"floor":21.0,"key":"Block Potion"},{"floor":24.0,"key":"Regen Potion"},{"floor":36,"key":"Fire Potion"},{"floor":40,"key":"SpeedPotion"},{"floor":44,"key":"Weak Potion"}],"is_trial":false,"path_per_floor":["M","?","M","M","M","E","R","E","T","E","M","R","?","?","R","B",null,"M","?","$","M","M","R","M","M","T","$","R","?","R","M","R","B",null,"M","M","M","$","M","E","?","R","T","M","?","$","R","?","R","B",null],"character_chosen":"THE_SILENT","items_purchased":["Toxic Egg 2","Adrenaline+1","Backflip+1","Blade Dance+1","Footwork","Apotheosis+1","Lee\u0027s Waffle"],"campfire_rested":5,"item_purchase_floors":[20,20,20,27,38,38,46],"current_hp_per_floor":[62,62,62,62,56,27,48,14,14,6,3,24,24,24,45,30,60,50,50,50,52,54,54,35,37,37,37,58,53,53,55,55,47,64,66,68,59,59,49,17,21,42,42,41,41,77,77,77,77,58],"gold":105,"neow_bonus":"THREE_CARDS","is_daily":false,"chose_seed":false,"campfire_upgraded":5,"win_rate":0.0,"timestamp":1611735366,"path_taken":["M","?","M","M","M","E","R","E","T","E","?","R","?","?","R","BOSS","M","?","$","M","M","R","M","M","T","?","R","?","R","M","R","BOSS","M","M","M","$","M","E","?","R","T","M","?","$","R","?","R","BOSS"],"items_purchased_type":["Relic","Card","Card","Card","Card","Card","Relic"],"build_version":"2020-12-22","purchased_purges":1,"victory":true,"max_hp_per_floor":[70,70,70,70,70,70,70,70,70,70,70,70,70,70,70,70,70,70,70,70,70,70,70,70,70,70,70,70,70,70,70,70,70,70,70,70,70,70,70,70,70,70,70,70,70,77,77,77,77,77],"card_choices":[{"not_picked":["Leg Sweep","Slice"],"picked":"Dagger Spray","floor":0.0},{"not_picked":["Well Laid Plans","Bane"],"picked":"Blade Dance","floor":1.0},{"not_picked":["Choke","Bane"],"picked":"Well Laid Plans","floor":3.0},{"not_picked":["Well Laid Plans","Expertise"],"picked":"Quick Slash","floor":4.0},{"not_picked":["Acrobatics","Bane"],"picked":"Poisoned Stab","floor":5.0},{"not_picked":["Poisoned Stab","Concentrate","Reflex"],"picked":"SKIP","floor":6.0},{"not_picked":["Burst","Infinite Blades"],"picked":"Crippling Poison","floor":8.0},{"not_picked":["Underhanded Strike","Dagger Spray","Dagger Throw"],"picked":"SKIP","floor":10.0},{"not_picked":["Bane","Dagger Spray","Backstab"],"picked":"SKIP","floor":11.0},{"not_picked":["Malaise","Tools of the Trade"],"picked":"Venomology","floor":16.0},{"not_picked":["Prepared","Bouncing Flask","Flying Knee+1"],"picked":"SKIP","floor":18.0},{"not_picked":["Outmaneuver+1","Prepared+1"],"picked":"PiercingWail+1","floor":21.0},{"not_picked":["Finisher+1","Dodge and Roll+1"],"picked":"Blade Dance+1","floor":22.0},{"not_picked":["Noxious Fumes+1","Deflect+1"],"picked":"Escape Plan+1","floor":24.0},{"not_picked":["Prepared+1","Bane+1"],"picked":"Backstab","floor":25.0},{"not_picked":["Distraction+1","Sucker Punch"],"picked":"Terror+1","floor":29.0},{"not_picked":["Well Laid Plans","Flying Knee"],"picked":"Riddle With Holes+1","floor":31.0},{"not_picked":["Tools of the Trade","Envenom"],"picked":"Glass Knife","floor":33.0},{"not_picked":["Blade Dance+1","Deflect+1"],"picked":"Backflip+1","floor":35.0},{"not_picked":["Quick Slash","Well Laid Plans","Poisoned Stab"],"picked":"SKIP","floor":36},{"not_picked":["Well Laid Plans","Deadly Poison+1","Outmaneuver+1"],"picked":"SKIP","floor":37},{"not_picked":["Dagger Spray","Acrobatics+1","Sucker Punch"],"picked":"SKIP","floor":39},{"not_picked":["Flying Knee","Prepared+1","Grand Finale"],"picked":"SKIP","floor":40},{"not_picked":["Outmaneuver+1","Eviscerate"],"picked":"Endless Agony","floor":41},{"not_picked":["Bane","Outmaneuver+1"],"picked":"Accuracy","floor":44}],"player_experience":306900,"relics_obtained":[{"floor":6.0,"key":"Mercury Hourglass"},{"floor":8.0,"key":"Bird Faced Urn"},{"floor":9.0,"key":"Shuriken"},{"floor":10.0,"key":"Blood Vial"},{"floor":26.0,"key":"Ancient Tea Set"},{"floor":29.0,"key":"Calipers"},{"floor":29.0,"key":"Ninja Scroll"},{"floor":40,"key":"Whetstone"},{"floor":41,"key":"Ice Cream"},{"floor":43,"key":"Regal Pillow"}],"event_choices":[{"damage_healed":0.0,"max_hp_gain":0.0,"max_hp_loss":0.0,"gold_gain":0.0,"event_name":"Lab","player_choice":"Got Potions","floor":2.0,"gold_loss":0.0,"damage_taken":0.0},{"damage_healed":0.0,"max_hp_gain":0.0,"max_hp_loss":0.0,"gold_gain":0.0,"event_name":"Liars Game","player_choice":"Ignored","floor":13.0,"gold_loss":0.0,"damage_taken":0.0},{"damage_healed":0.0,"max_hp_gain":0.0,"max_hp_loss":0.0,"gold_gain":0.0,"event_name":"Dead Adventurer","player_choice":"Searched \u00271\u0027 times","floor":14.0,"gold_loss":0.0,"damage_taken":0.0,"relics_obtained":["Kunai"]},{"damage_healed":0.0,"max_hp_gain":0.0,"max_hp_loss":0.0,"gold_gain":0.0,"event_name":"The Woman in Blue","player_choice":"Bought 0 Potions","floor":19.0,"gold_loss":0.0,"damage_taken":0.0},{"damage_healed":0.0,"max_hp_gain":0.0,"max_hp_loss":0.0,"gold_gain":0.0,"event_name":"Colosseum","player_choice":"Fight","floor":29.0,"gold_loss":0.0,"damage_taken":0.0},{"damage_healed":0.0,"max_hp_gain":0.0,"max_hp_loss":0.0,"gold_gain":0.0,"event_name":"Colosseum","player_choice":"Fought Nobs","floor":29.0,"gold_loss":0.0,"damage_taken":0.0},{"damage_healed":0,"gold_gain":0,"player_choice":"Fight","damage_taken":0,"max_hp_gain":0,"max_hp_loss":0,"event_name":"MindBloom","floor":41,"gold_loss":0},{"damage_healed":0,"gold_gain":0,"player_choice":"Ignored","damage_taken":0,"max_hp_gain":0,"max_hp_loss":0,"event_name":"Tomb of Lord Red Mask","floor":45,"gold_loss":0},{"damage_healed":0,"gold_gain":100,"player_choice":"Pray","damage_taken":0,"max_hp_gain":0,"max_hp_loss":0,"event_name":"Golden Shrine","floor":48,"gold_loss":0}],"is_beta":false,"boss_relics":[{"not_picked":["Runic Dome","Calling Bell"],"picked":"Empty Cage"},{"not_picked":["Runic Pyramid","Pandora\u0027s Box"],"picked":"Astrolabe"}],"items_purged_floors":[46],"is_endless":false,"potions_floor_spawned":[6,10,11,16,21,24,31,33,36,40,44],"ascension_level":12}}