{"host":"65a95dzim48ko8ke","time":1611787542,"event":{"mods":["Act Like it!","BaseMod","Block Reminder","Colored Powertips","Curses Come First","DeckTracker","Gensokyo","Minty Spire (QoL Compilation)","Permanent Neow","Quick Restart","Rare Cards Sparkle","Replay The Spire","Spicy Shops","StSLib","Synergy Search","Transform Curses"],"gold_per_floor":[116,132,132,143,157,191,191,216,216,244,41,41,11,37,37,132,132,150,150,170,420,439,468,468,478,478,478,478,509,21,37,37,141,141,155,107,119,141,169,213,239,280,362,386,12,32,32,61,61,61],"floor_reached":51,"language":"ENG","playtime":4752,"items_purged":[],"score":1258,"play_id":"9cedcb8d-98a4-4555-be98-1c7c15eefa66","local_time":"20210128074542","is_ascension_mode":true,"campfire_choices":[{"floor":7.0,"key":"REST"},{"floor":12.0,"key":"REST"},{"data":"Footwork","floor":15.0,"key":"SMITH"},{"data":"After Image","floor":24.0,"key":"SMITH"},{"data":"Adrenaline","floor":32.0,"key":"SMITH"},{"data":"Bullet Time","floor":49,"key":"SMITH"}],"circlet_count":0,"master_deck":["Defend_G","Defend_G","Defend_G","Defend_G","Defend_G","Survivor","Caltrops","Backflip","Deadly Poison","Footwork+1","Noxious Fumes","Skewer","Crippling Poison","Deadly Poison","Bane","Masterful Stab","Escape Plan","Adrenaline+1","Endless Agony+1","After Image+1","Footwork","Deflect+1","Escape Plan","Footwork+1","Footwork","Reinforced Body","PiercingWail","Deadly Poison","Bullet Time+1","ReplayTheSpireMod:Necrosis","Prepared+1","Gensokyo:CustomPotion","Backstab","Replay:Poison Smokescreen+1","ReplayTheSpireMod:The Works+1","Deflect","ReplayTheSpireMod:Speed Training","A Thousand Cuts","Footwork","Flying Knee","Masterful Stab","Poisoned Stab","Endless Agony","Slice+1","Gensokyo:SalamanderShield","Deadly Poison+1"],"relics":["Ring of the Snake","The Specimen","Pear","The Courier","ReplayTheSpireMod:Shallot","Vajra","FossilizedHelix","Strange Spoon","Pantograph","Philosopher\u0027s Stone","Singing Bowl","Eternal Feather","Shuriken","TwistedFunnel","Toolbox","Replay:Drink Me","MawBank","Vampiric Spirits","Matryoshka","Ornamental Fan","Akabeko","Paper Crane","Potion Belt","Replay:Bottled Steam"],"acts_visited":["Exordium","Gensokyo:Gensokyo","Gensokyo:Gensokyoer"],"potions_floor_usage":[50],"damage_taken":[{"damage":1.0,"enemies":"Gensokyo:2_Kodama","floor":1.0,"turns":5.0},{"damage":0.0,"enemies":"Gensokyo:Python","floor":2.0,"turns":5.0},{"damage":4.0,"enemies":"Gensokyo:Gryphon","floor":4.0,"turns":5.0},{"damage":18.0,"enemies":"Gensokyo:3_Kodama","floor":5.0,"turns":4.0},{"damage":13.0,"enemies":"Gensokyo:Cirno","floor":6.0,"turns":9.0},{"damage":0.0,"enemies":"Gensokyo:Mamizou","floor":8.0,"turns":9.0},{"damage":23.0,"enemies":"Gensokyo:Aya","floor":10.0,"turns":3.0},{"damage":11.0,"enemies":"Gensokyo:Cirno","floor":14.0,"turns":6.0},{"damage":11.0,"enemies":"Gensokyo:Reimu","floor":16.0,"turns":8.0},{"damage":0.0,"enemies":"Gensokyo:2_Gloops","floor":18.0,"turns":4.0},{"damage":8.0,"enemies":"Gensokyo:3_Dogs","floor":20.0,"turns":4.0},{"damage":12.0,"enemies":"Gensokyo:3_Gloops","floor":22.0,"turns":5.0},{"damage":22.0,"enemies":"Gensokyo:Koishi","floor":23.0,"turns":6.0},{"damage":0.0,"enemies":"Gensokyo:Swordslinger","floor":25.0,"turns":4.0},{"damage":24.0,"enemies":"Gensokyo:Reisen","floor":29.0,"turns":8.0},{"damage":0.0,"enemies":"Gensokyo:Monolith_and_Dog","floor":31.0,"turns":6.0},{"damage":0.0,"enemies":"Gensokyo:Eiki","floor":33.0,"turns":9.0},{"damage":8.0,"enemies":"Gensokyo:3_Boulders","floor":35.0,"turns":6.0},{"damage":0.0,"enemies":"Gensokyo:3_Bats","floor":38.0,"turns":3.0},{"damage":0.0,"enemies":"Gensokyo:Sharpion","floor":39.0,"turns":5.0},{"damage":0.0,"enemies":"Gensokyo:Doremy","floor":40.0,"turns":5.0},{"damage":0.0,"enemies":"Gensokyo:4_Bats","floor":41.0,"turns":4.0},{"damage":13.0,"enemies":"Gensokyo:Kasen","floor":42.0,"turns":6.0},{"damage":0.0,"enemies":"Gensokyo:Rafflesia","floor":44.0,"turns":7.0},{"damage":0.0,"enemies":"Gensokyo:Dusk_and_Dawn","floor":46.0,"turns":4.0},{"damage":0,"enemies":"Gensokyo:Marisa","floor":48,"turns":7},{"damage":4,"enemies":"Gensokyo:Shinki","floor":50,"turns":11}],"seed_played":"-687004697387877957","potions_obtained":[{"floor":2.0,"key":"Energy Potion"},{"floor":6.0,"key":"Doom Potion"},{"floor":10.0,"key":"ColorlessPotion"},{"floor":14.0,"key":"Toxic Potion"},{"floor":16.0,"key":"SpeedPotion"},{"floor":18.0,"key":"Dexterity Potion"},{"floor":20.0,"key":"Ancient Potion"},{"floor":22.0,"key":"Regen Potion"},{"floor":31.0,"key":"Fire Potion"},{"floor":38.0,"key":"SpeedPotion"},{"floor":42.0,"key":"SmokeBomb"},{"floor":44.0,"key":"FearPotion"}],"is_trial":false,"path_per_floor":["M","M","?","M","M","E","R","E","T","E","$","R","$","E","R","B",null,"M","?","M","?","M","E","R","M","T","?","?","E","COS","M","R","B",null,"M","?","?","M","M","E","M","E","T","M","$","M","?","E","R","B",null],"character_chosen":"THE_SILENT","items_purchased":["Strange Spoon","Deadly Poison","Bane","Masterful Stab","Footwork","Flying Knee","Masterful Stab","Potion Belt","Poisoned Stab","Endless Agony"],"campfire_rested":2,"item_purchase_floors":[11,11,11,13,45,45,45,45,45,45],"current_hp_per_floor":[44,44,39,35,17,4,28,28,28,5,5,29,29,18,18,32,68,68,68,60,60,48,41,41,41,41,41,41,17,17,17,38,63,57,49,49,49,49,54,57,57,44,44,51,51,56,56,57,57,53],"gold":61,"neow_bonus":"ONE_RARE_RELIC","is_daily":false,"chose_seed":false,"campfire_upgraded":4,"win_rate":0.0,"timestamp":1611787542,"path_taken":["M","M","?","?","M","E","R","E","T","E","$","R","?","E","R","BOSS","M","?","M","?","M","E","R","?","T","?","?","E","COS","M","R","BOSS","M","?","?","M","M","E","?","E","T","M","$","M","?","E","R","BOSS"],"items_purchased_type":["Relic","Card","Card","Card","Card","Card","Card","Relic","Card","Card"],"build_version":"2020-12-22","purchased_purges":0,"victory":true,"max_hp_per_floor":[70,70,80,80,80,80,80,80,80,80,80,80,80,80,80,80,80,80,80,80,76,76,76,76,76,76,76,76,76,76,76,76,76,57,57,57,57,57,57,57,57,57,57,57,57,57,57,57,57,57],"card_choices":[{"not_picked":["Slice","Well Laid Plans"],"picked":"Caltrops","floor":1.0},{"not_picked":["Blade Dance","Sucker Punch"],"picked":"Backflip","floor":2.0},{"not_picked":["Night Terror","ReplayTheSpireMod:Scrap Shanks"],"picked":"Deadly Poison","floor":4.0},{"not_picked":["Sneak Up","Deadly Poison"],"picked":"Footwork","floor":5.0},{"not_picked":["Dagger Throw","Hidden Blade"],"picked":"Noxious Fumes","floor":6.0},{"not_picked":["ReplayTheSpireMod:Shiv Toss","Eviscerate"],"picked":"Skewer","floor":8.0},{"not_picked":["Poison Darts","Well Laid Plans"],"picked":"Crippling Poison","floor":10.0},{"not_picked":["Flying Knee","Dodge and Roll"],"picked":"Escape Plan","floor":14.0},{"not_picked":["Unload","Malaise"],"picked":"Adrenaline","floor":16.0},{"not_picked":["Hidden Blade","Underhanded Strike"],"picked":"Endless Agony+1","floor":18.0},{"not_picked":["PiercingWail","Endless Agony"],"picked":"Footwork","floor":20.0},{"not_picked":["ReplayTheSpireMod:Scrap Shanks","ReplayTheSpireMod:Exploit Weakness"],"picked":"Deflect+1","floor":22.0},{"not_picked":["Outmaneuver","Acrobatics"],"picked":"Escape Plan","floor":23.0},{"not_picked":["Phantasmal Killer","Outmaneuver+1"],"picked":"Footwork+1","floor":25.0},{"not_picked":["Blur","Predator"],"picked":"PiercingWail","floor":29.0},{"not_picked":["Backflip","Atom Bomb"],"picked":"Deadly Poison","floor":31.0},{"not_picked":["A Thousand Cuts","Atom Bomb"],"picked":"Bullet Time","floor":33.0},{"not_picked":["Corpse Explosion","Die Die Die"],"picked":"ReplayTheSpireMod:Necrosis","floor":35.0},{"not_picked":["Endless Agony","Bane+1"],"picked":"Prepared+1","floor":35.0},{"not_picked":["Deadly Poison","Slice+1"],"picked":"Backstab","floor":38.0},{"not_picked":["Venomology","Slice+1"],"picked":"Replay:Poison Smokescreen+1","floor":39.0},{"not_picked":["Tactician","Fluid Movement"],"picked":"ReplayTheSpireMod:The Works+1","floor":40.0},{"not_picked":["Dagger Throw","Dagger Spray+1"],"picked":"Deflect","floor":41.0},{"not_picked":["Underhanded Strike","Toxin Wave"],"picked":"ReplayTheSpireMod:Speed Training","floor":42.0},{"not_picked":["PiercingWail+1","Acrobatics"],"picked":"A Thousand Cuts","floor":44.0},{"not_picked":["All Out Attack+1","Dagger Spray"],"picked":"Slice+1","floor":46.0},{"not_picked":["Gensokyo:EverlastingLife","Gensokyo:NewMoon"],"picked":"Gensokyo:SalamanderShield","floor":47},{"not_picked":["Skewer+1","Outmaneuver+1"],"picked":"Deadly Poison+1","floor":48}],"player_experience":318486,"relics_obtained":[{"floor":6.0,"key":"The Courier"},{"floor":8.0,"key":"ReplayTheSpireMod:Shallot"},{"floor":9.0,"key":"Vajra"},{"floor":10.0,"key":"FossilizedHelix"},{"floor":14.0,"key":"Pantograph"},{"floor":23.0,"key":"Singing Bowl"},{"floor":26.0,"key":"Eternal Feather"},{"floor":29.0,"key":"Shuriken"},{"floor":40.0,"key":"Matryoshka"},{"floor":42.0,"key":"Ornamental Fan"},{"floor":43.0,"key":"Akabeko"},{"floor":43.0,"key":"Paper Crane"},{"floor":48,"key":"Replay:Bottled Steam"}],"event_choices":[],"is_beta":false,"boss_relics":[{"not_picked":["Cursed Key","SlaversCollar"],"picked":"Philosopher\u0027s Stone"},{"not_picked":["ReplayTheSpireMod:DimensionalGlitch","HoveringKite"],"picked":"Replay:Drink Me"}],"items_purged_floors":[],"is_endless":false,"potions_floor_spawned":[2,6,10,14,16,18,20,22,31,38,42,44],"ascension_level":6}}