{"host":"t7mx8yfj1no5p62f","time":1611774109,"event":{"mods":["BaseMod","Colored Map","Colored Powertips","Minty Spire (QoL Compilation)","StSLib"],"gold_per_floor":[110,110,130,142,142,142,28,46,46,61,88,88,105,140,140,214,214,232,232,242,242,259,259,274,52,52,52,52,52,79,91,91,91,91],"floor_reached":33,"language":"ENG","playtime":780,"items_purged":["Strike_R","Strike_R+1"],"score":554,"play_id":"c43434fc-ff66-4e7e-b437-aec0f2c23329","local_time":"20210127140149","is_ascension_mode":true,"campfire_choices":[{"data":"Cleave","floor":6.0,"key":"SMITH"},{"data":"Combust","floor":12.0,"key":"SMITH"},{"data":"Bash","floor":15,"key":"SMITH"},{"data":"Immolate","floor":23,"key":"SMITH"},{"data":"Flame Barrier","floor":29,"key":"SMITH"},{"data":"Pommel Strike","floor":32,"key":"SMITH"}],"circlet_count":0,"master_deck":["AscendersBane","Strike_R+1","Strike_R+1","Defend_R+1","Defend_R+1","Defend_R+1","Defend_R+1","Bash+1","Pommel Strike+1","Cleave+1","Combust+1","Anger","Pommel Strike+1","Immolate+1","Inflame","RitualDagger","Disarm","Rage","Flame Barrier+1","Shrug It Off","Intimidate"],"relics":["Burning Blood","NeowsBlessing","Gremlin Horn","Darkstone Periapt","Magic Flower","Runic Dome","Lantern"],"acts_visited":["Exordium","TheCity"],"potions_floor_usage":[16,16,31,33],"damage_taken":[{"damage":0.0,"enemies":"2 Louse","floor":1.0,"turns":1.0},{"damage":0.0,"enemies":"Cultist","floor":3.0,"turns":1.0},{"damage":0.0,"enemies":"Small Slimes","floor":4.0,"turns":1.0},{"damage":9.0,"enemies":"Exordium Wildlife","floor":8.0,"turns":3.0},{"damage":8.0,"enemies":"Exordium Thugs","floor":10.0,"turns":3.0},{"damage":35.0,"enemies":"Gremlin Nob","floor":11.0,"turns":4.0},{"damage":9,"enemies":"2 Fungi Beasts","floor":13,"turns":2},{"damage":28,"enemies":"Lagavulin","floor":14,"turns":6},{"damage":13,"enemies":"Slime Boss","floor":16,"turns":6},{"damage":26,"enemies":"3 Byrds","floor":18,"turns":3},{"damage":15,"enemies":"2 Thieves","floor":20,"turns":2},{"damage":6,"enemies":"Centurion and Healer","floor":22,"turns":3},{"damage":36,"enemies":"Snake Plant","floor":24,"turns":4},{"damage":39,"enemies":"Book of Stabbing","floor":30,"turns":5},{"damage":39,"enemies":"Shelled Parasite and Fungi","floor":31,"turns":4},{"damage":72,"enemies":"Automaton","floor":33,"turns":6}],"seed_played":"-2704890504203934480","potions_obtained":[{"floor":1.0,"key":"HeartOfIron"},{"floor":13,"key":"Fire Potion"},{"floor":16,"key":"FairyPotion"},{"floor":18,"key":"SpeedPotion"},{"floor":31,"key":"EssenceOfSteel"}],"is_trial":false,"path_per_floor":["M","?","M","M","?","R","$","M","T","M","E","R","M","E","R","B",null,"M","?","M","?","M","R","M","$","T","$","?","R","E","M","R","B"],"character_chosen":"IRONCLAD","items_purchased":["Combust","Flame Barrier","Regen Potion"],"campfire_rested":0,"item_purchase_floors":[7,25,25],"current_hp_per_floor":[74,74,75,75,75,75,75,72,72,70,41,41,38,16,16,12,59,42,42,36,30,33,33,42,42,42,42,75,75,45,37,37,0,0],"gold":91,"neow_bonus":"THREE_ENEMY_KILL","is_daily":false,"chose_seed":false,"campfire_upgraded":6,"win_rate":0.0,"timestamp":1611774109,"path_taken":["M","?","?","M","?","R","?","M","T","M","E","R","?","E","R","BOSS","M","?","M","?","M","R","M","$","T","?","?","R","E","M","R","BOSS"],"items_purchased_type":["Card","Card","Potion"],"build_version":"2020-12-22","purchased_purges":2,"victory":false,"max_hp_per_floor":[75,75,75,75,75,75,75,75,75,75,75,75,75,75,75,75,75,75,75,75,75,75,75,75,75,75,75,75,75,75,75,75,75,75],"card_choices":[{"not_picked":["Entrench","Infernal Blade"],"picked":"Pommel Strike","floor":1.0},{"not_picked":["Body Slam","Sword Boomerang"],"picked":"Cleave","floor":3.0},{"not_picked":["Clash","Flex","Armaments"],"picked":"SKIP","floor":4.0},{"not_picked":["Hemokinesis","Juggernaut"],"picked":"Anger","floor":8.0},{"not_picked":["Whirlwind","Iron Wave","Havoc"],"picked":"SKIP","floor":10.0},{"not_picked":["Rage","Body Slam","Heavy Blade"],"picked":"SKIP","floor":11.0},{"not_picked":["Clothesline","Warcry"],"picked":"Pommel Strike","floor":13},{"not_picked":["Sword Boomerang","Seeing Red","Whirlwind"],"picked":"SKIP","floor":14},{"not_picked":["Berserk","Corruption"],"picked":"Immolate","floor":16},{"not_picked":["Anger","Twin Strike","Pummel"],"picked":"SKIP","floor":18},{"not_picked":["Iron Wave","Clothesline"],"picked":"Inflame","floor":20},{"not_picked":["Anger+1","Flex"],"picked":"Disarm","floor":22},{"not_picked":["Heavy Blade","Thunderclap"],"picked":"Rage","floor":24},{"not_picked":["Pummel+1","Hemokinesis"],"picked":"Shrug It Off","floor":30},{"not_picked":["Sword Boomerang","Body Slam"],"picked":"Intimidate","floor":31}],"player_experience":1873583,"relics_obtained":[{"floor":9.0,"key":"Gremlin Horn"},{"floor":11.0,"key":"Darkstone Periapt"},{"floor":14,"key":"Magic Flower"},{"floor":30,"key":"Lantern"}],"event_choices":[{"cards_removed":["Strike_R"],"damage_healed":0.0,"max_hp_gain":0.0,"max_hp_loss":0.0,"gold_gain":0.0,"event_name":"Wheel of Change","player_choice":"Card Removal","floor":2.0,"gold_loss":0.0,"damage_taken":0.0},{"damage_healed":0.0,"max_hp_gain":0.0,"max_hp_loss":0.0,"gold_gain":0.0,"event_name":"Living Wall","player_choice":"Grow","floor":5.0,"gold_loss":0.0,"damage_taken":0.0,"cards_upgraded":["Pommel Strike"]},{"damage_healed":0,"gold_gain":0,"player_choice":"Simplicity","damage_taken":0,"max_hp_gain":0,"max_hp_loss":0,"event_name":"Back to Basics","floor":19,"gold_loss":0,"cards_upgraded":["Strike_R","Strike_R","Strike_R","Defend_R","Defend_R","Defend_R","Defend_R"]},{"damage_healed":0,"gold_gain":0,"player_choice":"Joined the Cult","damage_taken":6,"max_hp_gain":0,"max_hp_loss":0,"event_name":"Nest","floor":21,"gold_loss":0,"cards_obtained":["RitualDagger"]},{"damage_healed":33,"gold_gain":0,"player_choice":"Full Heal","damage_taken":0,"max_hp_gain":0,"max_hp_loss":0,"event_name":"Wheel of Change","floor":28,"gold_loss":0}],"is_beta":false,"boss_relics":[{"not_picked":["Fusion Hammer","Pandora\u0027s Box"],"picked":"Runic Dome"}],"items_purged_floors":[7,25],"is_endless":false,"potions_floor_spawned":[1,13,14,16,18,31],"killed_by":"Automaton","ascension_level":20}}