{"host":"r5cycnjhcbwgkpkf","time":1611720074,"event":{"mods":["2.2 Compatiblity","AchievementEnabler","BaseMod","Bestiary","Better Altar","Better Match","Better Note","Better Skull","Better Third Choice","BetterRewards","Colored Map","Colored Powertips","Infinite Spire","Minty Spire (QoL Compilation)","Reliquary","Replay The Spire","Spicy Shops","StSLib"],"gold_per_floor":[117,136,136,146,165,165,199,210,210,210,228,228,228,59,59,135,135,153,153,169,84,134,134,144,144,169,186,201,235,235,235,235,235,235],"floor_reached":33,"language":"ENG","playtime":1530,"items_purged":[],"score":734,"play_id":"bff096d5-89d3-4df4-a4aa-877d7b809fa2","local_time":"20210126200114","is_ascension_mode":true,"campfire_choices":[{"data":"Flex","floor":6,"key":"SMITH"},{"data":"Whirlwind","floor":13,"key":"SMITH"},{"data":"Inflame","floor":15,"key":"SMITH"},{"floor":23,"key":"REST"},{"floor":25,"key":"REST"},{"floor":32,"key":"REST"}],"circlet_count":0,"master_deck":["AscendersBane","Strike_R","Strike_R","Strike_R","Strike_R","Defend_R","Defend_R","Defend_R","Defend_R","Bash","Inflame+1","Flex+1","Whirlwind+1","ReplayTheSpireMod:Muscle Training","Pummel"],"relics":["Burning Blood","Another Sword","OrangePellets","reliquary:ExpiredCoupon","Lee\u0027s Waffle","Bag of Marbles","Incense Burner","Mercury Hourglass","reliquary:FeatherDuster","reliquary:BrokenClock","ReplayTheSpireMod:DimensionalGlitch","Replay:Kaleidoscope","Akabeko","Eternal Feather","Peace Pipe"],"acts_visited":["Exordium","TheCity"],"potions_floor_usage":[11,28,33,33],"damage_taken":[{"damage":4,"enemies":"Jaw Worm","floor":1,"turns":3},{"damage":6,"enemies":"2 Louse","floor":2,"turns":3},{"damage":5,"enemies":"infinitespire:Voidling","floor":4,"turns":3},{"damage":10,"enemies":"Large Slime","floor":5,"turns":5},{"damage":25,"enemies":"Lagavulin","floor":7,"turns":5},{"damage":11,"enemies":"Looter","floor":8,"turns":2},{"damage":4,"enemies":"Blue Slaver","floor":11,"turns":2},{"damage":49,"enemies":"The Guardian","floor":16,"turns":8},{"damage":0,"enemies":"Shell Parasite","floor":18,"turns":2},{"damage":14,"enemies":"2 Thieves","floor":20,"turns":3},{"damage":45,"enemies":"Snake Plant","floor":24,"turns":3},{"damage":12,"enemies":"Snecko","floor":27,"turns":3},{"damage":30,"enemies":"Centurion and Healer","floor":28,"turns":3},{"damage":38,"enemies":"Replay:Snechameleon","floor":29,"turns":3},{"damage":53,"enemies":"Champ","floor":33,"turns":5}],"seed_played":"-6704609398163613211","potions_obtained":[{"floor":2,"key":"EssenceOfSteel"},{"floor":4,"key":"SkillPotion"},{"floor":11,"key":"Reflective Coating"},{"floor":24,"key":"Energy Potion"},{"floor":28,"key":"BloodPotion"},{"floor":29,"key":"Dexterity Potion"}],"is_trial":false,"path_per_floor":["M","M","?","M","M","R","E","M","T","?","M","?","R","$","R","B",null,"M","$","M","?","?","R","M","R","T","M","M","E","?","AVR","R","B"],"character_chosen":"IRONCLAD","items_purchased":["Another Sword","Inflame","OrangePellets","reliquary:ExpiredCoupon","Lee\u0027s Waffle","Bag of Marbles","Incense Burner","Flex","reliquary:BrokenClock"],"campfire_rested":3,"item_purchase_floors":[0,0,0,0,0,0,0,0,14],"current_hp_per_floor":[82,82,82,82,78,78,59,54,54,54,56,61,61,61,61,18,70,73,73,62,62,62,87,45,71,71,62,52,17,17,17,52,0,0],"gold":235,"neow_bonus":"","is_daily":false,"chose_seed":false,"campfire_upgraded":3,"win_rate":0.0,"timestamp":1611720074,"path_taken":["M","M","?","M","M","R","E","M","T","?","?","?","R","$","R","BOSS","M","$","M","?","?","R","M","R","T","M","M","E","?","AVR","R","BOSS"],"items_purchased_type":["Relic","Card","Relic","Relic","Relic","Relic","Relic","Card","Relic"],"build_version":"2020-12-22","purchased_purges":0,"victory":false,"max_hp_per_floor":[82,82,82,82,82,82,82,82,82,82,82,87,87,87,87,87,87,87,87,87,87,87,87,87,87,87,87,87,87,87,87,87,87,87],"card_choices":[{"not_picked":["Shrug It Off","Warcry","Wild Strike"],"picked":"SKIP","floor":1},{"not_picked":["Heavy Blade","Replay:Many Hands","Perfected Strike"],"picked":"SKIP","floor":2},{"not_picked":["Iron Wave","Dark Embrace","Inflame"],"picked":"SKIP","floor":4},{"not_picked":["Massacre","Dual Wield","ReplayTheSpireMod:LeadingStrike"],"picked":"SKIP","floor":5},{"not_picked":["Second Wind","Thunderclap"],"picked":"Whirlwind","floor":7},{"not_picked":["Body Slam","Inflame","ReplayTheSpireMod:Strike From Hell"],"picked":"SKIP","floor":8},{"not_picked":["ReplayTheSpireMod:Strike From Hell","Defy Death","Anger"],"picked":"SKIP","floor":11},{"not_picked":["Havoc","Second Wind+1"],"picked":"Pummel","floor":18},{"not_picked":["Havoc","Abandon","Run Through"],"picked":"SKIP","floor":20},{"not_picked":["Pommel Strike","Headbutt","Armaments+1"],"picked":"SKIP","floor":24},{"not_picked":["Headbutt","Run Through","Second Wind+1"],"picked":"SKIP","floor":27},{"not_picked":["Brutality","Iron Wave","Havoc"],"picked":"SKIP","floor":28},{"not_picked":["Massacre","Evolve","Headbutt"],"picked":"SKIP","floor":29}],"player_experience":386691,"relics_obtained":[{"floor":7,"key":"Mercury Hourglass"},{"floor":9,"key":"reliquary:FeatherDuster"},{"floor":26,"key":"Akabeko"},{"floor":29,"key":"Eternal Feather"}],"event_choices":[{"damage_healed":0,"gold_gain":0,"player_choice":"Ignored","damage_taken":136,"max_hp_gain":0,"max_hp_loss":0,"event_name":"betterThird:BetterSerpent","floor":3,"gold_loss":0},{"damage_healed":0,"gold_gain":0,"cards_transformed":["Strike_R"],"player_choice":"Transformed","damage_taken":0,"max_hp_gain":0,"max_hp_loss":0,"event_name":"Transmorgrifier","floor":10,"gold_loss":0,"cards_obtained":["ReplayTheSpireMod:Muscle Training"]},{"damage_healed":0,"gold_gain":0,"player_choice":"Donut","damage_taken":0,"max_hp_gain":5,"max_hp_loss":0,"event_name":"Big Fish","floor":12,"gold_loss":0},{"damage_healed":0,"gold_gain":0,"player_choice":"Obtained Relic","damage_taken":0,"relics_obtained":["Replay:Kaleidoscope"],"max_hp_gain":0,"max_hp_loss":0,"event_name":"Addict","floor":21,"gold_loss":85},{"damage_healed":0,"gold_gain":50,"player_choice":"Steal","damage_taken":0,"max_hp_gain":0,"max_hp_loss":0,"event_name":"betterThird:BetterNest","floor":22,"gold_loss":0},{"damage_healed":0,"gold_gain":0,"player_choice":"Ignored","damage_taken":0,"max_hp_gain":0,"max_hp_loss":0,"event_name":"Beggar","floor":30,"gold_loss":0}],"is_beta":false,"boss_relics":[{"not_picked":["Runic Cube","Replay:Wanted Poster"],"picked":"ReplayTheSpireMod:DimensionalGlitch"}],"items_purged_floors":[],"is_endless":false,"potions_floor_spawned":[2,4,11,16,24,28,29],"killed_by":"Champ","ascension_level":20}}