{"host":"vlzg4xe8i30enmd8","time":1611784956,"event":{"mods":["100% Spire Juice","A Magickal Journey","AchievementEnabler","Act Like it!","Aspiration","Bartender","BaseMod","Better Note","Better Third Choice","CapriCore","Conspire","Downfall","Duelist Mod","Gensokyo","GifTheSpireLib","GungeonMod","Hallownest","Hermit","Hubris","KinomotoSakuraMod(????)","Marisa????????","Minty Spire (QoL Compilation)","Reimu??????","Replay The Spire","Shade Mod","StSLib","Stuff the Spire","The Administrix","The Alterego","The Animator","The Bug Knight","The Cursed","The Disciple","The Hayseed","The Immortal","The Jungle","The Poker Player","The Runesmith","The Servant 0.9.4","thorton"],"gold_per_floor":[115,115,134,134,59,92,109,109,109,109,109,109,34,49,99,203,203,214,224,224,240,17,17,17,17,71,71,88,88,112,130,130,137,137],"floor_reached":33,"language":"ENG","playtime":12783,"items_purged":["DemoMod:Strike_Huntress"],"score":268,"play_id":"00a641ab-8efc-43ff-a9a2-702467a430d8","local_time":"20210127140236","is_ascension_mode":false,"campfire_choices":[{"data":"DemoMod:TripleGun+1","floor":10,"key":"SMITH"},{"data":"DemoMod:TripleGun+2","floor":12,"key":"SMITH"},{"floor":23,"key":"REST"},{"floor":27,"key":"REST"}],"circlet_count":0,"master_deck":["DemoMod:Defend_Huntress+1","DemoMod:Defend_Huntress+1","DemoMod:Defend_Huntress+1","DemoMod:Defend_Huntress+1","DemoMod:Roll","DemoMod:ManualReload","DemoMod:RustySidearm","DemoMod:CrossBow","DemoMod:FeignSurrender+1","DemoMod:StickyCrossBow","Hallownest:skillGreenpathMap","DemoMod:TripleGun+3","DemoMod:AWP","DemoMod:BattleInHaste","DemoMod:GunslingerForm","DemoMod:Polaris","DemoMod:Camera","DemoMod:AC15","DemoMod:FortunesFavor","DemoMod:BulletBore+1","StuffTheSpire:FreeRealEstate+1","Slimebound:Tackle+1","Slimebound:Tackle+1","Slimebound:Tackle+1","DemoMod:HardPowerCard","DemoMod:SuppressiveFire"],"relics":["DemoMod:Dog","NeowsBlessing","HollowMod:StagPassRelic","conspire:InfiniteJournal","DemoMod:Test1","StuffTheSpire:Gunfinga","Regal Pillow"],"acts_visited":["Hallownest:Greenpath","TheCity"],"potions_floor_usage":[21,28],"damage_taken":[{"damage":0,"enemies":"Hallownest:2_Tiktiks_and_1_Crawlid","floor":1,"turns":2},{"damage":0,"enemies":"Hallownest:monsterHuskWarrior","floor":3,"turns":1},{"damage":0,"enemies":"Hallownest:eliteCrystalGuardian","floor":6,"turns":1},{"damage":0,"enemies":"Hallownest:monsterHuskGuard","floor":7,"turns":4},{"damage":0,"enemies":"Hallownest:monsterAspidMother","floor":14,"turns":3},{"damage":39,"enemies":"Hallownest:BossBrokenVessel","floor":16,"turns":10},{"damage":20,"enemies":"Shell Parasite","floor":18,"turns":8},{"damage":16,"enemies":"Spheric Guardian","floor":19,"turns":4},{"damage":43,"enemies":"Cultist and Chosen","floor":21,"turns":7},{"damage":16,"enemies":"Shelled Parasite and Fungi","floor":28,"turns":3},{"damage":19,"enemies":"Snake Plant","floor":31,"turns":4},{"damage":60,"enemies":"hubris:MusketHawk","floor":33,"turns":7}],"seed_played":"4895537563730206007","potions_obtained":[{"floor":3,"key":"LifebloodPotion"},{"floor":14,"key":"hexamod:SoulburnPotion"},{"floor":16,"key":"Regen Potion"},{"floor":18,"key":"SteroidPotion"},{"floor":31,"key":"Milkshake"}],"is_trial":false,"path_per_floor":["M","?","M","?","?","E","M","?","T","R","?","R","$","M","R","B",null,"M","M","?","M","$","R","?","?","T","R","M","?","T","M","R","B"],"character_chosen":"HUNTRESS","items_purchased":["DemoMod:BulletBore","StuffTheSpire:FreeRealEstate"],"campfire_rested":2,"item_purchase_floors":[22,22],"current_hp_per_floor":[70,70,70,61,61,61,61,61,61,61,61,61,61,61,61,22,70,50,34,34,6,6,27,27,27,27,48,32,32,32,13,49,0,0],"gold":137,"neow_bonus":"THREE_ENEMY_KILL","is_daily":false,"chose_seed":false,"campfire_upgraded":2,"win_rate":0.0,"timestamp":1611784956,"path_taken":["M","?","M","?","?","E","M","?","T","R","?","R","$","M","R","BOSS","M","M","?","?","$","R","?","?","T","R","M","?","?","?","R","BOSS"],"items_purchased_type":["Card","Card"],"build_version":"2020-12-22","purchased_purges":1,"victory":false,"max_hp_per_floor":[70,70,70,70,70,70,70,70,70,70,70,70,70,70,70,70,70,70,70,70,70,70,70,70,70,70,70,70,70,70,70,70,70,70],"card_choices":[{"not_picked":["DemoMod:SkilledReload","DemoMod:Purify"],"picked":"DemoMod:FeignSurrender","floor":1},{"not_picked":["DemoMod:BlankBullets","DemoMod:DoubleSwitch"],"picked":"DemoMod:StickyCrossBow","floor":3},{"not_picked":["DemoMod:HighKaliber","DemoMod:SAA"],"picked":"DemoMod:TripleGun","floor":6},{"not_picked":["DemoMod:SniperShot","DemoMod:FeignSurrender"],"picked":"DemoMod:AWP","floor":7},{"not_picked":["DemoMod:ChanceBullets","DemoMod:Ejector"],"picked":"DemoMod:BattleInHaste","floor":14},{"not_picked":["DemoMod:DoubleVision","DemoMod:FightSabre"],"picked":"DemoMod:GunslingerForm","floor":16},{"not_picked":["DemoMod:TripleGun","DemoMod:FeignSurrender"],"picked":"DemoMod:Polaris","floor":18},{"not_picked":["DemoMod:HardPowerCard","DemoMod:TripleGun"],"picked":"DemoMod:Camera","floor":19},{"not_picked":["DemoMod:Ejector","DemoMod:CursedBullets"],"picked":"DemoMod:FortunesFavor","floor":21},{"not_picked":["DemoMod:TripleGun","DemoMod:TeaPot"],"picked":"DemoMod:HardPowerCard","floor":28},{"not_picked":["DemoMod:HardPowerCard","DemoMod:HuntsMan"],"picked":"DemoMod:SuppressiveFire","floor":31}],"player_experience":82783,"relics_obtained":[{"floor":6,"key":"HollowMod:StagPassRelic"},{"floor":9,"key":"conspire:InfiniteJournal"},{"floor":26,"key":"StuffTheSpire:Gunfinga"},{"floor":30,"key":"Regal Pillow"}],"event_choices":[{"damage_healed":0,"gold_gain":0,"player_choice":"1 cards matched","damage_taken":0,"max_hp_gain":0,"max_hp_loss":0,"event_name":"Match and Keep!","floor":20,"gold_loss":0,"cards_obtained":["DemoMod:AC15"]},{"damage_healed":0,"gold_gain":0,"player_choice":"1 cards matched","damage_taken":0,"max_hp_gain":0,"max_hp_loss":0,"event_name":"Match and Keep!","floor":20,"gold_loss":0,"cards_obtained":["DemoMod:AC15"]},{"damage_healed":0,"gold_gain":0,"player_choice":"Simplicity","damage_taken":0,"max_hp_gain":0,"max_hp_loss":4,"event_name":"betterThird:BetterWriting","floor":29,"gold_loss":0}],"is_beta":false,"boss_relics":[{"not_picked":["RedLine:ReiMu","Black Star"],"picked":"DemoMod:Test1"}],"items_purged_floors":[13],"is_endless":false,"potions_floor_spawned":[3,14,16,18,31],"killed_by":"hubris:MusketHawk","ascension_level":0}}