{"host":"2miy1kd2aq5nun77","time":1611768930,"event":{"mods":["BaseMod","Minty Spire (QoL Compilation)","Slay-I","StSLib"],"gold_per_floor":[109,109,120,120,139,139,169,169,169,186,186,213,213,229,229,326,326,293,308,233,243,260,290,290,290,370,370,370,469,487,504,504,599,599,609,659,678,424,443,461,474,474,499,510,510,91,103,122,122,122],"floor_reached":51,"language":"ENG","playtime":9633,"items_purged":["Wraith Form v2","Double Tap","True Grit"],"score":700,"play_id":"b5bd12da-9dbe-48c6-8a51-fd136ba5d937","local_time":"20210127123530","daily_mods":["SealedDeck","Heirloom"],"is_ascension_mode":false,"campfire_choices":[{"data":"DevaForm","floor":6,"key":"SMITH"},{"data":"Body Slam","floor":8,"key":"SMITH"},{"data":"Echo Form","floor":15,"key":"SMITH"},{"data":"Metallicize","floor":25,"key":"SMITH"},{"floor":28,"key":"REST"},{"data":"Demon Form","floor":32,"key":"SMITH"},{"floor":42,"key":"REST"},{"data":"Entrench","floor":45,"key":"SMITH"},{"floor":49,"key":"REST"}],"circlet_count":0,"master_deck":["Demon Form+1","Echo Form+1","DevaForm+1","Pommel Strike+1","Body Slam+1","Warcry","Metallicize+1","Feel No Pain","Metallicize","Flame Barrier","Rage","Metallicize","Shrug It Off","Impervious","Iron Wave","Shrug It Off","Limit Break","Armaments+1","Body Slam+1","Flame Barrier","Shrug It Off","Ghostly Armor+1","Ghostly Armor","Entrench+1","Barricade","Flash of Steel","Impervious"],"relics":["Burning Blood","Pocketwatch","Du-Vu Doll","White Beast Statue","Odd Mushroom","Sundial","SacredBark","Whetstone","Mercury Hourglass","Torii","TheAbacus","Dream Catcher"],"acts_visited":["Exordium","TheCity","TheBeyond"],"potions_floor_usage":[14,33,33,33,50],"damage_taken":[{"damage":0,"enemies":"Small Slimes","floor":1,"turns":8},{"damage":0,"enemies":"2 Louse","floor":2,"turns":4},{"damage":0,"enemies":"Jaw Worm","floor":3,"turns":6},{"damage":7,"enemies":"3 Louse","floor":5,"turns":6},{"damage":4,"enemies":"Lagavulin","floor":7,"turns":8},{"damage":0,"enemies":"Blue Slaver","floor":10,"turns":5},{"damage":17,"enemies":"The Mushroom Lair","floor":12,"turns":5},{"damage":1,"enemies":"Exordium Wildlife","floor":14,"turns":8},{"damage":0,"enemies":"The Guardian","floor":16,"turns":8},{"damage":19,"enemies":"2 Thieves","floor":18,"turns":5},{"damage":0,"enemies":"Chosen","floor":19,"turns":8},{"damage":0,"enemies":"Snecko","floor":21,"turns":5},{"damage":15,"enemies":"Centurion and Healer","floor":22,"turns":7},{"damage":28,"enemies":"Gremlin Leader","floor":23,"turns":10},{"damage":0,"enemies":"Cultist and Chosen","floor":30,"turns":8},{"damage":5,"enemies":"Snake Plant","floor":31,"turns":6},{"damage":10,"enemies":"Collector","floor":33,"turns":9},{"damage":10,"enemies":"3 Shapes","floor":35,"turns":5},{"damage":0,"enemies":"Mind Bloom Boss Battle","floor":36,"turns":11},{"damage":1,"enemies":"Orb Walker","floor":37,"turns":6},{"damage":44,"enemies":"Transient","floor":39,"turns":5},{"damage":7,"enemies":"Jaw Worm Horde","floor":40,"turns":9},{"damage":17,"enemies":"3 Darklings","floor":41,"turns":7},{"damage":0,"enemies":"Sphere and 2 Shapes","floor":44,"turns":8},{"damage":1,"enemies":"Jaw Worm Horde","floor":47,"turns":7},{"damage":34,"enemies":"Transient","floor":48,"turns":5},{"damage":44,"enemies":"Awakened One","floor":50,"turns":12}],"seed_played":"5015783878517437673","potions_obtained":[{"floor":3,"key":"Regen Potion"},{"floor":5,"key":"Block Potion"},{"floor":10,"key":"SkillPotion"},{"floor":14,"key":"HeartOfIron"},{"floor":33,"key":"Ancient Potion"},{"floor":35,"key":"SneckoOil"},{"floor":36,"key":"SpeedPotion"}],"is_trial":true,"path_per_floor":["M","M","M","$","M","R","E","R","T","M","?","?","?","M","R","B",null,"M","M","$","M","M","E","?","R","T","?","R","?","M","M","R","B",null,"M","?","M","$","M","M","M","R","T","M","R","$","M","M","R","B",null],"character_chosen":"IRONCLAD","items_purchased":["TheAbacus","Barricade","Flash of Steel","Impervious"],"campfire_rested":3,"item_purchase_floors":[38,46,46,46],"current_hp_per_floor":[80,80,80,80,79,79,80,80,80,80,80,69,57,76,76,80,80,67,73,73,79,70,48,48,48,48,33,58,58,64,65,65,61,85,81,85,85,85,47,46,35,60,60,66,66,66,71,43,68,30],"gold":122,"neow_bonus":"","is_daily":false,"chose_seed":false,"campfire_upgraded":6,"win_rate":0.0,"timestamp":1611768930,"path_taken":["M","M","M","$","M","R","E","R","T","M","?","?","?","M","R","BOSS","M","M","$","M","M","E","?","R","T","?","R","?","M","M","R","BOSS","M","?","M","$","M","M","M","R","T","M","R","$","M","M","R","BOSS"],"items_purchased_type":["Relic","Card","Card","Card"],"build_version":"2020-12-22","purchased_purges":3,"victory":true,"max_hp_per_floor":[80,80,80,80,80,80,80,80,80,80,80,80,80,80,80,80,80,80,80,80,80,80,80,80,80,80,85,85,85,85,85,85,85,85,85,85,85,85,85,85,85,85,85,85,85,85,85,85,85,85],"card_choices":[{"not_picked":["Battle Trance","Carnage","Flex"],"picked":"SKIP","floor":1},{"not_picked":["Evolve","Havoc"],"picked":"Shrug It Off","floor":2},{"not_picked":["Headbutt","Perfected Strike","Hemokinesis"],"picked":"SKIP","floor":3},{"not_picked":["Havoc","Anger"],"picked":"Impervious","floor":5},{"not_picked":["Twin Strike","Heavy Blade","Blood for Blood"],"picked":"SKIP","floor":7},{"not_picked":["Burning Pact","Carnage"],"picked":"Iron Wave","floor":10},{"not_picked":["Clothesline","Thunderclap"],"picked":"Shrug It Off","floor":12},{"not_picked":["Clash","Second Wind","Pummel"],"picked":"SKIP","floor":14},{"not_picked":["Exhume","Feed"],"picked":"Limit Break","floor":16},{"not_picked":["Searing Blow","Sword Boomerang"],"picked":"Armaments+1","floor":18},{"not_picked":["Sword Boomerang","Flex"],"picked":"Body Slam","floor":19},{"not_picked":["Rage","Battle Trance+1","Perfected Strike"],"picked":"SKIP","floor":21},{"not_picked":["Ghostly Armor","Dark Embrace"],"picked":"Flame Barrier","floor":22},{"not_picked":["Iron Wave","Hemokinesis","Clash"],"picked":"SKIP","floor":23},{"not_picked":["Infernal Blade+1","Second Wind","Anger"],"picked":"SKIP","floor":30},{"not_picked":["Heavy Blade","Disarm"],"picked":"Shrug It Off","floor":31},{"not_picked":["Fiend Fire","Corruption"],"picked":"Double Tap","floor":33},{"not_picked":["Cleave","Pummel"],"picked":"Ghostly Armor+1","floor":35},{"not_picked":["Second Wind","Havoc"],"picked":"Ghostly Armor","floor":36},{"not_picked":["Infernal Blade+1","Searing Blow","True Grit+1"],"picked":"SKIP","floor":37},{"not_picked":["Heavy Blade+1","Clash","Anger"],"picked":"SKIP","floor":39},{"not_picked":["Warcry","Battle Trance","Armaments+1"],"picked":"SKIP","floor":40},{"not_picked":["Wild Strike","Flex+1"],"picked":"Entrench","floor":41},{"not_picked":["Blood for Blood","Berserk","Heavy Blade"],"picked":"SKIP","floor":44},{"not_picked":["True Grit+1","Warcry+1","Flex"],"picked":"SKIP","floor":47},{"not_picked":["Wild Strike+1","Reckless Charge","Shrug It Off"],"picked":"SKIP","floor":48}],"player_experience":425116,"relics_obtained":[{"floor":7,"key":"Du-Vu Doll"},{"floor":9,"key":"White Beast Statue"},{"floor":12,"key":"Odd Mushroom"},{"floor":23,"key":"Whetstone"},{"floor":26,"key":"Mercury Hourglass"},{"floor":36,"key":"Torii"},{"floor":43,"key":"Dream Catcher"}],"event_choices":[{"damage_healed":0,"gold_gain":0,"player_choice":"Leave","damage_taken":0,"max_hp_gain":0,"max_hp_loss":0,"event_name":"The Cleric","floor":11,"gold_loss":0},{"damage_healed":0,"gold_gain":0,"player_choice":"Fought Mushrooms","damage_taken":0,"max_hp_gain":0,"max_hp_loss":0,"event_name":"Mushrooms","floor":12,"gold_loss":0},{"damage_healed":0,"gold_gain":0,"player_choice":"Success","damage_taken":12,"relics_obtained":["Sundial"],"max_hp_gain":0,"max_hp_loss":0,"event_name":"Scrap Ooze","floor":13,"gold_loss":0},{"damage_healed":0,"gold_gain":0,"player_choice":"Ignored","damage_taken":0,"max_hp_gain":0,"max_hp_loss":0,"event_name":"Ghosts","floor":24,"gold_loss":0},{"damage_healed":0,"gold_gain":0,"player_choice":"Shed Blood","damage_taken":20,"max_hp_gain":5,"max_hp_loss":0,"event_name":"Forgotten Altar","floor":27,"gold_loss":0},{"damage_healed":0,"gold_gain":99,"player_choice":"Stole From Cult","damage_taken":0,"max_hp_gain":0,"max_hp_loss":0,"event_name":"Nest","floor":29,"gold_loss":0},{"damage_healed":0,"gold_gain":0,"player_choice":"Fight","damage_taken":0,"max_hp_gain":0,"max_hp_loss":0,"event_name":"MindBloom","floor":36,"gold_loss":0}],"is_beta":false,"boss_relics":[{"not_picked":["Astrolabe","Coffee Dripper"],"picked":"SacredBark"},{"not_picked":["Runic Cube","Cursed Key","Calling Bell"]}],"items_purged_floors":[20,38,46],"is_endless":false,"potions_floor_spawned":[3,5,10,12,14,16,18,19,21,22,23,30,31,33,35,36,37,39,40,41,44,47,48],"ascension_level":0}}