{"host":"ml2ro5l6hu6y0pll","time":1611761867,"event":{"mods":["AchievementEnabler","BaseMod","Colored Map","Colored Powertips","Custom Start","Googly Eyes","Minty Spire (QoL Compilation)","Quick Restart","Rare Cards Sparkle","Relic Stats","Reliquary","StSLib","everything is the same but u backflip on backflip"],"gold_per_floor":[117,132,132,144,162,189,214,214,214,243,261,289,321,340,340,411,411,421,250,270,285,206,234,234,266,293,323,323,348,348,373,373,450,450,463,379,379,395,409,440,440,471,471,504,529,529,443,469,469,469,469,469,469,207,235,235],"floor_reached":57,"language":"ENG","playtime":3040,"items_purged":[],"score":3383,"play_id":"76380af1-8ae0-4aa7-9e57-ea197f029e3c","local_time":"20210127153747","daily_mods":["Flight","Elite Swarm"],"is_ascension_mode":true,"campfire_choices":[{"data":"Genetic Algorithm","floor":8,"key":"SMITH"},{"data":"Biased Cognition","floor":15,"key":"SMITH"},{"data":"Biased Cognition","floor":24,"key":"SMITH"},{"data":"Biased Cognition","floor":28,"key":"SMITH"},{"data":"Capacitor","floor":30,"key":"SMITH"},{"data":"Self Repair","floor":32,"key":"SMITH"},{"floor":41,"key":"RECALL"},{"data":"Coolheaded","floor":46,"key":"SMITH"},{"data":"Reinforced Body","floor":49,"key":"SMITH"},{"data":"Coolheaded","floor":53,"key":"SMITH"}],"circlet_count":0,"master_deck":["Biased Cognition+1","Genetic Algorithm+1","Reinforced Body+1","Coolheaded+1","Coolheaded+1","Hologram","Conserve Battery","Leap","FTL+1","Sweeping Beam","Cold Snap","Ball Lightning","Gash","Chill","Cold Snap","Capacitor+1","Electrodynamics","Biased Cognition+1","Reboot+1","Biased Cognition+1","Glacier+1","Self Repair+1","Tempest+1","Ball Lightning+1","Seek+1","Echo Form","Fission+1","Echo Form","Seek+1","Coolheaded+1","Genetic Algorithm+1","Defragment"],"relics":["Cracked Core","Mummified Hand","Membership Card","OrangePellets","reliquary:Stiletto","reliquary:PorcupineQuills","reliquary:PurpleTingedLeaf","Lizard Tail","Regal Pillow","Toxic Egg 2","Inserter","Bronze Scales","ClockworkSouvenir","reliquary:Boomerang","reliquary:WeakTea","Whetstone","Nunchaku","reliquary:TatteredRug","reliquary:Ember","Lantern","Thread and Needle","Ginger","Meat on the Bone","Calipers","DataDisk","MealTicket","Bottled Tornado","DollysMirror","Happy Flower"],"acts_visited":["Exordium","TheCity","TheBeyond","TheEnding"],"potions_floor_usage":[],"damage_taken":[{"damage":4,"enemies":"Small Slimes","floor":1,"turns":2},{"damage":0,"enemies":"Cultist","floor":2,"turns":3},{"damage":0,"enemies":"2 Louse","floor":4,"turns":2},{"damage":0,"enemies":"2 Fungi Beasts","floor":5,"turns":2},{"damage":3,"enemies":"3 Sentries","floor":6,"turns":6},{"damage":11,"enemies":"Gremlin Nob","floor":7,"turns":4},{"damage":0,"enemies":"Lagavulin","floor":10,"turns":5},{"damage":0,"enemies":"Exordium Thugs","floor":11,"turns":2},{"damage":4,"enemies":"3 Sentries","floor":12,"turns":7},{"damage":0,"enemies":"Gremlin Nob","floor":13,"turns":3},{"damage":0,"enemies":"Large Slime","floor":14,"turns":2},{"damage":7,"enemies":"The Guardian","floor":16,"turns":6},{"damage":0,"enemies":"Chosen","floor":18,"turns":5},{"damage":0,"enemies":"Spheric Guardian","floor":20,"turns":3},{"damage":0,"enemies":"Cultist and Chosen","floor":21,"turns":3},{"damage":20,"enemies":"Slavers","floor":23,"turns":7},{"damage":0,"enemies":"Book of Stabbing","floor":25,"turns":5},{"damage":12,"enemies":"Slavers","floor":27,"turns":2},{"damage":3,"enemies":"Book of Stabbing","floor":29,"turns":4},{"damage":17,"enemies":"Gremlin Leader","floor":31,"turns":4},{"damage":0,"enemies":"Automaton","floor":33,"turns":6},{"damage":10,"enemies":"3 Darklings","floor":35,"turns":4},{"damage":4,"enemies":"3 Shapes","floor":38,"turns":2},{"damage":4,"enemies":"Sphere and 2 Shapes","floor":39,"turns":2},{"damage":19,"enemies":"Nemesis","floor":40,"turns":4},{"damage":10,"enemies":"Reptomancer","floor":42,"turns":4},{"damage":6,"enemies":"Nemesis","floor":44,"turns":22},{"damage":8,"enemies":"Mind Bloom Boss Battle","floor":45,"turns":4},{"damage":2,"enemies":"Reptomancer","floor":48,"turns":4},{"damage":8,"enemies":"Awakened One","floor":50,"turns":10},{"damage":0,"enemies":"Time Eater","floor":51,"turns":9},{"damage":0,"enemies":"Shield and Spear","floor":55,"turns":5},{"damage":29,"enemies":"The Heart","floor":56,"turns":9}],"seed_played":"9114086187157212483","potions_obtained":[{"floor":1,"key":"FairyPotion"},{"floor":2,"key":"FearPotion"}],"is_trial":true,"path_per_floor":["M","M","?","M","M","E","E","R","T","E","M","E","E","M","R","B",null,"M","$","M","M","$","E","R","E","T","E","R","E","R","E","R","B",null,"M","$","?","M","M","E","R","E","T","E","?","R","$","E","R","B","B",null,"R","$","E","B",null],"character_chosen":"DEFECT","items_purchased":["Bronze Scales","Glacier+1","Self Repair","ClockworkSouvenir","Lantern","DataDisk","Bottled Tornado","DollysMirror","Defragment"],"campfire_rested":0,"item_purchase_floors":[19,19,19,22,36,47,54,54,54],"current_hp_per_floor":[60,60,60,60,60,57,46,46,46,50,51,50,51,54,54,51,66,67,67,68,71,71,59,59,69,69,67,67,71,71,70,70,71,71,71,71,61,58,65,59,59,51,51,63,67,67,67,71,71,71,71,71,71,71,71,47],"gold":235,"neow_bonus":"","is_daily":false,"chose_seed":false,"campfire_upgraded":9,"win_rate":0.0,"timestamp":1611761867,"path_taken":["M","M","?","M","?","E","E","R","T","E","M","E","E","M","R","BOSS","M","$","M","M","$","E","R","E","T","E","R","E","R","E","R","BOSS","M","$","?","M","M","E","R","E","T","E","?","R","$","E","R","BOSS","BOSS","R","$","E","BOSS"],"items_purchased_type":["Relic","Card","Card","Relic","Relic","Relic","Relic","Relic","Card"],"build_version":"2020-12-22","purchased_purges":0,"victory":true,"max_hp_per_floor":[71,71,71,71,71,71,71,71,71,71,71,71,71,71,71,71,71,71,71,71,71,71,71,71,71,71,71,71,71,71,71,71,71,71,71,71,71,71,71,71,71,71,71,71,71,71,71,71,71,71,71,71,71,71,71,71],"relic_stats":{"Regal Pillow":0,"Inserter":[43],"Happy Flower":[3],"counters":[33,162],"Whetstone":["FTL","Ball Lightning"],"Ginger":[4],"OrangePellets":[57],"Lizard Tail":0,"Nunchaku":[15],"Mummified Hand":[173],"Bronze Scales":[498],"MealTicket":0,"obtain_stats":[{"Regal Pillow":12,"Lantern":36,"reliquary:Boomerang":23,"Calipers":45,"Whetstone":26,"Ginger":42,"Bottled Tornado":54,"ClockworkSouvenir":22,"Lizard Tail":10,"Nunchaku":29,"Mummified Hand":0,"DollysMirror":54,"MealTicket":48,"Toxic Egg 2":13,"Cracked Core":0,"Inserter":17,"Happy Flower":55,"Thread and Needle":40,"reliquary:TatteredRug":31,"reliquary:WeakTea":25,"OrangePellets":0,"DataDisk":47,"reliquary:PorcupineQuills":7,"Bronze Scales":19,"reliquary:Stiletto":6,"reliquary:Ember":34,"Membership Card":0,"reliquary:PurpleTingedLeaf":9,"Meat on the Bone":44},{"Regal Pillow":9,"Lantern":22,"reliquary:Boomerang":16,"Calipers":28,"Whetstone":17,"Ginger":26,"Bottled Tornado":31,"ClockworkSouvenir":15,"Lizard Tail":7,"Nunchaku":19,"Mummified Hand":0,"DollysMirror":31,"MealTicket":29,"Toxic Egg 2":10,"Cracked Core":0,"Inserter":12,"Happy Flower":32,"Thread and Needle":25,"reliquary:TatteredRug":20,"reliquary:WeakTea":17,"OrangePellets":0,"DataDisk":28,"reliquary:PorcupineQuills":6,"Bronze Scales":13,"reliquary:Stiletto":5,"reliquary:Ember":21,"Membership Card":0,"reliquary:PurpleTingedLeaf":6,"Meat on the Bone":27},{"Regal Pillow":33,"Lantern":87,"reliquary:Boomerang":62,"Calipers":125,"Whetstone":67,"Ginger":99,"Bottled Tornado":148,"ClockworkSouvenir":55,"Lizard Tail":24,"Nunchaku":73,"Mummified Hand":0,"DollysMirror":148,"MealTicket":129,"Toxic Egg 2":36,"Cracked Core":0,"Inserter":44,"Happy Flower":153,"Thread and Needle":95,"reliquary:TatteredRug":77,"reliquary:WeakTea":67,"OrangePellets":0,"DataDisk":125,"reliquary:PorcupineQuills":19,"Bronze Scales":49,"reliquary:Stiletto":15,"reliquary:Ember":83,"Membership Card":0,"reliquary:PurpleTingedLeaf":19,"Meat on the Bone":121}],"Meat on the Bone":0},"card_choices":[{"not_picked":["Undo","Go for the Eyes"],"picked":"Chill","floor":1},{"not_picked":["Stack","Force Field","Heatsinks"],"picked":"SKIP","floor":2},{"not_picked":["Double Energy","Barrage"],"picked":"Cold Snap","floor":4},{"not_picked":["Chill","Hello World"],"picked":"Capacitor","floor":5},{"not_picked":["Thunder Strike","Seek"],"picked":"Electrodynamics","floor":6},{"not_picked":["Machine Learning","Reboot"],"picked":"Biased Cognition","floor":7},{"not_picked":["Rainbow","Thunder Strike","Hyperbeam"],"picked":"SKIP","floor":10},{"not_picked":["Compile Driver","Scrape","Stack"],"picked":"SKIP","floor":11},{"not_picked":["Thunder Strike","Electrodynamics","Core Surge"],"picked":"SKIP","floor":12},{"not_picked":["Meteor Strike","Core Surge"],"picked":"Reboot+1","floor":13},{"not_picked":["Steam+1","Fusion+1","Beam Cell"],"picked":"SKIP","floor":14},{"not_picked":["Meteor Strike","Core Surge"],"picked":"Biased Cognition","floor":16},{"not_picked":["Double Energy+1","Aggregate+1","Leap+1"],"picked":"SKIP","floor":18},{"not_picked":["Stack+1","Reprogram+1"],"picked":"Tempest+1","floor":20},{"not_picked":["Go for the Eyes","Turbo+1"],"picked":"Ball Lightning","floor":21},{"not_picked":["Meteor Strike","Core Surge","Rainbow+1"],"picked":"SKIP","floor":23},{"not_picked":["Rainbow+1","Reboot+1"],"picked":"Seek+1","floor":25},{"not_picked":["Buffer","All For One","Creative AI"],"picked":"SKIP","floor":27},{"not_picked":["Core Surge","Electrodynamics"],"picked":"Echo Form","floor":29},{"not_picked":["Multi-Cast+1","All For One"],"picked":"Fission+1","floor":31},{"not_picked":["Rebound","Stack+1","Barrage"],"picked":"SKIP","floor":35},{"not_picked":["Cold Snap+1","Conserve Battery+1","Recycle+1"],"picked":"SKIP","floor":38},{"not_picked":["Barrage","Steam+1","Compile Driver+1"],"picked":"SKIP","floor":39},{"not_picked":["Machine Learning","Reboot+1"],"picked":"Echo Form","floor":40},{"not_picked":["Biased Cognition","Buffer","Rainbow+1"],"picked":"SKIP","floor":42},{"not_picked":["Machine Learning","Fission+1"],"picked":"Seek+1","floor":44},{"not_picked":["Barrage","Recycle+1"],"picked":"Coolheaded+1","floor":45},{"not_picked":["Rainbow+1","Biased Cognition","Meteor Strike"],"picked":"SKIP","floor":48},{"not_picked":["Creative AI","All For One","Biased Cognition"],"picked":"SKIP","floor":55}],"player_experience":855124,"relics_obtained":[{"floor":6,"key":"reliquary:Stiletto"},{"floor":7,"key":"reliquary:PorcupineQuills"},{"floor":9,"key":"reliquary:PurpleTingedLeaf"},{"floor":10,"key":"Lizard Tail"},{"floor":12,"key":"Regal Pillow"},{"floor":13,"key":"Toxic Egg 2"},{"floor":23,"key":"reliquary:Boomerang"},{"floor":25,"key":"reliquary:WeakTea"},{"floor":26,"key":"Whetstone"},{"floor":29,"key":"Nunchaku"},{"floor":31,"key":"reliquary:TatteredRug"},{"floor":40,"key":"Thread and Needle"},{"floor":42,"key":"Ginger"},{"floor":44,"key":"Meat on the Bone"},{"floor":45,"key":"Calipers"},{"floor":48,"key":"MealTicket"},{"floor":55,"key":"Happy Flower"}],"event_choices":[{"damage_healed":0,"gold_gain":0,"player_choice":"Ignored","damage_taken":0,"max_hp_gain":0,"max_hp_loss":0,"event_name":"Purifier","floor":3,"gold_loss":0},{"damage_healed":0,"gold_gain":0,"player_choice":"Memory 3","damage_taken":10,"max_hp_gain":0,"max_hp_loss":0,"event_name":"SensoryStone","floor":37,"gold_loss":0},{"damage_healed":0,"gold_gain":0,"player_choice":"Fight","damage_taken":0,"max_hp_gain":0,"max_hp_loss":0,"event_name":"MindBloom","floor":45,"gold_loss":0}],"is_beta":false,"boss_relics":[{"not_picked":["FrozenCore","Pandora\u0027s Box"],"picked":"Inserter"},{"not_picked":["Empty Cage","Tiny House"],"picked":"reliquary:Ember"}],"items_purged_floors":[],"is_endless":false,"potions_floor_spawned":[1,2,7,13,14,23,25,29,38,42,45],"ascension_level":20}}