{"host":"8d3fefv2347kqkpz","time":1611769219,"event":{"mods":["AchievementEnabler","Act Like it!","Aspiration","BaseMod","Better Vampires","Colored Map","Colored Powertips","Conspire","GifTheSpireLib","Hermit","Highlight Path","Hubris","Marisa£®ÏF”Í°°ƒß¿Ì…≥£©","Mimic Mod","Minty Spire (QoL Compilation)","Quick Restart","Rare Cards Sparkle","Reimu£®≤©¿ˆ¡È√Œ£©","Relic Stats","Remilia£®¿Ÿ√◊¿Ú—«£©","Replay The Spire","Spicy Shops","StSLib","The Cursed","The Jungle","The Servant 0.9.4","Waifu the Spire","Youmu£®ªÍ∆«—˝√Œ£©"],"gold_per_floor":[110,121,196,206,68,68,98,98,98,109,109,129,129,54,54,156,156,169,169,169,15,28,55,67,67,67,67,67],"floor_reached":27,"language":"ZHS","playtime":854,"items_purged":["Defend_G"],"score":231,"play_id":"ead6dd48-63a8-457f-9730-c973bea0f344","local_time":"20210128014019","is_ascension_mode":false,"campfire_choices":[{"data":"Poison Darts","floor":6.0,"key":"SMITH"},{"floor":8.0,"key":"REST"},{"floor":15.0,"key":"REST"},{"floor":25,"key":"REST"}],"circlet_count":0,"master_deck":["Strike_G","Strike_G","Strike_G","Defend_G","Defend_G","Defend_G+1","Defend_G","Survivor","Neutralize","Deadly Poison","Toxin Wave","Poison Darts+1","Flying Knee","Envenom","Dagger Spray","Footwork+1","Catalyst","Outmaneuver+1","Dagger Spray"],"relics":["Ring of the Snake","Darkstone Periapt","hubris:DeckOfHolding","SacredBark","War Paint","aspiration:ChemicalBlood"],"acts_visited":["Exordium","TheCity"],"potions_floor_usage":[23,24],"damage_taken":[{"damage":1.0,"enemies":"Cultist","floor":1.0,"turns":4.0},{"damage":0.0,"enemies":"2 Louse","floor":2.0,"turns":3.0},{"damage":5.0,"enemies":"Jaw Worm","floor":4.0,"turns":5.0},{"damage":19.0,"enemies":"3 Sentries","floor":7.0,"turns":7.0},{"damage":8.0,"enemies":"2 Fungi Beasts","floor":10.0,"turns":3.0},{"damage":0.0,"enemies":"Blue Slaver","floor":12.0,"turns":3.0},{"damage":30.0,"enemies":"Hexaghost","floor":16.0,"turns":9.0},{"damage":14.0,"enemies":"Spheric Guardian","floor":18.0,"turns":4.0},{"damage":6.0,"enemies":"conspire:FuzzyDice","floor":22.0,"turns":6.0},{"damage":40,"enemies":"Gremlin Leader","floor":23,"turns":6},{"damage":7,"enemies":"3 Cultists","floor":24,"turns":5},{"damage":42,"enemies":"Cultist and Chosen","floor":27,"turns":6}],"seed_played":"5246379384317566638","potions_obtained":[{"floor":1.0,"key":"Block Potion"},{"floor":2.0,"key":"Poison Potion"},{"floor":4.0,"key":"Elixir"},{"floor":12.0,"key":"GhostInAJar"},{"floor":22.0,"key":"Dexterity Potion"},{"floor":23,"key":"Energy Potion"}],"is_trial":false,"path_per_floor":["M","M","?","M","$","R","E","R","T","M","?","M","?","$","R","B",null,"M","?","?","$","M","E","M","R","T","M"],"character_chosen":"THE_SILENT","items_purchased":["Poison Darts","Footwork+1","Catalyst"],"campfire_rested":3,"item_purchase_floors":[5,21,21],"current_hp_per_floor":[76,76,65,60,60,60,41,64,64,56,56,56,56,56,77,47,77,63,63,63,63,57,17,10,33,33,0,0],"gold":67,"neow_bonus":"TEN_PERCENT_HP_BONUS","is_daily":false,"chose_seed":false,"campfire_upgraded":1,"win_rate":0.0,"timestamp":1611769219,"path_taken":["M","M","?","M","$","R","E","R","T","M","?","?","?","$","R","BOSS","M","?","?","$","M","E","M","R","T","M"],"items_purchased_type":["Card","Card","Card"],"build_version":"2020-12-22","purchased_purges":1,"victory":false,"max_hp_per_floor":[77,77,77,77,77,77,77,77,77,77,77,77,77,77,77,77,77,77,77,77,77,77,77,77,77,77,77,77],"relic_stats":{"Darkstone Periapt":0,"counters":[12,61],"War Paint":["Defend_G","Outmaneuver"],"obtain_stats":[{"Darkstone Periapt":7,"SacredBark":17,"hubris:DeckOfHolding":9,"War Paint":23,"Ring of the Snake":0,"aspiration:ChemicalBlood":26},{"Darkstone Periapt":4,"SacredBark":7,"hubris:DeckOfHolding":4,"War Paint":10,"Ring of the Snake":0,"aspiration:ChemicalBlood":11},{"Darkstone Periapt":19,"SacredBark":34,"hubris:DeckOfHolding":19,"War Paint":50,"Ring of the Snake":0,"aspiration:ChemicalBlood":55}],"Ring of the Snake":[24]},"card_choices":[{"not_picked":["Well Laid Plans","Dagger Throw"],"picked":"Deadly Poison","floor":1.0},{"not_picked":["Concentrate","Slice","Sucker Punch"],"picked":"SKIP","floor":2.0},{"not_picked":["Eviscerate","Hidden Blade"],"picked":"Toxin Wave","floor":4.0},{"not_picked":["Reflex","Toxin Wave","PiercingWail"],"picked":"SKIP","floor":7.0},{"not_picked":["Endless Agony","Finisher","Deadly Poison"],"picked":"SKIP","floor":10.0},{"not_picked":["Deflect","Fluid Movement"],"picked":"Flying Knee","floor":12.0},{"not_picked":["Night Terror","Glass Knife"],"picked":"Envenom","floor":16.0},{"not_picked":["Blade Dance","Poisoned Stab"],"picked":"Dagger Spray","floor":18.0},{"not_picked":["conspire:DoublingDagger","Backflip"],"picked":"Outmaneuver","floor":22.0},{"not_picked":["Underhanded Strike","Quick Slash+1","Outmaneuver+1"],"picked":"SKIP","floor":23},{"not_picked":["Heel Hook+1","Poisoned Stab"],"picked":"Dagger Spray","floor":24}],"player_experience":211592,"relics_obtained":[{"floor":7.0,"key":"Darkstone Periapt"},{"floor":9.0,"key":"hubris:DeckOfHolding"},{"floor":23,"key":"War Paint"},{"floor":26,"key":"aspiration:ChemicalBlood"}],"event_choices":[{"damage_healed":0.0,"max_hp_gain":0.0,"max_hp_loss":0.0,"gold_gain":75.0,"event_name":"World of Goop","player_choice":"Gather Gold","floor":3.0,"gold_loss":0.0,"damage_taken":11.0},{"cards_removed":["Strike_G"],"damage_healed":0.0,"max_hp_gain":0.0,"max_hp_loss":0.0,"gold_gain":0.0,"event_name":"Purifier","player_choice":"Purged","floor":11.0,"gold_loss":0.0,"damage_taken":0.0},{"damage_healed":0.0,"max_hp_gain":0.0,"max_hp_loss":0.0,"gold_gain":0.0,"event_name":"conspire:Investor","player_choice":"Leave","floor":13.0,"gold_loss":0.0,"damage_taken":0.0},{"cards_removed":["Strike_G"],"damage_healed":0.0,"max_hp_gain":0.0,"max_hp_loss":0.0,"gold_gain":0.0,"event_name":"Back to Basics","player_choice":"Elegance","floor":19.0,"gold_loss":0.0,"damage_taken":0.0},{"damage_healed":0.0,"max_hp_gain":0.0,"max_hp_loss":0.0,"gold_gain":0.0,"event_name":"Vampires","player_choice":"Ignored","floor":20.0,"gold_loss":0.0,"damage_taken":0.0}],"is_beta":false,"boss_relics":[{"not_picked":["Busted Crown","aspiration:WatcherSkillbook"],"picked":"SacredBark"}],"items_purged_floors":[14],"is_endless":false,"potions_floor_spawned":[1,2,4,12,22,23],"killed_by":"Cultist and Chosen","ascension_level":0}}