{"host":"nwz9s93nkn2ush8t","time":1611721207,"event":{"mods":["AchievementEnabler","Act Like it!","BaseMod","Block Reminder","Colored Powertips","Googly Eyes","Minty Spire (QoL Compilation)","Quick Restart","Rare Cards Sparkle","StSLib","everything is the same but u backflip on backflip","slay the spire mod where everything is the same but ironclad has a cowboy hat"],"gold_per_floor":[113,133,152,105,121,155,155,172,172,347,380,380,398,398,398,494,494,510,510,510,523,523,523],"floor_reached":22,"language":"ENG","playtime":1195,"items_purged":[],"score":287,"play_id":"c554d7cb-ab5e-4467-a265-97ba8acfee86","local_time":"20210126232007","is_ascension_mode":true,"campfire_choices":[{"floor":7,"key":"REST"},{"data":"Armaments","floor":15,"key":"SMITH"}],"circlet_count":0,"master_deck":["Strike_R","Strike_R","Strike_R","Strike_R","Strike_R","Defend_R","Defend_R","Defend_R","Defend_R","Bash","Inflame","Armaments+1","Headbutt","Heavy Blade","Pommel Strike","Clash","Fire Breathing","Spot Weakness","Havoc","Double Tap","Clothesline","Ghostly Armor"],"relics":["Philosopher\u0027s Stone","Paper Frog","Potion Belt","Bag of Marbles","SlaversCollar","Frozen Egg 2"],"acts_visited":["Exordium","TheCity"],"potions_floor_usage":[5,16,22,22],"damage_taken":[{"damage":2,"enemies":"Cultist","floor":1,"turns":3},{"damage":0,"enemies":"2 Louse","floor":2,"turns":3},{"damage":0,"enemies":"Small Slimes","floor":3,"turns":2},{"damage":10,"enemies":"Gremlin Gang","floor":5,"turns":4},{"damage":36,"enemies":"3 Sentries","floor":6,"turns":7},{"damage":0,"enemies":"3 Louse","floor":8,"turns":2},{"damage":0,"enemies":"Gremlin Nob","floor":11,"turns":2},{"damage":0,"enemies":"Red Slaver","floor":13,"turns":1},{"damage":23,"enemies":"Hexaghost","floor":16,"turns":5},{"damage":35,"enemies":"2 Thieves","floor":18,"turns":4},{"damage":0,"enemies":"Chosen","floor":21,"turns":3},{"damage":25,"enemies":"Shelled Parasite and Fungi","floor":22,"turns":3}],"seed_played":"-5720572568135109364","potions_obtained":[{"floor":1,"key":"Ancient Potion"},{"floor":2,"key":"Energy Potion"},{"floor":5,"key":"PowerPotion"},{"floor":8,"key":"LiquidMemories"},{"floor":21,"key":"GamblersBrew"}],"is_trial":false,"path_per_floor":["M","M","M","$","M","E","R","M","T","?","E","?","M","?","R","B",null,"M","T","?","M","M"],"character_chosen":"IRONCLAD","items_purchased":["Heavy Blade"],"campfire_rested":1,"item_purchase_floors":[4],"current_hp_per_floor":[70,70,70,70,60,24,48,48,48,48,48,48,48,48,48,25,66,31,31,25,25,0,0],"gold":523,"neow_bonus":"BOSS_RELIC","is_daily":false,"chose_seed":false,"campfire_upgraded":1,"win_rate":0.0,"timestamp":1611721207,"path_taken":["M","M","M","$","?","E","R","M","T","?","E","?","M","?","R","BOSS","M","?","?","M","?"],"items_purchased_type":["Card"],"build_version":"2020-12-22","purchased_purges":0,"victory":false,"max_hp_per_floor":[80,80,80,80,80,80,80,80,80,80,80,80,80,80,80,80,80,80,80,80,80,80,80],"card_choices":[{"not_picked":["Flex","Burning Pact"],"picked":"Inflame","floor":1},{"not_picked":["Twin Strike","Clash"],"picked":"Armaments","floor":2},{"not_picked":["Dark Embrace","Warcry"],"picked":"Headbutt","floor":3},{"not_picked":["Perfected Strike","Armaments"],"picked":"Pommel Strike","floor":5},{"not_picked":["Brutality","Anger"],"picked":"Clash","floor":6},{"not_picked":["Iron Wave","Perfected Strike"],"picked":"Fire Breathing","floor":8},{"not_picked":["Anger","Inflame"],"picked":"Spot Weakness","floor":11},{"not_picked":["Shrug It Off","Anger"],"picked":"Havoc","floor":13},{"not_picked":["Berserk","Fiend Fire"],"picked":"Double Tap","floor":16},{"not_picked":["Thunderclap","Shockwave"],"picked":"Clothesline","floor":18},{"not_picked":["Intimidate","Headbutt"],"picked":"Ghostly Armor","floor":21}],"player_experience":388218,"relics_obtained":[{"floor":6,"key":"Paper Frog"},{"floor":9,"key":"Potion Belt"},{"floor":11,"key":"Bag of Marbles"},{"floor":19,"key":"Frozen Egg 2"}],"event_choices":[{"damage_healed":0,"gold_gain":175,"player_choice":"AGREE","damage_taken":0,"max_hp_gain":0,"max_hp_loss":0,"event_name":"Liars Game","floor":10,"gold_loss":0,"cards_obtained":["Doubt"]},{"damage_healed":0,"gold_gain":0,"player_choice":"Ignored","damage_taken":0,"max_hp_gain":0,"max_hp_loss":0,"event_name":"Golden Idol","floor":12,"gold_loss":0},{"cards_removed":["Doubt"],"damage_healed":0,"gold_gain":0,"player_choice":"Purged","damage_taken":0,"max_hp_gain":0,"max_hp_loss":0,"event_name":"Purifier","floor":14,"gold_loss":0},{"damage_healed":0,"gold_gain":0,"player_choice":"","damage_taken":6,"max_hp_gain":0,"max_hp_loss":0,"event_name":"Knowing Skull","floor":20,"potions_obtained":[],"gold_loss":0,"cards_obtained":[]}],"is_beta":false,"boss_relics":[{"not_picked":["Busted Crown","Coffee Dripper"],"picked":"SlaversCollar"}],"items_purged_floors":[],"is_endless":false,"potions_floor_spawned":[1,2,5,8,21],"killed_by":"Shelled Parasite and Fungi","ascension_level":6}}