{"host":"8inpc3yxphy2r27y","time":1611777927,"event":{"mods":["Bard","BaseMod","Better Synergies","Better Vampires","Challenge The Spire","Conspire","Decade(王小明)","Defuse TimeMaze Blight","Downfall","Energized Spire","FutureSeer","Gremlin Mod","GungeonMod","Hunter 猎人","KinomotoSakuraMod(木之本樱)","Lobotomy","LobotomyExtend","Minty Spire (QoL Compilation)","MostiFishMod","Quick Restart","READ ME - Guardian Mod","Relic Filter Mod","Relic Stats","Replay The Spire","RumiaBox-露米娅的神秘盒子","Ryuuou龙王","SIMod","Shop Mod","Spicy Shops","StSLib","The Cursed","The Gatherer","The Hierophant","Waifu the Spire","[IsaacMod]以撒尖塔","[JumpMod]舞动尖塔","noobMod","【功能Mod】混沌之环修复补丁","【功能Mod】聪明的最终Boss","【遗物卡牌】REMEMod","残留之物","篝火指南"],"gold_per_floor":[109,259,101,116,232,546,31,60,78,78,78,78,113,113,146,56,119,119,119,137,157,167,186,462,462,6,38,48,48,48,82,18,129,114,330,529,529,250,87,162,162,174,236,246,325,131,25,66,136,217,252,225,16,45,74,8,77,77,77,77,3133,3888,4299,4325,4325],"floor_reached":64,"language":"ZHS","playtime":10906,"items_purged":["Doubt","MostiFishMod:InterfaceCompatibility","MostiFishMod:DawningShadow+1","MostiFishMod:TalkingToTheRain"],"score":3319,"play_id":"7e624871-8a8b-4904-a6ec-628038cd8335","local_time":"20210128040527","is_ascension_mode":true,"campfire_choices":[{"floor":14.0,"key":"RECALL"},{"data":"FIFO Queue","floor":18.0,"key":"SMITH"},{"data":"MostiFishMod:Kaleido","floor":19.0,"key":"SMITH"}],"circlet_count":0,"master_deck":["AscendersBane","MostiFishMod:Kaleido+1","FIFO Queue+1","REME_DataAnalysis","Ball Lightning","MostiFishMod:GatherIntelligence","REME_SelfUpgrade","Conserve Battery","MostiFishMod:ATRI+1","BasicCrystalCard","Crystallizer","ReplayTheSpireMod:Dual Polarity+1","Decay","ReplayTheSpireMod:Reroute Power+1","Multi-Cast+1","Cancel+1","MostiFishMod:StrandedSiren","MostiFishMod:StarOceanB","REME_DataAnalysis+1","Seek","Amplify","Creative AI+1","ReplayRNGCard","ElectricPowerLearning","MostiFishMod:SeaWaves","Rainbow","REME_BuildACard","Cold Snap","Steam Power","Heatsinks","BasicCrystalCard","MostiFishMod:Distribution+1","Turbo+1","BasicCrystalCard+1","MostiFishMod:Distribution","BasicCrystalCard","BasicCrystalCard","Go for the Eyes+1","Fan","Mirror Shield","White Noise+1","Steam Power+1","Redo+1","Darkness","REME_PuzzleBox","Gash+1"],"relics":["HushsDoor","HowToJump","ice","Void","Medical Kit","SynthV:TestCard","Baka","LetterFromLob","Simple Rune","hexamod:Sixitude","Bronze Scales","bronze:DecasWashers","FossilizedHelix","HonorFeather","PlanX","Pondfish Scales","conspire:Boomerang","RedMistMask","Bag of Marbles","DianPoetry","champ:DeflectingBracers","BloodDonationBag","MerchantsRug","DianDianMeat","bronze:DonusWashers","champ:DuelingGlove","SynthV:C4","Durian","Centennial Puzzle","Replay:Bottled Steam","Unceasing Top","GodSword6","BookOfRevelations","DemoMod:PartiallyEatenCheese","Chi","Ling","Chi","Ling","Snecko Eye","Geode","Ice Cream","sneckomod:BlankCard","Slimebound:StickyStick","DemoMod:GreenGuonStone","Juzu Bracelet","Chemical X","Prayer Wheel","DemoMod:GundromedaStrain","DataDisk","DemoMod:MeltedRock","PreservedInsect","Replay:Arrowhead","Runic Capacitor","Frozen Eye","Garlic","Lantern","Replay:Frozen Program","MoneyPower","GodSword3","Calipers","BirthdayGift-Tetrahedron","DiscerningMonocle","Chameleon Ring","ReplayFunnel","Iron Hammer","Boot","SteamSale","Guide Book","DemoMod:MemoryAlloy","MagicDraw4","DemoMod:ResourcefulSack","Civilization","DemoMod:OrangeGuonStone","Akabeko","Du-Vu Doll","Technique","REME_HourglassOfDeath"],"acts_visited":["Exordium","TheBeyond","TheEnding"],"potions_floor_usage":[],"damage_taken":[{"damage":0.0,"enemies":"Small Slimes","floor":1.0,"turns":3.0},{"damage":179.0,"enemies":"Jaw Worm","floor":4.0,"turns":12.0},{"damage":0.0,"enemies":"Cultist","floor":5.0,"turns":4.0},{"damage":0.0,"enemies":"Looter","floor":6.0,"turns":3.0},{"damage":0.0,"enemies":"Lagavulin","floor":8.0,"turns":3.0},{"damage":27.0,"enemies":"Exordium Wildlife","floor":9.0,"turns":3.0},{"damage":0.0,"enemies":"Gremlin Nob","floor":10.0,"turns":3.0},{"damage":143.0,"enemies":"Gremlin Nob","floor":13.0,"turns":7.0},{"damage":103.0,"enemies":"Lagavulin","floor":15.0,"turns":7.0},{"damage":22.0,"enemies":"3 Sentries","floor":17.0,"turns":7.0},{"damage":29.0,"enemies":"conspire:FuzzyDice","floor":18.0,"turns":4.0},{"damage":76.0,"enemies":"2 Thieves","floor":19.0,"turns":4.0},{"damage":25.0,"enemies":"conspire:HollyBat","floor":20.0,"turns":8.0},{"damage":20.0,"enemies":"Snecko","floor":21.0,"turns":3.0},{"damage":0.0,"enemies":"Replay:Snechameleon","floor":25.0,"turns":4.0},{"damage":21.0,"enemies":"Snake Plant","floor":26.0,"turns":3.0},{"damage":28.0,"enemies":"Slavers","floor":29.0,"turns":4.0},{"damage":50.0,"enemies":"Replay:Snechameleon","floor":31.0,"turns":3.0},{"damage":20.0,"enemies":"Centurion and Healer","floor":32.0,"turns":4.0},{"damage":0.0,"enemies":"conspire:SneckoGhost","floor":33.0,"turns":3.0},{"damage":3.0,"enemies":"Snecko","floor":34.0,"turns":6.0},{"damage":37.0,"enemies":"Champ","floor":38.0,"turns":5.0},{"damage":0,"enemies":"3 Darklings","floor":40,"turns":1},{"damage":6,"enemies":"Orb Walker","floor":42,"turns":2},{"damage":10,"enemies":"R_Hoarder","floor":46,"turns":2},{"damage":10,"enemies":"Nemesis","floor":49,"turns":3},{"damage":2,"enemies":"Writhing Mass","floor":52,"turns":1},{"damage":18,"enemies":"Transient","floor":53,"turns":4},{"damage":7,"enemies":"Donu and Deca","floor":56,"turns":11},{"damage":15,"enemies":"Awakened One","floor":57,"turns":36},{"damage":0,"enemies":"Shield and Spear","floor":62,"turns":1},{"damage":7,"enemies":"The Heart","floor":63,"turns":2}],"seed_played":"3437796196742531170","potions_obtained":[{"floor":5.0,"key":"Venom Potion"},{"floor":6.0,"key":"REME_GoldPotion"},{"floor":8.0,"key":"PotionOfCapacity"},{"floor":15.0,"key":"LiquidMemories"},{"floor":25.0,"key":"LifebloodPotion"},{"floor":26.0,"key":"FairyPotion"},{"floor":31.0,"key":"Dexterity Potion"},{"floor":33.0,"key":"Guardian:BlockOnCardUsePotion"},{"floor":34.0,"key":"FocusPotion"}],"is_trial":false,"path_per_floor":["M","?","$","M","M","M","R","E","M","E","?","T","E","R","E","$","?","R","R","M","M","M","M","?","?","R","E","M","T","T","E","R","E","M","E","M","?","R","R","B",null,"M","?","M","?","$","R","E","T","T","E","R","$","M","M","R","R","B","B",null,null,"R","$","E","B",null],"character_chosen":"DEFECT","items_purchased":["Simple Rune","Strawberry","Orichalcum","DemoMod:GnawedKey","Bronze Scales","conspire:SharedLibrary","MerchantsRug","DianDianMeat","bronze:DonusWashers","DemoMod:WeirdEgg","ReplayTheSpireMod:Reroute Power","DemoMod:JetPack","conspire:TreasureMap","GodSword6","SumBook","ChiLing","Replay:PocketPolymizer","REME_BuildACard","Matryoshka","Molten Egg 2","Geode","Ice Cream","Lee\u0027s Waffle","CeramicFish","sneckomod:BlankCard","DollysMirror","Slimebound:StickyStick","DemoMod:GreenGuonStone","Juzu Bracelet","Chemical X","Runic Capacitor","Frozen Eye","Garlic","Lantern","Replay:Frozen Program","GodSword3","Calipers","BirthdayGift-Tetrahedron","DiscerningMonocle","Chameleon Ring","ReplayFunnel","Iron Hammer","Boot","Orrery","SteamSale","Guide Book","DemoMod:MemoryAlloy","MagicDraw4","DemoMod:ResourcefulSack","Civilization","DemoMod:OrangeGuonStone","Akabeko","Du-Vu Doll","Technique","REME_PuzzleBox"],"campfire_rested":0,"item_purchase_floors":[3,7,7,7,7,16,24,24,24,24,24,30,30,30,36,37,37,37,37,44,44,44,44,44,45,45,45,45,45,45,50,51,51,51,51,54,54,54,55,55,55,55,55,55,60,60,60,60,60,61,61,61,61,61,61],"current_hp_per_floor":[64,64,64,17,29,29,36,36,9,122,117,117,71,129,28,28,6,143,143,114,38,143,94,40,40,5,169,156,156,156,132,86,39,46,53,58,58,298,50,60,263,281,266,279,199,359,227,241,241,241,256,477,376,427,466,151,449,442,427,427,213,532,464,512,518],"gold":4325,"neow_bonus":"BOSS_RELIC","is_daily":false,"chose_seed":false,"campfire_upgraded":2,"win_rate":0.0,"timestamp":1611777927,"path_taken":["M","?","$","M","?","M","R","E","M","E","?","T","E","R","E","$","?","R","R","M","M","M","M","?","?","R","E","M","T","T","E","R","E","M","E","M","?","R","R","BOSS","M","?","?","?","?","R","E","?","T","E","R","?","M","M","R","R","BOSS","BOSS","R","$","E","BOSS"],"items_purchased_type":["Relic","Relic","Relic","Relic","Relic","Card","Relic","Relic","Relic","Relic","Card","Relic","Relic","Relic","Relic","Relic","Relic","Card","Relic","Relic","Relic","Relic","Relic","Relic","Relic","Relic","Relic","Relic","Relic","Relic","Relic","Relic","Relic","Card","Relic","Relic","Relic","Relic","Relic","Relic","Relic","Relic","Relic","Relic","Relic","Relic","Relic","Relic","Relic","Relic","Relic","Relic","Relic","Relic","Card"],"build_version":"2020-12-22","purchased_purges":4,"victory":true,"max_hp_per_floor":[71,71,71,93,108,109,116,117,118,122,122,122,129,129,143,143,143,143,143,143,143,145,164,164,164,165,176,184,184,184,188,188,193,199,206,214,214,298,314,331,331,349,349,368,409,416,461,485,485,485,510,510,510,563,620,650,815,815,815,815,815,851,888,928,931],"relic_stats":{"Centennial Puzzle":[24],"counters":[32,166],"Bronze Scales":[599],"Snecko Eye":[187,180,173,176],"Prayer Wheel":2,"PreservedInsect":0,"Juzu Bracelet":0,"Chemical X":[74],"Medical Kit":[46],"Boot":[12],"obtain_stats":[{"MagicDraw4":60,"Boot":55,"Old Coin":6,"DemoMod:MeltedRock":47,"Diplopia":34,"Replay:Wax Seal":43,"Replay:Bottled Steam":28,"KeepersGift":0,"DianDianMeat":24,"MerchantsRug":24,"conspire:TreasureMap":30,"PunchingBag":15,"DemoMod:OrangeGuonStone":61,"MoneyPower":53,"SteamSale":60,"Akabeko":61,"Ling":37,"DemoMod:GundromedaStrain":46,"Snecko Eye":39,"DemoMod:ResourcefulSack":60,"Technique":61,"HushsDoor":0,"Unceasing Top":29,"BloodDonationMachine":21,"ChiLing":37,"GuppysTail":29,"Lantern":51,"DaveBox":0,"DianPoetry":19,"sneckomod:BlankCard":45,"Blue Doll":47,"Replay:Multitool":42,"SynthV:C4":25,"conspire:InfiniteJournal":18,"Civilization":61,"Matryoshka":37,"WingedGreaves":32,"DemoMod:GnawedKey":7,"Chemical X":45,"BirthdayGift-Tetrahedron":54,"Potion Belt":33,"Lee\u0027s Waffle":44,"bronze:DecasWashers":8,"DemoMod:WeirdEgg":24,"DemoMod:PartiallyEatenCheese":31,"champ:DeflectingBracers":20,"PreservedInsect":48,"Geode":44,"Replay:Arrowhead":49,"BloodDonationBag":22,"Orrery":55,"Durian":26,"Garlic":51,"REME_ComplimentaryCards":0,"Ice Cream":44,"DemoMod:GreenGuonStone":45,"champ:DuelingGlove":25,"HonorFeather":10,"Calipers":54,"Chi":37,"CeramicFish":44,"DemoMod:GlassGuonStoneRelic":5,"ice":0,"Runic Capacitor":50,"Centennial Puzzle":27,"Replay:Frozen Program":51,"DemoMod:Metronome":13,"DollysMirror":45,"Strawberry":7,"Prayer Wheel":46,"Iron Hammer":55,"Void":0,"DemoMod:Orange":5,"BookOfRevelations":31,"conspire:Boomerang":15,"Du-Vu Doll":61,"REME_HourglassOfDeath":62,"Bronze Scales":7,"ForgetMeNow":8,"PlanX":11,"Simple Rune":3,"Molten Egg 2":44,"GodSword6":30,"GodSword3":54,"ReplayFunnel":55,"Replay:PocketPolymizer":37,"DiscerningMonocle":55,"Juzu Bracelet":45,"Empty Cage":0,"Frozen Eye":51,"Chameleon Ring":55,"Slimebound:StickyStick":45,"Cracked Core":0,"DemoMod:JetPack":30,"SumBook":36,"bronze:DonusWashers":24,"HowToJump":0,"DemoMod:MemoryAlloy":60,"Guide Book":60,"hexamod:Sixitude":4,"Baka":1,"Orichalcum":7,"Medical Kit":0,"Pondfish Scales":13,"DataDisk":46,"SynthV:TestCard":1,"RedMistMask":4,"LetterFromLob":1,"Bag of Marbles":17,"DemoMod:RingOfEthereal":54,"FossilizedHelix":9},{"MagicDraw4":30,"Boot":28,"Old Coin":4,"DemoMod:MeltedRock":25,"Diplopia":21,"Replay:Wax Seal":24,"Replay:Bottled Steam":16,"KeepersGift":0,"DianDianMeat":14,"MerchantsRug":14,"conspire:TreasureMap":17,"PunchingBag":9,"DemoMod:OrangeGuonStone":30,"MoneyPower":28,"SteamSale":30,"Akabeko":30,"Ling":21,"DemoMod:GundromedaStrain":25,"Snecko Eye":22,"DemoMod:ResourcefulSack":30,"Technique":30,"HushsDoor":0,"Unceasing Top":17,"BloodDonationMachine":14,"ChiLing":21,"GuppysTail":17,"Lantern":26,"DaveBox":0,"DianPoetry":12,"sneckomod:BlankCard":24,"Blue Doll":25,"Replay:Multitool":24,"SynthV:C4":15,"conspire:InfiniteJournal":11,"Civilization":30,"Matryoshka":21,"WingedGreaves":19,"DemoMod:GnawedKey":4,"Chemical X":24,"BirthdayGift-Tetrahedron":28,"Potion Belt":20,"Lee\u0027s Waffle":24,"bronze:DecasWashers":5,"DemoMod:WeirdEgg":14,"DemoMod:PartiallyEatenCheese":18,"champ:DeflectingBracers":13,"PreservedInsect":25,"Geode":24,"Replay:Arrowhead":26,"BloodDonationBag":14,"Orrery":28,"Durian":16,"Garlic":26,"REME_ComplimentaryCards":0,"Ice Cream":24,"DemoMod:GreenGuonStone":24,"champ:DuelingGlove":15,"HonorFeather":7,"Calipers":28,"Chi":21,"CeramicFish":24,"DemoMod:GlassGuonStoneRelic":3,"ice":0,"Runic Capacitor":26,"Centennial Puzzle":16,"Replay:Frozen Program":26,"DemoMod:Metronome":8,"DollysMirror":24,"Strawberry":4,"Prayer Wheel":25,"Iron Hammer":28,"Void":0,"DemoMod:Orange":3,"BookOfRevelations":18,"conspire:Boomerang":9,"Du-Vu Doll":30,"REME_HourglassOfDeath":31,"Bronze Scales":4,"ForgetMeNow":5,"PlanX":7,"Simple Rune":1,"Molten Egg 2":24,"GodSword6":17,"GodSword3":28,"ReplayFunnel":28,"Replay:PocketPolymizer":21,"DiscerningMonocle":28,"Juzu Bracelet":24,"Empty Cage":0,"Frozen Eye":26,"Chameleon Ring":28,"Slimebound:StickyStick":24,"Cracked Core":0,"DemoMod:JetPack":17,"SumBook":21,"bronze:DonusWashers":14,"HowToJump":0,"DemoMod:MemoryAlloy":30,"Guide Book":30,"hexamod:Sixitude":2,"Baka":1,"Orichalcum":4,"Medical Kit":0,"Pondfish Scales":8,"DataDisk":25,"SynthV:TestCard":1,"RedMistMask":2,"LetterFromLob":1,"Bag of Marbles":9,"DemoMod:RingOfEthereal":28,"FossilizedHelix":6},{"MagicDraw4":163,"Boot":116,"Old Coin":22,"DemoMod:MeltedRock":108,"Diplopia":98,"Replay:Wax Seal":106,"Replay:Bottled Steam":78,"KeepersGift":0,"DianDianMeat":71,"MerchantsRug":71,"conspire:TreasureMap":82,"PunchingBag":45,"DemoMod:OrangeGuonStone":163,"MoneyPower":116,"SteamSale":163,"Akabeko":163,"Ling":98,"DemoMod:GundromedaStrain":108,"Snecko Eye":103,"DemoMod:ResourcefulSack":163,"Technique":163,"HushsDoor":0,"Unceasing Top":82,"BloodDonationMachine":71,"ChiLing":98,"GuppysTail":82,"Lantern":111,"DaveBox":0,"DianPoetry":60,"sneckomod:BlankCard":106,"Blue Doll":108,"Replay:Multitool":106,"SynthV:C4":75,"conspire:InfiniteJournal":56,"Civilization":163,"Matryoshka":98,"WingedGreaves":89,"DemoMod:GnawedKey":22,"Chemical X":106,"BirthdayGift-Tetrahedron":116,"Potion Belt":92,"Lee\u0027s Waffle":106,"bronze:DecasWashers":25,"DemoMod:WeirdEgg":71,"DemoMod:PartiallyEatenCheese":85,"champ:DeflectingBracers":68,"PreservedInsect":108,"Geode":106,"Replay:Arrowhead":111,"BloodDonationBag":71,"Orrery":116,"Durian":78,"Garlic":111,"REME_ComplimentaryCards":0,"Ice Cream":106,"DemoMod:GreenGuonStone":106,"champ:DuelingGlove":75,"HonorFeather":31,"Calipers":116,"Chi":98,"CeramicFish":106,"DemoMod:GlassGuonStoneRelic":19,"ice":0,"Runic Capacitor":111,"Centennial Puzzle":78,"Replay:Frozen Program":111,"DemoMod:Metronome":38,"DollysMirror":106,"Strawberry":22,"Prayer Wheel":107,"Iron Hammer":116,"Void":0,"DemoMod:Orange":19,"BookOfRevelations":85,"conspire:Boomerang":45,"Du-Vu Doll":163,"REME_HourglassOfDeath":164,"Bronze Scales":22,"ForgetMeNow":25,"PlanX":31,"Simple Rune":3,"Molten Egg 2":106,"GodSword6":82,"GodSword3":116,"ReplayFunnel":116,"Replay:PocketPolymizer":98,"DiscerningMonocle":116,"Juzu Bracelet":106,"Empty Cage":0,"Frozen Eye":111,"Chameleon Ring":116,"Slimebound:StickyStick":106,"Cracked Core":0,"DemoMod:JetPack":82,"SumBook":98,"bronze:DonusWashers":71,"HowToJump":0,"DemoMod:MemoryAlloy":163,"Guide Book":163,"hexamod:Sixitude":15,"Baka":3,"Orichalcum":22,"Medical Kit":0,"Pondfish Scales":38,"DataDisk":108,"SynthV:TestCard":3,"RedMistMask":15,"LetterFromLob":3,"Bag of Marbles":45,"DemoMod:RingOfEthereal":116,"FossilizedHelix":28}],"Unceasing Top":[9]},"card_choices":[{"not_picked":[],"picked":"ChaosCard","floor":0.0},{"not_picked":["Streamline","Loop"],"picked":"FIFO Queue","floor":1.0},{"not_picked":["Panic Button","Fan","BasicCrystalCard","Buffer"],"picked":"REME_DataAnalysis","floor":4.0},{"not_picked":["Gash","Cancel","Barrage","FIFO Queue"],"picked":"Ball Lightning","floor":5.0},{"not_picked":["Storm","Panic Button","Doom and Gloom","Auto Shields"],"picked":"MostiFishMod:GatherIntelligence","floor":6.0},{"not_picked":["REME_Whirling","Streamline","Ball Lightning","Rebound"],"picked":"REME_SelfUpgrade","floor":8.0},{"not_picked":["Ball Lightning","Turbo","Gash","Barrage","Go for the Eyes"],"picked":"Conserve Battery","floor":9.0},{"not_picked":["Scrape","Reinforced Body","Hologram","Steam Power","Tempest"],"picked":"Reboot","floor":13.0},{"not_picked":["Cold Snap","BootSequence","Gash","Double Energy","Chill"],"picked":"MostiFishMod:ATRI","floor":15.0},{"not_picked":["Rebound","Ball Lightning","Lockon","ReplayGash","Hologram"],"picked":"MostiFishMod:InterfaceCompatibility","floor":17.0},{"not_picked":["Coolheaded+1","Rip and Tear+1","MostiFishMod:FluxCapactior","Ball Lightning","ReplayTheSpireMod:GoodbyeWorld"],"picked":"BasicCrystalCard","floor":18.0},{"not_picked":["Steam+1","Hologram","Capacitor+1","Genetic Algorithm","BasicCrystalCard"],"picked":"Defragment","floor":19.0},{"not_picked":["Turbo","Biased Cognition","conspire:SharedLibrary","FTL","Steam"],"picked":"Crystallizer","floor":20.0},{"not_picked":["Rebound","Consume","Auto Shields","Streamline"],"picked":"ReplayTheSpireMod:Dual Polarity+1","floor":21.0},{"not_picked":["Stack","Recycle","Beam Cell","Force Field","Compile Driver"],"picked":"Multi-Cast","floor":25.0},{"not_picked":["ReplayTheSpireMod:GoodbyeWorld+1","Storm","conspire:Rain","Recycle+1"],"picked":"Cancel+1","floor":26.0},{"not_picked":["Chaos","Conserve Battery","Streamline","Compile Driver","Cold Snap"],"picked":"MostiFishMod:StrandedSiren","floor":29.0},{"not_picked":["Hello World","Steam","Genetic Algorithm+1","Go for the Eyes","Cold Snap"],"picked":"MostiFishMod:StarOceanB","floor":31.0},{"not_picked":["Streamline","Blizzard","Turbo","Rip and Tear","Rebound"],"picked":"REME_DataAnalysis+1","floor":32.0},{"not_picked":["BasicCrystalCard","All For One","Gash+1","Pulse","Go for the Eyes"],"picked":"Seek","floor":33.0},{"not_picked":["Conserve Battery","Panic Button","BasicCrystalCard","Beam Cell","Steam"],"picked":"Amplify","floor":34.0},{"not_picked":["Biased Cognition","MostiFishMod:GoodWordForIt","Electrodynamics","Seek"],"picked":"ReplayTheSpireMod:Fabricate Wheel","floor":38.0},{"not_picked":["FTL","Compile Driver","Ball Lightning","Panic Button"],"picked":"Cold Snap","floor":40},{"not_picked":["Turbo","MostiFishMod:LinkProtocol+1","Rebound","Sunder","Panic Button"],"picked":"Steam Power","floor":42},{"not_picked":["Turbo+1","Go for the Eyes","Fan+1","Steam"],"picked":"Heatsinks","floor":43},{"not_picked":["Hyperbeam","Sweeping Beam","ReplayTheSpireMod:Repulse","Beam Cell"],"picked":"BasicCrystalCard","floor":43},{"not_picked":["BasicCrystalCard","Skim","Reinforced Body","ReplayGash+1","Genetic Algorithm"],"picked":"MostiFishMod:TalkingToTheRain","floor":46},{"not_picked":["Beam Cell+1","Go for the Eyes+1","Sweeping Beam+1","Conserve Battery"],"picked":"Turbo+1","floor":49},{"not_picked":["Hologram","Gash+1","Compile Driver+1","Redo"],"picked":"BasicCrystalCard+1","floor":52},{"not_picked":["Coolheaded","Rebound+1","Aggregate","Compile Driver+1"],"picked":"MostiFishMod:Distribution","floor":52},{"not_picked":["Conserve Battery","Compile Driver+1","Static Discharge","Scrape+1"],"picked":"BasicCrystalCard","floor":53},{"not_picked":["Cold Snap+1","conspire:SharedLibrary+1","MostiFishMod:PushDownKick+1","Barrage+1"],"picked":"BasicCrystalCard","floor":53},{"not_picked":["Glacier+1","REME_Whirling+1","Ball Lightning+1","Coolheaded"],"picked":"Mirror Shield","floor":55},{"not_picked":["FIFO Queue","Skim+1","Hologram","Stack"],"picked":"White Noise+1","floor":55},{"not_picked":["Lockon+1","MostiFishMod:PushDownKick+1","Rip and Tear+1","Sweeping Beam+1"],"picked":"Steam Power+1","floor":55},{"not_picked":["ReplayGash+1","Steam","Streamline+1","Capacitor"],"picked":"Redo+1","floor":55},{"not_picked":["Compile Driver+1","ReplayTheSpireMod:System Scan","Aggregate","Reboot"],"picked":"Gash+1","floor":62}],"player_experience":109504,"relics_obtained":[{"floor":1.0,"key":"SynthV:TestCard"},{"floor":1.0,"key":"Baka"},{"floor":1.0,"key":"LetterFromLob"},{"floor":4.0,"key":"hexamod:Sixitude"},{"floor":4.0,"key":"RedMistMask"},{"floor":5.0,"key":"DemoMod:Orange"},{"floor":6.0,"key":"Old Coin"},{"floor":8.0,"key":"bronze:DecasWashers"},{"floor":8.0,"key":"ForgetMeNow"},{"floor":9.0,"key":"FossilizedHelix"},{"floor":13.0,"key":"Pondfish Scales"},{"floor":13.0,"key":"DemoMod:Metronome"},{"floor":15.0,"key":"conspire:Boomerang"},{"floor":15.0,"key":"PunchingBag"},{"floor":15.0,"key":"RedMistMask"},{"floor":18.0,"key":"conspire:InfiniteJournal"},{"floor":19.0,"key":"DianPoetry"},{"floor":20.0,"key":"champ:DeflectingBracers"},{"floor":21.0,"key":"BloodDonationMachine"},{"floor":25.0,"key":"champ:DuelingGlove"},{"floor":25.0,"key":"SynthV:C4"},{"floor":26.0,"key":"Durian"},{"floor":27.0,"key":"Centennial Puzzle"},{"floor":28.0,"key":"Replay:Bottled Steam"},{"floor":29.0,"key":"Unceasing Top"},{"floor":29.0,"key":"GuppysTail"},{"floor":31.0,"key":"BookOfRevelations"},{"floor":31.0,"key":"DemoMod:PartiallyEatenCheese"},{"floor":32.0,"key":"WingedGreaves"},{"floor":33.0,"key":"Potion Belt"},{"floor":34.0,"key":"Diplopia"},{"floor":42,"key":"Replay:Multitool"},{"floor":43,"key":"Replay:Wax Seal"},{"floor":46,"key":"DemoMod:GundromedaStrain"},{"floor":46,"key":"DataDisk"},{"floor":47,"key":"Blue Doll"},{"floor":47,"key":"DemoMod:MeltedRock"},{"floor":48,"key":"PreservedInsect"},{"floor":49,"key":"Replay:Arrowhead"},{"floor":53,"key":"MoneyPower"},{"floor":62,"key":"REME_HourglassOfDeath"}],"event_choices":[{"damage_healed":0.0,"max_hp_gain":0.0,"max_hp_loss":0.0,"gold_gain":150.0,"event_name":"Liars Game","player_choice":"AGREE","floor":2.0,"gold_loss":0.0,"damage_taken":0.0,"cards_obtained":["Doubt"]},{"damage_healed":0.0,"max_hp_gain":0.0,"max_hp_loss":0.0,"gold_gain":0.0,"event_name":"Scrap Ooze","player_choice":"Success","floor":11.0,"gold_loss":0.0,"damage_taken":5.0,"relics_obtained":["PlanX"]},{"damage_healed":0.0,"max_hp_gain":0.0,"max_hp_loss":0.0,"gold_gain":30.0,"event_name":"Dead Adventurer","player_choice":"Searched \u00273\u0027 times","floor":17.0,"gold_loss":0.0,"damage_taken":0.0,"relics_obtained":["Bag of Marbles"]},{"damage_healed":0.0,"max_hp_gain":0.0,"max_hp_loss":0.0,"gold_gain":0.0,"event_name":"Ghosts","player_choice":"Ignored","floor":22.0,"gold_loss":0.0,"damage_taken":0.0},{"damage_healed":0.0,"max_hp_gain":0.0,"max_hp_loss":0.0,"gold_gain":0.0,"event_name":"Forgotten Altar","player_choice":"Smashed Altar","floor":23.0,"gold_loss":0.0,"damage_taken":0.0,"cards_obtained":["Decay"]},{"damage_healed":0.0,"max_hp_gain":0.0,"max_hp_loss":0.0,"gold_gain":0.0,"event_name":"Vampires","player_choice":"Ignored","floor":35.0,"gold_loss":0.0,"damage_taken":0.0}],"is_beta":false,"boss_relics":[{"not_picked":["Cursed Key","conspire:RoyalGoblet"],"picked":"Snecko Eye"},{"not_picked":[]}],"items_purged_floors":[24,54,55,55],"is_endless":false,"potions_floor_spawned":[5,6,8,10,15,19,25,26,31,33,34,40,42,52,62],"ascension_level":20}}