{"host":"vrsxkkch9ccrec7k","time":1611717502,"event":{"mods":["Act Like it!","BaseMod","Bestiary","Better Altar","Better Match","Better Note","Better Sensory Stone","Better Skull","Better Third Choice","Better Vampires","Downfall","Minty Spire (QoL Compilation)","Permanent Neow","Relic Stats","Spicy Shops","StSLib"],"gold_per_floor":[0,19,34,34,34,34,34,34,51,63,76,106,6,6,23,120,120,120,132,232,246,264,1,1,1,62,82,96,161,179,195,206,310,310,310,324,324,324,324],"floor_reached":37,"language":"ENG","playtime":3644,"items_purged":["bronze:Strike"],"score":550,"play_id":"c9781bff-cdcc-4845-ba07-05b6ef0757df","local_time":"20210126221822","is_ascension_mode":true,"campfire_choices":[{"data":"bronze:Replicate","floor":1,"key":"SMITH"},{"floor":8,"key":"REST"},{"floor":13,"key":"REST"},{"data":"bronze:ItsAFeature","floor":18,"key":"SMITH"},{"floor":25,"key":"REST"},{"data":"bronze:Assembly","floor":35,"key":"SMITH"}],"circlet_count":0,"master_deck":["bronze:Strike","bronze:Strike","bronze:Defend","bronze:Defend","bronze:Defend","bronze:Defend","bronze:Replicate+1","bronze:Goto","Master of Strategy","bronze:CutThrough","bronze:ItsAFeature+1","bronze:DazingPulse","bronze:Explode","bronze:Flail","DeusExMachina","bronze:Shell","bronze:BugBarrage","bronze:MaxOutput+1","bronze:BronzeArmor","bronze:Assembly+1","bronze:WhirlingStrike","bronze:Turbo","bronze:BugBarrage","bronze:Frontload","bronze:ShipIt","bronze:Optimize+1","bronze:Iterate","bronze:BronzeArmor","bronze:Return+1","bronze:Shell","bronze:BuggyMess+1","bronze:Shell","bronze:BuggyMess+1"],"relics":["bronze:BronzeCore","Art of War","Frozen Egg 2","downfall:HeartBlessingGreen","Mummified Hand","sneckomod:SneckoTalon","downfall:CloakOfManyFaces","CultistMask","FaceOfCleric","NlothsMask","GremlinMask","SsserpentHead","Membership Card","Gremlin Horn","SlaversCollar"],"acts_visited":["Exordium","TheCity","TheBeyond"],"potions_floor_usage":[5,12,12,12,16,16,21,22,32,33,33],"damage_taken":[{"damage":5,"enemies":"Small Slimes","floor":2,"turns":3},{"damage":1,"enemies":"2 Louse","floor":3,"turns":2},{"damage":13,"enemies":"2 Louse","floor":5,"turns":2},{"damage":1,"enemies":"Cultist","floor":9,"turns":3},{"damage":11,"enemies":"Exordium Thugs","floor":10,"turns":5},{"damage":12,"enemies":"Lots of Slimes","floor":11,"turns":2},{"damage":4,"enemies":"3 Sentries","floor":12,"turns":4},{"damage":6,"enemies":"Large Slime","floor":15,"turns":3},{"damage":4,"enemies":"DF_ARCHETYPE_STREAMLINE","floor":16,"turns":8},{"damage":0,"enemies":"Spheric Guardian","floor":19,"turns":2},{"damage":17,"enemies":"downfall:FaceTrader","floor":20,"turns":7},{"damage":29,"enemies":"Snecko","floor":21,"turns":5},{"damage":8,"enemies":"Shelled Parasite and Fungi","floor":22,"turns":3},{"damage":0,"enemies":"downfall:FleeingMerchant","floor":23,"turns":4},{"damage":0,"enemies":"Centurion and Healer","floor":26,"turns":2},{"damage":0,"enemies":"3 Cultists","floor":27,"turns":2},{"damage":0,"enemies":"Sentry and Sphere","floor":28,"turns":3},{"damage":0,"enemies":"Centurion and Healer","floor":29,"turns":5},{"damage":6,"enemies":"Chosen and Byrds","floor":30,"turns":5},{"damage":18,"enemies":"Snake Plant","floor":31,"turns":6},{"damage":1,"enemies":"Cultist and Chosen","floor":32,"turns":5},{"damage":5,"enemies":"IC_MUSHROOM_ARCHETYPE","floor":33,"turns":7},{"damage":11,"enemies":"Orb Walker","floor":36,"turns":3},{"damage":61,"enemies":"3 Darklings","floor":37,"turns":4}],"seed_played":"-3585866308907029005","potions_obtained":[{"floor":2,"key":"AttackPotion"},{"floor":5,"key":"SteroidPotion"},{"floor":11,"key":"EntropicBrew"},{"floor":12,"key":"EssenceOfSteel"},{"floor":16,"key":"SteroidPotion"},{"floor":19,"key":"Explosive Potion"},{"floor":20,"key":"Weak Potion"},{"floor":22,"key":"CultistPotion"},{"floor":30,"key":"SpeedPotion"},{"floor":33,"key":"FearPotion"},{"floor":36,"key":"Ancient Potion"}],"is_trial":false,"path_per_floor":["R","M","M","?","?","?","T","R","M","M","M","E","R","T","M","B",null,"R","M","?","M","M","$","T","R","M","M","M","M","M","M","M","B",null,"R","M","M"],"character_chosen":"THE_AUTOMATON","items_purchased":["Membership Card","bronze:Optimize+1","Gremlin Horn"],"campfire_rested":3,"item_purchase_floors":[23,23,23],"current_hp_per_floor":[63,58,57,57,44,35,35,56,55,44,32,28,49,49,43,39,62,62,62,45,17,10,11,11,32,33,34,35,36,31,14,14,10,63,63,53,0,0,0],"gold":324,"neow_bonus":"RANDOM_COLORLESS_2","is_daily":false,"chose_seed":false,"campfire_upgraded":3,"win_rate":0.0,"timestamp":1611717502,"path_taken":["R","M","M","?","?","?","T","R","M","M","M","E","R","?","M","BOSS","R","M","?","M","M","?","T","R","?","M","M","?","M","M","M","BOSS","R","M","M"],"items_purchased_type":["Relic","Card","Relic"],"build_version":"2020-12-22","purchased_purges":1,"victory":false,"max_hp_per_floor":[70,70,70,70,70,70,70,70,70,70,70,70,70,70,70,70,70,70,70,70,71,72,73,73,73,74,75,76,77,78,79,80,81,81,81,82,82,82,82],"relic_stats":{"SsserpentHead":150,"FaceOfCleric":12,"Gremlin Horn":[11,11],"counters":[24,95],"Mummified Hand":[42],"Art of War":[2],"obtain_stats":[{"bronze:BronzeCore":0,"Gremlin Horn":23,"downfall:HeartBlessingGreen":13,"GremlinMask":20,"Frozen Egg 2":12,"sneckomod:SneckoTalon":17,"SsserpentHead":20,"SlaversCollar":34,"FaceOfCleric":20,"Mummified Hand":14,"CultistMask":20,"Art of War":7,"downfall:CloakOfManyFaces":20,"Membership Card":23,"NlothsMask":20},{"bronze:BronzeCore":0,"Gremlin Horn":14,"downfall:HeartBlessingGreen":7,"GremlinMask":11,"Frozen Egg 2":7,"sneckomod:SneckoTalon":9,"SsserpentHead":11,"SlaversCollar":22,"FaceOfCleric":11,"Mummified Hand":7,"CultistMask":11,"Art of War":3,"downfall:CloakOfManyFaces":11,"Membership Card":14,"NlothsMask":11},{"bronze:BronzeCore":0,"Gremlin Horn":53,"downfall:HeartBlessingGreen":21,"GremlinMask":41,"Frozen Egg 2":21,"sneckomod:SneckoTalon":32,"SsserpentHead":41,"SlaversCollar":88,"FaceOfCleric":41,"Mummified Hand":21,"CultistMask":41,"Art of War":7,"downfall:CloakOfManyFaces":41,"Membership Card":53,"NlothsMask":41}]},"card_choices":[{"not_picked":["Panache","Violence"],"picked":"Master of Strategy","floor":0},{"not_picked":["bronze:Deprecate","bronze:Terminator"],"picked":"bronze:CutThrough","floor":2},{"not_picked":["bronze:FineTuning","bronze:Iterate"],"picked":"bronze:ItsAFeature","floor":3},{"not_picked":[],"picked":"bronze:DazingPulse","floor":5},{"not_picked":[],"picked":"bronze:Explode","floor":5},{"not_picked":["bronze:BronzeArmor","bronze:BronzeOrb"],"picked":"bronze:Flail","floor":5},{"not_picked":["bronze:BuggyMess","bronze:Turbo"],"picked":"bronze:Shell","floor":9},{"not_picked":["bronze:BitShift","bronze:BronzeOrb","bronze:Branch"],"picked":"SKIP","floor":10},{"not_picked":["bronze:BuggyMess","bronze:ClassDefault"],"picked":"bronze:BugBarrage","floor":11},{"not_picked":["bronze:WildBeam","bronze:GetLatest"],"picked":"bronze:MaxOutput+1","floor":12},{"not_picked":["bronze:CutThrough","bronze:MaxOutput+1"],"picked":"bronze:BronzeArmor","floor":15},{"not_picked":["bronze:Library+1","bronze:SpaghettiCode"],"picked":"bronze:Assembly","floor":16},{"not_picked":["bronze:OilSpill","bronze:DelayedSlice"],"picked":"bronze:WhirlingStrike","floor":19},{"not_picked":["bronze:CutThrough","bronze:Overheat+1"],"picked":"bronze:Turbo","floor":20},{"not_picked":["bronze:ChildClass","bronze:Deprecate+1"],"picked":"bronze:BugBarrage","floor":21},{"not_picked":["bronze:Turbo","bronze:BurnOut"],"picked":"bronze:Frontload","floor":22},{"not_picked":["bronze:Flail","bronze:ChosenStrike"],"picked":"bronze:ShipIt","floor":23},{"not_picked":["bronze:WildBeam+1","bronze:Invalidate"],"picked":"bronze:Iterate","floor":26},{"not_picked":["bronze:Iterate","bronze:BitShift"],"picked":"bronze:BronzeArmor","floor":27},{"not_picked":["bronze:WhirlingStrike","bronze:WildBeam"],"picked":"bronze:Return+1","floor":28},{"not_picked":["bronze:Safeguard","bronze:Overload"],"picked":"bronze:Shell","floor":29},{"not_picked":["bronze:Constructor","bronze:RecursiveStrike"],"picked":"bronze:BuggyMess+1","floor":30},{"not_picked":["bronze:Invalidate","bronze:CloningBeam","bronze:BuggyMess"],"picked":"SKIP","floor":31},{"not_picked":["bronze:Overheat","bronze:Deprecate+1"],"picked":"bronze:Shell","floor":32},{"not_picked":["bronze:WhirlingStrike+1","bronze:BitShift+1"],"picked":"bronze:BuggyMess+1","floor":36}],"player_experience":1752215,"relics_obtained":[{"floor":7,"key":"Art of War"},{"floor":12,"key":"Frozen Egg 2"},{"floor":14,"key":"Mummified Hand"},{"floor":20,"key":"downfall:CloakOfManyFaces"}],"event_choices":[{"cards_removed":["bronze:Strike"],"damage_healed":0,"gold_gain":0,"player_choice":"Card Removal","damage_taken":0,"max_hp_gain":0,"max_hp_loss":0,"event_name":"The Cleric","floor":4,"gold_loss":0},{"damage_healed":0,"gold_gain":0,"player_choice":"Card ","damage_taken":9,"max_hp_gain":0,"max_hp_loss":0,"event_name":"betterThird:BetterScrap","floor":6,"gold_loss":0,"cards_obtained":["DeusExMachina"]}],"is_beta":false,"boss_relics":[{"not_picked":["Coffee Dripper","Sozu"],"picked":"sneckomod:SneckoTalon"},{"not_picked":["Philosopher\u0027s Stone","Tiny House"],"picked":"SlaversCollar"}],"items_purged_floors":[23],"is_endless":false,"potions_floor_spawned":[2,5,11,12,16,19,20,22,30,31,33,36],"killed_by":"3 Darklings","ascension_level":9}}