{"host":"mydft8i2zzydgggw","time":1611785753,"event":{"mods":["AchievementEnabler","BaseMod","BetterRewards","Colored Map","Colored Powertips","DeckTracker","Keyboard Shortcuts","Minty Spire (QoL Compilation)","Rare Cards Sparkle","StSLib","SuperFastMode","everything is the same but u backflip on backflip"],"gold_per_floor":[115,40,55,70,89,115,115,142,142,142,160,160,175,75,75,75,75],"floor_reached":16,"language":"KOR","playtime":347,"items_purged":["Strike_P","Strike_P"],"score":174,"play_id":"a1ab41d4-cbeb-47ef-9c75-f5ff4f76fc17","local_time":"20210128071553","is_ascension_mode":true,"campfire_choices":[{"data":"Eruption","floor":7,"key":"SMITH"},{"floor":10,"key":"REST"},{"floor":15,"key":"REST"}],"circlet_count":0,"master_deck":["AscendersBane","Strike_P","Strike_P","Defend_P","Defend_P","Defend_P","Defend_P","Eruption+1","Vigilance","Wallop","EmptyBody","MentalFortress","WheelKick"],"relics":["PureWater","Anchor","Yang","TeardropLocket","Pantograph"],"acts_visited":["Exordium"],"potions_floor_usage":[6,16],"damage_taken":[{"damage":3,"enemies":"2 Louse","floor":1,"turns":4},{"damage":0,"enemies":"Cultist","floor":3,"turns":4},{"damage":2,"enemies":"Jaw Worm","floor":4,"turns":5},{"damage":9,"enemies":"3 Louse","floor":5,"turns":5},{"damage":6,"enemies":"3 Sentries","floor":6,"turns":8},{"damage":50,"enemies":"Lagavulin","floor":8,"turns":12},{"damage":12,"enemies":"2 Fungi Beasts","floor":11,"turns":3},{"damage":0,"enemies":"Exordium Wildlife","floor":13,"turns":2},{"damage":70,"enemies":"Hexaghost","floor":16,"turns":10}],"seed_played":"5186387200177138241","potions_obtained":[{"floor":1,"key":"SteroidPotion"},{"floor":11,"key":"Weak Potion"},{"floor":13,"key":"SkillPotion"}],"is_trial":false,"path_per_floor":["M","$","M","M","M","E","R","E","T","R","M","?","M","$","R","B"],"character_chosen":"WATCHER","items_purchased":[],"campfire_rested":2,"item_purchase_floors":[],"current_hp_per_floor":[69,69,69,67,58,52,52,2,2,25,13,13,13,13,36,0,0],"gold":75,"neow_bonus":"TEN_PERCENT_HP_BONUS","is_daily":false,"chose_seed":false,"campfire_upgraded":1,"win_rate":0.0,"timestamp":1611785753,"path_taken":["M","$","M","M","M","E","R","E","T","R","M","?","M","$","R","BOSS"],"items_purchased_type":[],"build_version":"2020-12-22","purchased_purges":2,"victory":false,"max_hp_per_floor":[79,79,79,79,79,79,79,79,79,79,79,79,79,79,79,79,79],"card_choices":[{"not_picked":["Fasting2","JustLucky"],"picked":"Wallop","floor":1},{"not_picked":["FlyingSleeves","Indignation"],"picked":"EmptyBody","floor":3},{"not_picked":["Swivel","PathToVictory","Conclude"],"picked":"SKIP","floor":4},{"not_picked":["Indignation","Prostrate","FollowUp"],"picked":"SKIP","floor":5},{"not_picked":["JustLucky","ClearTheMind","SashWhip"],"picked":"SKIP","floor":6},{"not_picked":["InnerPeace","TalkToTheHand"],"picked":"MentalFortress","floor":8},{"not_picked":["PathToVictory","ForeignInfluence"],"picked":"WheelKick","floor":11},{"not_picked":["SandsOfTime","Protect","TalkToTheHand"],"picked":"SKIP","floor":13}],"player_experience":224818,"relics_obtained":[{"floor":6,"key":"Anchor"},{"floor":8,"key":"Yang"},{"floor":9,"key":"TeardropLocket"}],"event_choices":[{"damage_healed":0,"gold_gain":0,"player_choice":"Gave Potion","damage_taken":0,"relics_obtained":["Pantograph"],"max_hp_gain":0,"max_hp_loss":0,"event_name":"WeMeetAgain","floor":12,"gold_loss":0}],"is_beta":false,"boss_relics":[],"items_purged_floors":[2,14],"is_endless":false,"potions_floor_spawned":[1,11,13],"killed_by":"Hexaghost","ascension_level":11}}