{"host":"clgpak7dimivr1r3","time":1611764983,"event":{"mods":["BaseMod","Colored Map","Colored Powertips","Curses Come First","Minty Spire (QoL Compilation)","Relic Stats","Say the Spire","StSLib"],"gold_per_floor":[116,66,78,139,139,171,187,187,268,282,282,282,345,357,369,486,498,529,541,553,565,590,631,655,667,754,314,333,333,345,345,345,444,444,455,555,573,473,518,546,546,578,578,589,920,934,969,449,449,449],"floor_reached":51,"language":"ENG","playtime":3918,"items_purged":["Strike_R","Defend_R","Strike_R"],"score":1284,"play_id":"f62a8de7-2f5a-40cd-a499-1fdeca6118f8","local_time":"20210127192943","is_ascension_mode":true,"campfire_choices":[{"floor":8.0,"key":"REST"},{"floor":15.0,"key":"REST"},{"floor":25,"key":"REST"},{"data":"Whirlwind","floor":32,"key":"SMITH"},{"data":"Double Tap","floor":41,"key":"SMITH"},{"floor":49,"key":"REST"}],"circlet_count":0,"master_deck":["AscendersBane","Strike_R","Strike_R","Defend_R","Defend_R","Defend_R","Bash","Pommel Strike+1","Heavy Blade","Whirlwind+1","Perfected Strike","Thunderclap","Shockwave","Impervious","Perfected Strike","Necronomicurse","Sword Boomerang","Feed","Purity","Battle Trance+1","Double Tap+1","Perfected Strike+1","Whirlwind","Clothesline+1","Immolate"],"relics":["Velvet Choker","Juzu Bracelet","Sundial","CultistMask","MawBank","Oddly Smooth Stone","Snecko Eye","Happy Flower","MutagenicStrength","Necronomicon","Vajra","White Beast Statue","Chemical X","Gremlin Horn","Runic Pyramid","Mango","Incense Burner","Girya","Omamori","Old Coin","MealTicket","Mummified Hand","Regal Pillow"],"acts_visited":["TheBeyond"],"potions_floor_usage":[23,33,39,39,40,44,44,45,47,50],"damage_taken":[{"damage":1.0,"enemies":"Cultist","floor":1.0,"turns":3.0},{"damage":2.0,"enemies":"Jaw Worm","floor":3.0,"turns":3.0},{"damage":40.0,"enemies":"3 Sentries","floor":6.0,"turns":9.0},{"damage":0.0,"enemies":"2 Louse","floor":7.0,"turns":2.0},{"damage":11.0,"enemies":"2 Fungi Beasts","floor":10.0,"turns":3.0},{"damage":20.0,"enemies":"3 Sentries","floor":13.0,"turns":5.0},{"damage":36.0,"enemies":"The Guardian","floor":16.0,"turns":9.0},{"damage":0,"enemies":"3 Byrds","floor":18,"turns":3},{"damage":5,"enemies":"2 Thieves","floor":22,"turns":2},{"damage":20,"enemies":"Slavers","floor":23,"turns":3},{"damage":0,"enemies":"Shelled Parasite and Fungi","floor":24,"turns":2},{"damage":0,"enemies":"Snecko","floor":28,"turns":1},{"damage":6,"enemies":"Cultist and Chosen","floor":30,"turns":2},{"damage":15,"enemies":"Collector","floor":33,"turns":3},{"damage":0,"enemies":"3 Darklings","floor":35,"turns":2},{"damage":25,"enemies":"3 Shapes","floor":37,"turns":2},{"damage":18,"enemies":"2 Orb Walkers","floor":39,"turns":3},{"damage":0,"enemies":"Nemesis","floor":40,"turns":2},{"damage":0,"enemies":"Reptomancer","floor":42,"turns":2},{"damage":0,"enemies":"Transient","floor":44,"turns":5},{"damage":45,"enemies":"Giant Head","floor":45,"turns":7},{"damage":0,"enemies":"Sphere and 2 Shapes","floor":46,"turns":1},{"damage":0,"enemies":"Reptomancer","floor":47,"turns":2},{"damage":71,"enemies":"Awakened One","floor":50,"turns":7}],"seed_played":"3765614705768174026","potions_obtained":[{"floor":7.0,"key":"LiquidMemories"},{"floor":10.0,"key":"Dexterity Potion"},{"floor":18,"key":"Explosive Potion"},{"floor":28,"key":"EssenceOfSteel"},{"floor":30,"key":"BlessingOfTheForge"},{"floor":33,"key":"Weak Potion"},{"floor":35,"key":"BlessingOfTheForge"},{"floor":37,"key":"Strength Potion"},{"floor":39,"key":"ColorlessPotion"},{"floor":40,"key":"Swift Potion"},{"floor":42,"key":"ElixirPotion"},{"floor":44,"key":"ElixirPotion"},{"floor":45,"key":"Fruit Juice"},{"floor":46,"key":"Regen Potion"},{"floor":47,"key":"GamblersBrew"}],"is_trial":false,"path_per_floor":["M","?","M","?","?","E","M","R","T","M","?","?","?","?","R","B",null,"M","?","?","?","M","E","M","R","T","$","M","T","M","?","R","B",null,"M","?","M","$","?","E","R","E","T","M","E","M","E","$","R","B",null],"character_chosen":"IRONCLAD","items_purchased":["Chemical X","Feed","Purity","Mummified Hand","Regal Pillow"],"campfire_rested":4,"item_purchase_floors":[27,27,27,48,48],"current_hp_per_floor":[71,71,69,69,69,29,29,53,53,42,42,42,22,15,39,3,61,61,61,61,45,40,20,20,44,44,44,44,44,41,83,83,68,79,79,79,54,54,53,56,56,56,56,56,16,16,24,39,87,16],"gold":449,"neow_bonus":"BOSS_RELIC","is_daily":false,"chose_seed":false,"campfire_upgraded":2,"win_rate":0.0,"timestamp":1611764983,"path_taken":["M","?","M","?","?","E","M","R","T","M","?","?","?","?","R","BOSS","M","?","?","?","M","E","M","R","T","$","M","?","M","?","R","BOSS","M","?","M","$","?","E","R","E","T","M","E","M","E","$","R","BOSS"],"items_purchased_type":["Relic","Card","Card","Relic","Relic"],"build_version":"2020-12-22","purchased_purges":3,"victory":true,"max_hp_per_floor":[80,80,80,80,80,80,80,80,80,80,80,80,80,80,80,80,80,80,80,80,80,80,80,80,80,80,80,80,80,83,83,83,83,83,83,83,83,83,100,103,103,103,103,103,108,108,111,111,111,111],"relic_stats":{"Regal Pillow":15,"Happy Flower":[15],"Gremlin Horn":[10,13],"counters":[17,49],"Juzu Bracelet":3,"MawBank":120,"Sundial":[2],"Mummified Hand":[0],"Snecko Eye":[61,70,69,60],"MealTicket":15,"Necronomicon":[41],"Chemical X":[30],"obtain_stats":[{"Girya":42,"Regal Pillow":48,"Happy Flower":19,"Gremlin Horn":29,"Velvet Choker":0,"Oddly Smooth Stone":0,"Vajra":23,"Mango":39,"Juzu Bracelet":0,"Incense Burner":40,"Omamori":43,"MawBank":0,"White Beast Statue":26,"Old Coin":45,"Sundial":0,"Mummified Hand":48,"MutagenicStrength":20,"Snecko Eye":0,"MealTicket":47,"CultistMask":0,"Necronomicon":21,"Chemical X":27,"Runic Pyramid":34},{"Girya":12,"Regal Pillow":16,"Happy Flower":1,"Gremlin Horn":5,"Velvet Choker":0,"Oddly Smooth Stone":0,"Vajra":3,"Mango":10,"Juzu Bracelet":0,"Incense Burner":11,"Omamori":12,"MawBank":0,"White Beast Statue":4,"Old Coin":14,"Sundial":0,"Mummified Hand":16,"MutagenicStrength":1,"Snecko Eye":0,"MealTicket":16,"CultistMask":0,"Necronomicon":1,"Chemical X":4,"Runic Pyramid":7},{"Girya":27,"Regal Pillow":42,"Happy Flower":3,"Gremlin Horn":11,"Velvet Choker":0,"Oddly Smooth Stone":0,"Vajra":8,"Mango":23,"Juzu Bracelet":0,"Incense Burner":25,"Omamori":27,"MawBank":0,"White Beast Statue":10,"Old Coin":39,"Sundial":0,"Mummified Hand":42,"MutagenicStrength":3,"Snecko Eye":0,"MealTicket":42,"CultistMask":0,"Necronomicon":3,"Chemical X":10,"Runic Pyramid":16}]},"card_choices":[{"not_picked":["Clothesline","True Grit"],"picked":"Pommel Strike","floor":1.0},{"not_picked":["Armaments","Rampage"],"picked":"Heavy Blade","floor":3.0},{"not_picked":["Iron Wave","Berserk"],"picked":"Whirlwind","floor":6.0},{"not_picked":["Anger","Twin Strike"],"picked":"Perfected Strike","floor":7.0},{"not_picked":["Twin Strike","Warcry"],"picked":"Thunderclap","floor":10.0},{"not_picked":["Clash","Armaments"],"picked":"Shockwave","floor":13.0},{"not_picked":["Brutality","Exhume"],"picked":"Impervious","floor":16.0},{"not_picked":["Anger","Infernal Blade"],"picked":"Perfected Strike","floor":18},{"not_picked":["Heavy Blade","Body Slam","Flame Barrier"],"picked":"SKIP","floor":22},{"not_picked":["Flex","Hemokinesis"],"picked":"Sword Boomerang","floor":23},{"not_picked":["Sentinel","Rupture+1","Shockwave"],"picked":"SKIP","floor":24},{"not_picked":["Body Slam+1","Impervious"],"picked":"Battle Trance+1","floor":28},{"not_picked":["Body Slam","Iron Wave+1","Rage"],"picked":"SKIP","floor":30},{"not_picked":["Brutality","Juggernaut"],"picked":"Double Tap","floor":33},{"not_picked":["Bloodletting+1","True Grit+1","Warcry+1"],"picked":"SKIP","floor":35},{"not_picked":["Pommel Strike+1","Body Slam+1"],"picked":"Perfected Strike+1","floor":37},{"not_picked":["Cleave+1","Combust+1","Battle Trance+1"],"picked":"SKIP","floor":40},{"not_picked":["Dark Embrace+1","Reckless Charge+1"],"picked":"Whirlwind","floor":42},{"not_picked":["Cleave+1","Shrug It Off+1","Metallicize"],"picked":"SKIP","floor":44},{"not_picked":["Dropkick","Pummel+1","Havoc+1"],"picked":"SKIP","floor":45},{"not_picked":["Infernal Blade","Heavy Blade+1"],"picked":"Clothesline+1","floor":46},{"not_picked":["Clash+1","Bloodletting+1"],"picked":"Immolate","floor":47}],"player_experience":109945,"relics_obtained":[{"floor":6.0,"key":"Juzu Bracelet"},{"floor":9.0,"key":"Sundial"},{"floor":13.0,"key":"MawBank"},{"floor":21,"key":"Necronomicon"},{"floor":23,"key":"Vajra"},{"floor":26,"key":"White Beast Statue"},{"floor":29,"key":"Gremlin Horn"},{"floor":39,"key":"Mango"},{"floor":40,"key":"Incense Burner"},{"floor":42,"key":"Girya"},{"floor":43,"key":"Omamori"},{"floor":45,"key":"Old Coin"},{"floor":47,"key":"MealTicket"}],"event_choices":[{"cards_removed":["Strike_R"],"damage_healed":0.0,"max_hp_gain":0.0,"max_hp_loss":0.0,"gold_gain":0.0,"event_name":"The Cleric","player_choice":"Card Removal","floor":2.0,"gold_loss":50.0,"damage_taken":0.0},{"damage_healed":0.0,"max_hp_gain":0.0,"max_hp_loss":0.0,"gold_gain":61.0,"event_name":"Golden Wing","player_choice":"Gained Gold","floor":4.0,"gold_loss":0.0,"damage_taken":0.0},{"damage_healed":0.0,"max_hp_gain":0.0,"max_hp_loss":0.0,"gold_gain":0.0,"event_name":"Living Wall","player_choice":"Grow","floor":5.0,"gold_loss":0.0,"damage_taken":0.0,"cards_upgraded":["Pommel Strike"]},{"damage_healed":0.0,"max_hp_gain":0.0,"max_hp_loss":0.0,"gold_gain":0.0,"event_name":"FaceTrader","player_choice":"Trade","floor":11.0,"gold_loss":0.0,"damage_taken":0.0,"relics_obtained":["CultistMask"]},{"damage_healed":0.0,"max_hp_gain":0.0,"max_hp_loss":0.0,"gold_gain":0.0,"event_name":"Golden Idol","player_choice":"Ignored","floor":12.0,"gold_loss":0.0,"damage_taken":0.0},{"damage_healed":0.0,"max_hp_gain":0.0,"max_hp_loss":0.0,"gold_gain":0.0,"event_name":"Dead Adventurer","player_choice":"Searched \u00271\u0027 times","floor":13.0,"gold_loss":0.0,"damage_taken":0.0},{"damage_healed":0.0,"max_hp_gain":0.0,"max_hp_loss":0.0,"gold_gain":0.0,"event_name":"Scrap Ooze","player_choice":"Success","floor":14.0,"gold_loss":0.0,"damage_taken":7.0,"relics_obtained":["Oddly Smooth Stone"]},{"damage_healed":0,"gold_gain":0,"player_choice":"Opened","damage_taken":0,"relics_obtained":["Happy Flower"],"max_hp_gain":0,"max_hp_loss":0,"event_name":"The Mausoleum","floor":19,"gold_loss":0},{"damage_healed":0,"gold_gain":0,"player_choice":"Inject Mutagens","damage_taken":0,"relics_obtained":["MutagenicStrength"],"max_hp_gain":0,"max_hp_loss":0,"event_name":"Drug Dealer","floor":20,"gold_loss":0},{"damage_healed":0,"gold_gain":0,"player_choice":"Obtained Book","damage_taken":16,"max_hp_gain":0,"max_hp_loss":0,"event_name":"Cursed Tome","floor":21,"gold_loss":0},{"damage_healed":42,"gold_gain":0,"player_choice":"Full Heal","damage_taken":0,"max_hp_gain":0,"max_hp_loss":0,"event_name":"Wheel of Change","floor":31,"gold_loss":0},{"damage_healed":0,"gold_gain":100,"player_choice":"Pray","damage_taken":0,"max_hp_gain":0,"max_hp_loss":0,"event_name":"Golden Shrine","floor":36,"gold_loss":0},{"damage_healed":0,"gold_gain":0,"player_choice":"Fight","damage_taken":0,"max_hp_gain":0,"max_hp_loss":0,"event_name":"Mysterious Sphere","floor":39,"gold_loss":0}],"is_beta":false,"boss_relics":[{"not_picked":["Tiny House","Cursed Key"],"picked":"Snecko Eye"},{"not_picked":["Fusion Hammer","Mark of Pain"],"picked":"Runic Pyramid"}],"items_purged_floors":[27,38,48],"is_endless":false,"potions_floor_spawned":[7,10,18,28,30,33,35,37,39,40,42,44,45,46,47],"ascension_level":10}}