{"host":"opyh6vr790e42ffe","time":1611727844,"event":{"mods":["BaseMod","Bestiary","Colored Map","Downfall","Highlight Path","Minty Spire (QoL Compilation)","Relic Stats","StSLib"],"gold_per_floor":[99,99,99,99,99,131,131,147,47,147,161,336,236,71,81,176,176,176,192,209,221,221,236,316,316,328,228,238,238,238,264,275,275,275,275],"floor_reached":33,"language":"ENG","playtime":1504,"items_purged":[],"score":265,"play_id":"f46f20b6-415d-4905-8067-bfa2c13b9509","local_time":"20210126221044","is_ascension_mode":false,"campfire_choices":[{"floor":1.0,"key":"RECALL"},{"floor":9.0,"key":"REST"},{"data":"bronze:Virus","floor":13.0,"key":"SMITH"},{"data":"bronze:AlphaBuild","floor":18,"key":"SMITH"},{"data":"bronze:Goto","floor":27,"key":"SMITH"},{"data":"bronze:InfiniteBeams","floor":30,"key":"SMITH"}],"circlet_count":0,"master_deck":["bronze:Strike","bronze:Strike","bronze:Strike","bronze:Strike","bronze:Defend","bronze:Defend","bronze:Defend","bronze:Defend+1","bronze:Replicate","bronze:Goto+1","bronze:OilSpill","bronze:ChosenStrike","bronze:FineTuning","bronze:Virus+1","bronze:Repair+1","bronze:BugBarrage","Doubt","bronze:Constructor","bronze:Repair","bronze:AlphaBuild+1","bronze:Terminator","bronze:Return","bronze:Refactor","bronze:DigitalCarnage","bronze:Constructor","bronze:InfiniteBeams+1","bronze:Boost","bronze:FineTuning"],"relics":["bronze:BronzeCore","downfall:HeartsMalice","Oddly Smooth Stone","HornCleat","downfall:HeartBlessingRed","downfall:HeartBlessingGreen","Snecko Eye","Shuriken","downfall:HeartBlessingBlue","Tiny Chest"],"acts_visited":["Exordium","TheCity"],"potions_floor_usage":[31,33,33],"damage_taken":[{"damage":0.0,"enemies":"Small Slimes","floor":2.0,"turns":1.0},{"damage":0.0,"enemies":"Cultist","floor":4.0,"turns":1.0},{"damage":0.0,"enemies":"2 Louse","floor":5.0,"turns":1.0},{"damage":39.0,"enemies":"Lagavulin","floor":6.0,"turns":8.0},{"damage":10.0,"enemies":"Large Slime","floor":8.0,"turns":3.0},{"damage":1.0,"enemies":"Blue Slaver","floor":11.0,"turns":3.0},{"damage":0.0,"enemies":"downfall:FleeingMerchant","floor":14.0,"turns":4.0},{"damage":0.0,"enemies":"Exordium Thugs","floor":15.0,"turns":4.0},{"damage":66.0,"enemies":"SI_SHIV_ARCHETYPE","floor":16.0,"turns":11.0},{"damage":0,"enemies":"Chosen","floor":19,"turns":2},{"damage":0,"enemies":"Spheric Guardian","floor":20,"turns":3},{"damage":15,"enemies":"Snake Plant","floor":21,"turns":2},{"damage":0,"enemies":"Snecko","floor":23,"turns":2},{"damage":16,"enemies":"Sentry and Sphere","floor":26,"turns":5},{"damage":0,"enemies":"Centurion and Healer","floor":28,"turns":2},{"damage":25,"enemies":"Slavers","floor":31,"turns":3},{"damage":0,"enemies":"Chosen and Byrds","floor":32,"turns":4},{"damage":100,"enemies":"IC_MUSHROOM_ARCHETYPE","floor":33,"turns":8}],"seed_played":"-1712713611376438410","potions_obtained":[{"floor":3.0,"key":"bronze:BurnAndBuffPotion"},{"floor":3.0,"key":"Dexterity Potion"},{"floor":3.0,"key":"SmokeBomb"},{"floor":11.0,"key":"Block Potion"},{"floor":16.0,"key":"champ:CounterPotion"},{"floor":19,"key":"SneckoOil"},{"floor":28,"key":"bronze:FreeFunctionsPotion"},{"floor":29,"key":"Regen Potion"},{"floor":29,"key":"LiquidBronze"},{"floor":29,"key":"bronze:FreeFunctionsPotion"},{"floor":31,"key":"PowerPotion"}],"is_trial":false,"path_per_floor":["R","M","?","M","M","E","T","M","R","?","M","?","R","$","M","B",null,"R","M","M","M","?","M","T","T","M","R","M","?","R","E","M","B"],"character_chosen":"THE_AUTOMATON","items_purchased":["War Paint"],"campfire_rested":1,"item_purchase_floors":[14],"current_hp_per_floor":[70,70,70,70,70,31,31,21,42,42,48,48,48,56,66,4,70,70,70,70,70,70,70,70,70,61,71,71,71,71,63,70,0,0,0],"gold":275,"neow_bonus":"THREE_ENEMY_KILL","is_daily":false,"chose_seed":false,"campfire_upgraded":4,"win_rate":0.0,"timestamp":1611727844,"path_taken":["R","M","?","?","M","E","T","?","R","?","M","?","R","$","M","BOSS","R","M","M","M","?","M","T","?","M","R","?","?","R","E","M","BOSS"],"items_purchased_type":["Relic"],"build_version":"2020-12-22","purchased_purges":0,"victory":false,"max_hp_per_floor":[70,70,70,70,70,70,70,70,70,70,70,70,70,70,70,70,70,70,70,70,70,70,70,70,70,70,80,80,80,80,80,80,80,80,80],"relic_stats":{"counters":[18,64],"Shuriken":[18],"Snecko Eye":[58,59,45,43],"Tiny Chest":0,"obtain_stats":[{"bronze:BronzeCore":0,"HornCleat":7,"downfall:HeartBlessingRed":9,"Shuriken":24,"downfall:HeartBlessingBlue":27,"Oddly Smooth Stone":6,"Snecko Eye":17,"downfall:HeartsMalice":0,"downfall:HeartBlessingGreen":13,"Tiny Chest":31,"War Paint":14},{"bronze:BronzeCore":0,"HornCleat":4,"downfall:HeartBlessingRed":5,"Shuriken":13,"downfall:HeartBlessingBlue":14,"Oddly Smooth Stone":4,"Snecko Eye":9,"downfall:HeartsMalice":0,"downfall:HeartBlessingGreen":6,"Tiny Chest":16,"War Paint":7},{"bronze:BronzeCore":0,"HornCleat":8,"downfall:HeartBlessingRed":11,"Shuriken":42,"downfall:HeartBlessingBlue":47,"Oddly Smooth Stone":8,"Snecko Eye":33,"downfall:HeartsMalice":0,"downfall:HeartBlessingGreen":14,"Tiny Chest":52,"War Paint":18}]},"card_choices":[{"not_picked":["bronze:BugBarrage","bronze:Branch"],"picked":"bronze:OilSpill","floor":2.0},{"not_picked":["bronze:Philosophize","bronze:DelayedSlice"],"picked":"bronze:ChosenStrike","floor":4.0},{"not_picked":["bronze:DelayedSlice","bronze:ForceShield"],"picked":"bronze:FineTuning","floor":5.0},{"not_picked":["bronze:CutThrough","bronze:Separator"],"picked":"bronze:Virus","floor":6.0},{"not_picked":["bronze:BronzeArmor","bronze:Frontload"],"picked":"bronze:Repair","floor":8.0},{"not_picked":["bronze:Branch","bronze:Separator"],"picked":"bronze:BugBarrage","floor":11.0},{"not_picked":["bronze:Turbo","bronze:DelayedSlice"],"picked":"bronze:Constructor","floor":14.0},{"not_picked":["bronze:BuggyMess","bronze:BronzeOrb"],"picked":"bronze:Repair","floor":15.0},{"not_picked":["bronze:Library","bronze:HardenedForm"],"picked":"bronze:AlphaBuild","floor":16.0},{"not_picked":["bronze:BitShift+1","bronze:OilSpill"],"picked":"bronze:Terminator","floor":19},{"not_picked":["bronze:OilSpill","bronze:WhirlingStrike+1"],"picked":"bronze:Return","floor":20},{"not_picked":["bronze:DelayedGuard","bronze:Iterate"],"picked":"bronze:Refactor","floor":21},{"not_picked":["bronze:DelayedGuard+1","bronze:Invalidate"],"picked":"bronze:DigitalCarnage","floor":23},{"not_picked":["bronze:Safeguard+1","bronze:CutThrough+1"],"picked":"bronze:Constructor","floor":26},{"not_picked":["bronze:Allocate","bronze:BugBarrage"],"picked":"bronze:InfiniteBeams","floor":28},{"not_picked":["bronze:DelayedSlice+1","bronze:DelayedGuard+1"],"picked":"bronze:Boost","floor":31},{"not_picked":["bronze:Deprecate","bronze:Frontload+1"],"picked":"bronze:FineTuning","floor":32}],"player_experience":2662041,"relics_obtained":[{"floor":6.0,"key":"Oddly Smooth Stone"},{"floor":7.0,"key":"HornCleat"},{"floor":24,"key":"Shuriken"},{"floor":31,"key":"Tiny Chest"}],"event_choices":[{"damage_healed":0.0,"max_hp_gain":0.0,"max_hp_loss":0.0,"gold_gain":0.0,"event_name":"Lab","player_choice":"Got Potions","floor":3.0,"gold_loss":0.0,"damage_taken":0.0}],"is_beta":false,"boss_relics":[{"not_picked":["Astrolabe","Empty Cage"],"picked":"Snecko Eye"}],"items_purged_floors":[],"is_endless":false,"potions_floor_spawned":[6,11,15,16,19,28,31],"killed_by":"IC_MUSHROOM_ARCHETYPE","ascension_level":0}}