{"host":"k2mw1od0xoi9pcfj","time":1611784970,"event":{"mods":["100% Spire Juice","Act Like it!","Aspiration","BaseMod","Beaked The Cultist","Downfall","Energized Spire","Hermit","Highlight Path","Minty Spire (QoL Compilation)","Permanent Neow","Relic Stats","Replay The Spire","Retaliation","StSLib","TheHeartMod"],"gold_per_floor":[359,359,359,64,77,112,130,130,130,70,101,111,111,140,140,239,239,222,242,262,67,79,106,117,150,177,190,190,190],"floor_reached":28,"language":"ENG","playtime":28889,"items_purged":[],"score":280,"play_id":"49aa0405-5ca4-4245-99bf-661f20ec5c62","local_time":"20210127160250","is_ascension_mode":false,"campfire_choices":[{"data":"beaked:Evade","floor":8,"key":"SMITH"},{"floor":15,"key":"RECALL"}],"circlet_count":0,"master_deck":["beaked:Strike_Y","beaked:Strike_Y","beaked:Strike_Y","beaked:Strike_Y","beaked:Strike_Y","beaked:Defend_Y","beaked:Defend_Y","beaked:Defend_Y","beaked:Defend_Y","beaked:Ceremony+1","beaked:Ceremony+1","beaked:Poke","beaked:Insight","beaked:BraceForImpact","beaked:Evade+1","beaked:Foresight","beaked:BloodForTheGods+1","beaked:MaddeningMurmurs","Inflame+1","beaked:MimicWarrior","ReplayTheSpireMod:Prepare the Ceremony","beaked:Windmill","beaked:StickSmack","beaked:TuckingFeathers","beaked:Foresight","beaked:CrazyRituals","beaked:Insight","beaked:Overexert"],"relics":["Quantum Egg","ReplayTheSpireMod:Shallot","Replay:Bottled Eggs","Bottled Lightning","m_ByrdBlood","Onion Ring","beaked:BlessedCoat","Membership Card","Centennial Puzzle","Prayer Wheel"],"acts_visited":["Exordium","TheCity"],"potions_floor_usage":[12,25],"damage_taken":[{"damage":3,"enemies":"2 Louse","floor":1,"turns":4},{"damage":3,"enemies":"Jaw Worm","floor":5,"turns":6},{"damage":38,"enemies":"Lagavulin","floor":6,"turns":8},{"damage":3,"enemies":"Small Slimes","floor":7,"turns":7},{"damage":43,"enemies":"Gremlin Nob","floor":11,"turns":6},{"damage":15,"enemies":"Looter","floor":12,"turns":5},{"damage":33,"enemies":"3 Sentries","floor":14,"turns":10},{"damage":42,"enemies":"The Guardian","floor":16,"turns":14},{"damage":18,"enemies":"2 Thieves","floor":18,"turns":4},{"damage":19,"enemies":"Shell Parasite","floor":19,"turns":6},{"damage":110,"enemies":"3 Cultists","floor":20,"turns":7},{"damage":48,"enemies":"Snecko","floor":22,"turns":7},{"damage":80,"enemies":"Replay:Snechameleon","floor":23,"turns":7},{"damage":30,"enemies":"Centurion and Healer","floor":24,"turns":8},{"damage":81,"enemies":"Book of Stabbing","floor":25,"turns":8},{"damage":38,"enemies":"Chosen and Byrds","floor":27,"turns":8},{"damage":69,"enemies":"Masked Bandits","floor":28,"turns":3}],"seed_played":"-7547701883159396722","potions_obtained":[{"floor":1,"key":"Swift Potion"},{"floor":7,"key":"ColorlessPotion"},{"floor":12,"key":"Swift Potion"},{"floor":16,"key":"DDmod:CleansePotion"},{"floor":23,"key":"Energy Potion"},{"floor":25,"key":"Dexterity Potion"}],"is_trial":false,"path_per_floor":["M","?","?","$","M","E","M","R","T","$","E","M","?","E","R","B",null,"M","M","M","$","M","E","M","E","T","M","?"],"character_chosen":"BEAKED_THE_CULTIST","items_purchased":["Quantum Egg","beaked:Insight","beaked:BloodForTheGods+1","Membership Card","beaked:StickSmack","beaked:TuckingFeathers"],"campfire_rested":0,"item_purchase_floors":[4,4,10,21,21,21],"current_hp_per_floor":[43,36,36,36,45,20,44,44,44,44,16,45,45,44,44,45,45,45,45,30,30,45,45,45,45,45,45,0,0],"gold":190,"neow_bonus":"TWO_FIFTY_GOLD","is_daily":false,"chose_seed":false,"campfire_upgraded":1,"win_rate":0.0,"timestamp":1611784970,"path_taken":["M","?","?","$","M","E","M","R","T","$","E","M","?","E","R","BOSS","M","M","M","$","M","E","M","E","T","M","?"],"items_purchased_type":["Relic","Card","Card","Relic","Card","Card"],"build_version":"2020-12-22","purchased_purges":0,"victory":false,"max_hp_per_floor":[45,45,45,45,45,45,45,45,45,45,45,45,45,45,45,45,45,45,45,45,45,45,45,45,45,45,45,45,45],"relic_stats":{"Centennial Puzzle":[12],"counters":[17,118],"Prayer Wheel":1,"obtain_stats":[{"Centennial Puzzle":23,"ReplayTheSpireMod:Shallot":6,"Quantum Egg":4,"Onion Ring":14,"Prayer Wheel":25,"Bottled Lightning":11,"Membership Card":21,"beaked:MendingPlumage":0,"Replay:Bottled Eggs":9,"m_ByrdBlood":13,"beaked:BlessedCoat":17},{"Centennial Puzzle":13,"ReplayTheSpireMod:Shallot":3,"Quantum Egg":1,"Onion Ring":7,"Prayer Wheel":15,"Bottled Lightning":5,"Membership Card":11,"beaked:MendingPlumage":0,"Replay:Bottled Eggs":4,"m_ByrdBlood":6,"beaked:BlessedCoat":8},{"Centennial Puzzle":91,"ReplayTheSpireMod:Shallot":18,"Quantum Egg":4,"Onion Ring":46,"Prayer Wheel":107,"Bottled Lightning":31,"Membership Card":77,"beaked:MendingPlumage":0,"Replay:Bottled Eggs":25,"m_ByrdBlood":36,"beaked:BlessedCoat":60}]},"card_choices":[{"not_picked":["beaked:Overpower","beaked:DigDeeper"],"picked":"beaked:Poke","floor":1},{"not_picked":["beaked:Tradeoff","beaked:BounceBack"],"picked":"beaked:BraceForImpact","floor":5},{"not_picked":["beaked:BloodRitual","ReplayTheSpireMod:Owlgaze"],"picked":"beaked:Evade","floor":6},{"not_picked":["beaked:Tweet","beaked:Roost"],"picked":"beaked:Foresight","floor":7},{"not_picked":["beaked:Poke","beaked:BloodRitual","beaked:SacrificialDive"],"picked":"SKIP","floor":11},{"not_picked":["beaked:Poke","beaked:BloodRitual","beaked:SacrificialDive"],"picked":"SKIP","floor":11},{"not_picked":["beaked:Resilience","beaked:Redirect"],"picked":"beaked:MaddeningMurmurs","floor":12},{"not_picked":["beaked:SurvivalInstinct","beaked:WarriorEssence"],"picked":"beaked:MimicWarrior","floor":14},{"not_picked":["beaked:BraceForImpact+1","beaked:Overexert"],"picked":"ReplayTheSpireMod:Prepare the Ceremony","floor":18},{"not_picked":["beaked:Flinch","beaked:DesperateSwing","beaked:Redirect"],"picked":"SKIP","floor":19},{"not_picked":["beaked:Foresight+1","beaked:SurvivalInstinct"],"picked":"beaked:Windmill","floor":20},{"not_picked":["beaked:WarriorEssence","beaked:Mantra+1","beaked:Tradeoff+1"],"picked":"SKIP","floor":22},{"not_picked":["beaked:Caw","beaked:Cower"],"picked":"beaked:Foresight","floor":23},{"not_picked":["beaked:Windmill+1","beaked:Tradeoff"],"picked":"beaked:CrazyRituals","floor":24},{"not_picked":["beaked:Struggle+1","beaked:StunningBlow","beaked:Pecker"],"picked":"SKIP","floor":25},{"not_picked":["beaked:SacrificialDive","beaked:Poke+1"],"picked":"beaked:Insight","floor":27},{"not_picked":["beaked:DigDeep","beaked:ShadowFade"],"picked":"beaked:Overexert","floor":27}],"player_experience":821599,"relics_obtained":[{"floor":6,"key":"ReplayTheSpireMod:Shallot"},{"floor":9,"key":"Replay:Bottled Eggs"},{"floor":11,"key":"Bottled Lightning"},{"floor":14,"key":"Onion Ring"},{"floor":23,"key":"Centennial Puzzle"},{"floor":25,"key":"Prayer Wheel"}],"event_choices":[{"cards_removed":["beaked:Strike_Y"],"damage_healed":0,"gold_gain":0,"player_choice":"Card Removal","damage_taken":7,"max_hp_gain":0,"max_hp_loss":0,"event_name":"Golden Wing","floor":2,"gold_loss":0},{"damage_healed":0,"gold_gain":0,"player_choice":"Leave","damage_taken":0,"max_hp_gain":0,"max_hp_loss":0,"event_name":"The Cleric","floor":3,"gold_loss":0},{"damage_healed":0,"gold_gain":0,"player_choice":"Fought Bandits","damage_taken":0,"max_hp_gain":0,"max_hp_loss":0,"event_name":"Masked Bandits","floor":28,"gold_loss":0}],"is_beta":false,"boss_relics":[{"not_picked":["energizedSpire:StickyHand","Replay:Drink Me"],"picked":"beaked:BlessedCoat"}],"items_purged_floors":[],"is_endless":false,"potions_floor_spawned":[1,7,12,16,20,23,25,27],"killed_by":"Masked Bandits","ascension_level":0}}