{"host":"yb8bkkdvr1qiclnk","time":1611735137,"event":{"mods":["BaseMod","Colored Map","Colored Powertips","DeckTracker","Downfall","Faster Ascension Climbing","Highlight Path","Jorbs\u0027s Wanderer Trilogy","Minty Spire (QoL Compilation)","Quick Restart","Relic Stats","StSLib","UnlockEverythingMod"],"gold_per_floor":[99,111,126,137,137,149,201,201,227,244,274,304,323,341,353,456,456,356,376,392,111,111,96,96,107,7,37,22,53,53,79,90,199,199,199,228,264,283,337,346,424,460,261,290,190,190,190,211,249,249,249,289,24,24,24,24],"floor_reached":57,"language":"ENG","playtime":5471,"items_purged":["Slimebound:Strike_Slimebound","Slimebound:Strike_Slimebound"],"score":1236,"play_id":"0dfc3c02-ba67-4696-a5ee-99238e9d67db","local_time":"20210127031217","is_ascension_mode":false,"campfire_choices":[{"data":"Slimebound:CorrosiveSpit","floor":1.0,"key":"SMITH"},{"data":"Slimebound:Split","floor":8.0,"key":"SMITH"},{"floor":18.0,"key":"RECALL"},{"data":"Slimebound:PrepareCrush","floor":26.0,"key":"SMITH"},{"data":"Slimebound:LevelUp","floor":30.0,"key":"SMITH"},{"data":"Slimebound:LeechLife","floor":35.0,"key":"SMITH"},{"data":"Slimebound:Gluttony","floor":45.0,"key":"SMITH"},{"data":"Slimebound:FirmFortitude","floor":47.0,"key":"SMITH"},{"data":"expansioncontent:QuickStudy","floor":54.0,"key":"SMITH"}],"circlet_count":0,"master_deck":["Slimebound:Strike_Slimebound","Slimebound:Tackle","Slimebound:Defend_Slimebound","Slimebound:Defend_Slimebound","Slimebound:Defend_Slimebound","Slimebound:Defend_Slimebound","Slimebound:Split+1","Slimebound:CorrosiveSpit+1","Slimebound:SplitLeeching","Slimebound:PressTheAttack","Slimebound:AcidTongue","Slimebound:SlimeTap","Slimebound:Repurpose","Slimebound:Gluttony+1","Slimebound:LevelUp+1","Slimebound:Schlurp","Slimebound:GoopSpray","Slimebound:RallyTheTroops","Slimebound:LivingWall","Slimebound:GoopSpray","Slimebound:HauntingLick+1","Slimebound:PrepareCrush+1","Slimebound:LeechingTouch","RitualDagger","Slimebound:FormOfPuddle+1","Slimebound:SplitLeeching","Slimebound:AcidTongue+1","Slimebound:LeechLife+1","Slimebound:SlimeBarrage","CurseOfTheBell","CurseOfTheBell","Shame","Slimebound:FirmFortitude+1","Slimebound:MassRepurpose","Slimebound:FormOfPuddle+1","Slimebound:Darklings","Slimebound:LeechEnergy+1","Slimebound:LeadByExample","Slimebound:Prepare","Slimebound:Dissolve","Slimebound:Overexert","Parasite","Slimebound:SlimeBarrage+1","Slimebound:Gluttony+1","Slimebound:WasteNot","expansioncontent:QuickStudy+1"],"relics":["Slimebound:AbsorbEndCombatUpgraded","Centennial Puzzle","Juzu Bracelet","Meat on the Bone","Slimebound:MaxSlimesRelic","Coffee Dripper","downfall:HeartBlessingGreen","Bottled Lightning","downfall:HeartBlessingRed","MealTicket","CeramicFish","downfall:ExtraCursedBell","Smiling Mask","Mummified Hand","FossilizedHelix","TungstenRod","Pantograph","OrangePellets","Letter Opener","downfall:HeartBlessingBlue","Bag of Marbles","Membership Card"],"acts_visited":["Exordium","TheCity","TheBeyond","TheEnding"],"potions_floor_usage":[],"damage_taken":[{"damage":11.0,"enemies":"Small Slimes","floor":2.0,"turns":3.0},{"damage":1.0,"enemies":"Cultist","floor":3.0,"turns":3.0},{"damage":0.0,"enemies":"Jaw Worm","floor":4.0,"turns":3.0},{"damage":8.0,"enemies":"3 Louse","floor":6.0,"turns":4.0},{"damage":26.0,"enemies":"3 Sentries","floor":9.0,"turns":9.0},{"damage":2.0,"enemies":"2 Fungi Beasts","floor":10.0,"turns":4.0},{"damage":12.0,"enemies":"Gremlin Nob","floor":12.0,"turns":3.0},{"damage":3.0,"enemies":"Large Slime","floor":13.0,"turns":4.0},{"damage":0.0,"enemies":"Exordium Wildlife","floor":14.0,"turns":3.0},{"damage":5.0,"enemies":"Red Slaver","floor":15.0,"turns":2.0},{"damage":21.0,"enemies":"WA_ARCHETYPE_RETAIN","floor":16.0,"turns":7.0},{"damage":15.0,"enemies":"3 Byrds","floor":19.0,"turns":4.0},{"damage":6.0,"enemies":"Shell Parasite","floor":20.0,"turns":4.0},{"damage":7.0,"enemies":"downfall:FleeingMerchant","floor":21.0,"turns":4.0},{"damage":0.0,"enemies":"downfall:FleeingMerchant","floor":23.0,"turns":4.0},{"damage":26.0,"enemies":"Centurion and Healer","floor":25.0,"turns":4.0},{"damage":12.0,"enemies":"Book of Stabbing","floor":27.0,"turns":4.0},{"damage":16.0,"enemies":"downfall:FleeingMerchant","floor":28.0,"turns":4.0},{"damage":19.0,"enemies":"Gremlin Leader","floor":29.0,"turns":4.0},{"damage":0.0,"enemies":"Snake Plant","floor":31.0,"turns":2.0},{"damage":6.0,"enemies":"Sentry and Sphere","floor":32.0,"turns":5.0},{"damage":9.0,"enemies":"DF_ARCHETYPE_CLAW","floor":33.0,"turns":8.0},{"damage":12.0,"enemies":"3 Shapes","floor":36.0,"turns":4.0},{"damage":0.0,"enemies":"Orb Walker","floor":38.0,"turns":3.0},{"damage":59.0,"enemies":"2 Orb Walkers","floor":39.0,"turns":6.0},{"damage":11.0,"enemies":"Giant Head","floor":42.0,"turns":8.0},{"damage":0.0,"enemies":"downfall:FleeingMerchant","floor":43.0,"turns":2.0},{"damage":0.0,"enemies":"3 Darklings","floor":44.0,"turns":5.0},{"damage":0.0,"enemies":"Transient","floor":48.0,"turns":5.0},{"damage":0.0,"enemies":"Writhing Mass","floor":49.0,"turns":4.0},{"damage":1.0,"enemies":"IC_BLOCK_ARCHETYPE","floor":50.0,"turns":9.0},{"damage":56.0,"enemies":"downfall:CharBossMerchant","floor":52.0,"turns":8.0},{"damage":27,"enemies":"downfall:NeowBoss","floor":55,"turns":14},{"damage":63,"enemies":"downfall:NeowBossFinal","floor":56,"turns":11}],"seed_played":"6553785050278450954","potions_obtained":[{"floor":2.0,"key":"champ:CounterPotion"},{"floor":5.0,"key":"BlessingOfTheForge"},{"floor":5.0,"key":"Slimebound:SlimedPotion"},{"floor":5.0,"key":"SneckoOil"},{"floor":9.0,"key":"SkillPotion"},{"floor":12.0,"key":"EntropicBrew"},{"floor":16.0,"key":"SneckoOil"},{"floor":31.0,"key":"Slimebound:SlimedPotion"},{"floor":32.0,"key":"Slimebound:SlimedPotion"},{"floor":33.0,"key":"FearPotion"},{"floor":48.0,"key":"LiquidMemories"}],"is_trial":false,"path_per_floor":["R","M","M","M","?","M","T","R","E","M","?","E","M","M","M","B",null,"R","M","M","$","?","$","T","M","R","E","$","E","R","M","M","B",null,"R","M","?","M","?","?","T","E","$","M","R","?","R","M","M","B",null,"E","$","R","B","B",null],"character_chosen":"SLIMEBOUND","items_purchased":["Slimebound:PrepareCrush","Slimebound:LeechingTouch","OrangePellets","Letter Opener","Slimebound:Prepare","SkillPotion","Membership Card","Slimebound:WasteNot","expansioncontent:QuickStudy"],"campfire_rested":0,"item_purchase_floors":[21,21,43,43,43,43,53,53,53],"current_hp_per_floor":[71,62,63,69,69,65,65,65,39,41,41,45,44,46,43,42,71,71,60,58,59,53,57,57,39,39,47,52,39,39,41,39,38,71,71,71,71,71,53,53,53,66,71,71,81,81,81,81,81,81,81,47,62,62,57,42],"gold":24,"neow_bonus":"TEN_PERCENT_HP_BONUS","is_daily":false,"chose_seed":false,"campfire_upgraded":8,"win_rate":0.0,"timestamp":1611735137,"path_taken":["R","M","M","M","?","M","T","R","E","M","?","E","M","M","M","BOSS","R","M","M","$","?","$","T","M","R","E","$","E","R","M","M","BOSS","R","M","?","M","?","?","T","E","$","M","R","?","R","M","M","BOSS","E","$","R","BOSS","BOSS"],"items_purchased_type":["Card","Card","Relic","Relic","Card","Potion","Relic","Card","Card"],"build_version":"2020-12-22","purchased_purges":2,"victory":true,"max_hp_per_floor":[71,71,71,71,71,71,71,71,71,71,71,71,71,71,71,71,71,71,71,71,71,71,71,71,71,71,71,71,71,71,71,71,71,71,71,71,71,71,71,71,71,71,71,71,81,81,81,81,81,81,81,81,81,81,81,81],"relic_stats":{"counters":[34,167],"CeramicFish":180,"Juzu Bracelet":1,"Letter Opener":[254],"Smiling Mask":50,"OrangePellets":[15],"Centennial Puzzle":[66],"Mummified Hand":[69],"Pantograph":43,"MealTicket":35,"obtain_stats":[{"downfall:HeartBlessingRed":26,"CeramicFish":29,"downfall:HeartBlessingGreen":18,"Juzu Bracelet":9,"Letter Opener":43,"Smiling Mask":37,"OrangePellets":43,"Centennial Puzzle":7,"Slimebound:MaxSlimesRelic":12,"Mummified Hand":37,"downfall:HeartBlessingBlue":45,"Pantograph":42,"MealTicket":27,"Slimebound:AbsorbEndCombat":0,"Coffee Dripper":17,"Bag of Marbles":52,"Bottled Lightning":24,"Membership Card":53,"downfall:ExtraCursedBell":37,"Slimebound:AbsorbEndCombatUpgraded":34,"FossilizedHelix":37,"TungstenRod":39,"Meat on the Bone":11},{"downfall:HeartBlessingRed":16,"CeramicFish":19,"downfall:HeartBlessingGreen":11,"Juzu Bracelet":5,"Letter Opener":27,"Smiling Mask":23,"OrangePellets":27,"Centennial Puzzle":4,"Slimebound:MaxSlimesRelic":7,"Mummified Hand":23,"downfall:HeartBlessingBlue":28,"Pantograph":26,"MealTicket":17,"Slimebound:AbsorbEndCombat":0,"Coffee Dripper":11,"Bag of Marbles":32,"Bottled Lightning":15,"Membership Card":32,"downfall:ExtraCursedBell":23,"Slimebound:AbsorbEndCombatUpgraded":22,"FossilizedHelix":23,"TungstenRod":25,"Meat on the Bone":6},{"downfall:HeartBlessingRed":63,"CeramicFish":75,"downfall:HeartBlessingGreen":44,"Juzu Bracelet":22,"Letter Opener":113,"Smiling Mask":94,"OrangePellets":113,"Centennial Puzzle":13,"Slimebound:MaxSlimesRelic":29,"Mummified Hand":94,"downfall:HeartBlessingBlue":117,"Pantograph":111,"MealTicket":67,"Slimebound:AbsorbEndCombat":0,"Coffee Dripper":44,"Bag of Marbles":143,"Bottled Lightning":59,"Membership Card":143,"downfall:ExtraCursedBell":94,"Slimebound:AbsorbEndCombatUpgraded":90,"FossilizedHelix":94,"TungstenRod":103,"Meat on the Bone":26}],"TungstenRod":15,"Meat on the Bone":48},"card_choices":[{"not_picked":["Slimebound:FormOfPuddle","Slimebound:ItLooksTasty"],"picked":"Slimebound:SplitLeeching","floor":2.0},{"not_picked":["Slimebound:Gluttony","Slimebound:SlimeBrawl"],"picked":"Slimebound:PressTheAttack","floor":3.0},{"not_picked":["Slimebound:HauntingLick","Slimebound:ComboTackle"],"picked":"Slimebound:AcidTongue","floor":4.0},{"not_picked":["Slimebound:FormOfPuddle","Slimebound:GoopSpray"],"picked":"Slimebound:SlimeTap","floor":6.0},{"not_picked":["Slimebound:PressTheAttack","Slimebound:GrowthPunch"],"picked":"Slimebound:Repurpose","floor":9.0},{"not_picked":["Slimebound:SplitAcid","Slimebound:ItLooksTasty"],"picked":"Slimebound:Gluttony","floor":10.0},{"not_picked":["Slimebound:SlimeBarrage","Slimebound:Replication"],"picked":"Slimebound:RallyTheTroops","floor":12.0},{"not_picked":["Slimebound:Schlurp","Slimebound:LeechingTouch"],"picked":"Slimebound:LevelUp","floor":13.0},{"not_picked":["Slimebound:RollThrough","Slimebound:ItLooksTasty"],"picked":"Slimebound:Schlurp","floor":14.0},{"not_picked":["Slimebound:LeechingTouch","Slimebound:GrowthPunch"],"picked":"Slimebound:GoopSpray","floor":15.0},{"not_picked":["Slimebound:SelfFormingGoo","Slimebound:OozeBath"],"picked":"Slimebound:RallyTheTroops","floor":16.0},{"not_picked":["Slimebound:LeadByExample","Slimebound:SamplingLick"],"picked":"Slimebound:LivingWall","floor":19.0},{"not_picked":["Slimebound:SplitAcid","Slimebound:PressTheAttack+1"],"picked":"Slimebound:GoopSpray","floor":20.0},{"not_picked":["Slimebound:SplitMire","Slimebound:LevelUp"],"picked":"Slimebound:HauntingLick+1","floor":21.0},{"not_picked":["Slimebound:SplitBruiser","Slimebound:DouseInSlime","Slimebound:HauntingLick"],"picked":"SKIP","floor":23.0},{"not_picked":["Slimebound:LeechingTouch","Slimebound:Nibble"],"picked":"Slimebound:FormOfPuddle+1","floor":25.0},{"not_picked":["Slimebound:BestDefense","Slimebound:RainOfGoop"],"picked":"Slimebound:SplitLeeching","floor":27.0},{"not_picked":["Slimebound:LeadByExample","Slimebound:GoopSpray","Slimebound:SplitLeeching"],"picked":"SKIP","floor":28.0},{"not_picked":["Slimebound:RejuvenatingLick","Slimebound:FinishingTackle","Slimebound:Chomp"],"picked":"SKIP","floor":29.0},{"not_picked":["Slimebound:FormOfPuddle","Slimebound:PrepareCrush"],"picked":"Slimebound:AcidTongue+1","floor":31.0},{"not_picked":["Slimebound:GoopSpray","Slimebound:SplitLeeching","Slimebound:LeechingTouch"],"picked":"SKIP","floor":32.0},{"not_picked":["Slimebound:Teamwork","Slimebound:SlimeSlap"],"picked":"Slimebound:LeechLife","floor":33.0},{"not_picked":["Slimebound:GoopSpray+1","Slimebound:LeechingTouch+1"],"picked":"Slimebound:SlimeBarrage","floor":36.0},{"not_picked":["Slimebound:LeechingTouch","Slimebound:SplitMire"],"picked":"Slimebound:MassRepurpose","floor":38.0},{"not_picked":["Slimebound:TongueLash","Slimebound:DisruptingSlam+1"],"picked":"Slimebound:FormOfPuddle+1","floor":39.0},{"not_picked":["Slimebound:RollThrough+1","Slimebound:PressTheAttack"],"picked":"Slimebound:LeechEnergy+1","floor":42.0},{"not_picked":["Slimebound:LivingWall","Slimebound:SplitAcid+1"],"picked":"Slimebound:LeadByExample","floor":43.0},{"not_picked":["Slimebound:SplitLeeching+1","Slimebound:GoopSpray"],"picked":"Slimebound:Dissolve","floor":44.0},{"not_picked":["Slimebound:LivingWall+1","Slimebound:GoopTackle"],"picked":"Slimebound:Overexert","floor":48.0},{"not_picked":["Slimebound:FinishingTackle","Slimebound:SplitMire+1"],"picked":"Slimebound:SlimeBarrage+1","floor":49.0},{"not_picked":["Slimebound:DisruptingSlam+1","Slimebound:LeechLife"],"picked":"Slimebound:Gluttony+1","floor":52.0}],"player_experience":64639,"relics_obtained":[{"floor":7.0,"key":"Centennial Puzzle"},{"floor":9.0,"key":"Juzu Bracelet"},{"floor":12.0,"key":"Slimebound:MaxSlimesRelic"},{"floor":24.0,"key":"Bottled Lightning"},{"floor":27.0,"key":"MealTicket"},{"floor":29.0,"key":"CeramicFish"},{"floor":37.0,"key":"Smiling Mask"},{"floor":37.0,"key":"Mummified Hand"},{"floor":37.0,"key":"FossilizedHelix"},{"floor":39.0,"key":"TungstenRod"},{"floor":42.0,"key":"Pantograph"},{"floor":52.0,"key":"Bag of Marbles"}],"event_choices":[{"damage_healed":0.0,"max_hp_gain":0.0,"max_hp_loss":0.0,"gold_gain":0.0,"event_name":"Lab","player_choice":"Got Potions","floor":5.0,"gold_loss":0.0,"damage_taken":0.0},{"damage_healed":0.0,"max_hp_gain":0.0,"max_hp_loss":0.0,"gold_gain":0.0,"event_name":"Mysterious Sphere","player_choice":"Fight","floor":39.0,"gold_loss":0.0,"damage_taken":0.0}],"is_beta":false,"boss_relics":[{"not_picked":["Fusion Hammer","Sozu"],"picked":"Coffee Dripper"},{"not_picked":["SlaversCollar","bronze:MakeshiftBattery"],"picked":"Slimebound:AbsorbEndCombatUpgraded"}],"items_purged_floors":[21,43],"is_endless":false,"potions_floor_spawned":[2,6,9,12,15,16,20,25,31,32,33,36,48,49],"ascension_level":0}}