{"host":"mnpd8gh7cwxsn5kh","time":1611761367,"event":{"mods":["BaseMod","Block Reminder","Colored Map","Colored Powertips","Highlight Path","Minty Spire (QoL Compilation)","Relic Sorter","Relic Stats"],"gold_per_floor":[115,115,126,142,142,142,170,185,185,212,69,85,97,97,97,194,194,214,214,229,229,240,266,266,266,266,191,208,241,260,220,220,316,316,333,346,346,346,396,396,422,456,482,152,197,230,0,0,0,0,0,0,0,28,28,28],"floor_reached":55,"language":"ENG","playtime":7362,"items_purged":["Injury","Decay"],"score":890,"play_id":"d9a58556-153e-4619-863e-e33809015767","local_time":"20210127162927","is_ascension_mode":true,"campfire_choices":[{"data":"Eruption","floor":6.0,"key":"SMITH"},{"data":"Crescendo","floor":15.0,"key":"SMITH"},{"floor":32,"key":"REST"},{"data":"Establishment","floor":40,"key":"SMITH"},{"floor":49,"key":"RECALL"},{"data":"LikeWater","floor":52,"key":"SMITH"}],"circlet_count":0,"master_deck":["Strike_P+1","Strike_P+1","Strike_P+1","Strike_P+1","Defend_P+1","Defend_P+1","Defend_P+1","Defend_P+1","Eruption+1","Vigilance+1","EmptyFist+1","LessonLearned","FlurryOfBlows","DevaForm+1","Crescendo+1","Evaluate+1","Ragnarok","EmptyMind+1","CutThroughFate","Consecrate","Establishment+1","CutThroughFate","RitualDagger","ThirdEye+1","BattleHymn+1","ClearTheMind+1","DeceiveReality+1","WheelKick+1","DeceiveReality+1","Devotion","FlurryOfBlows+1","ClearTheMind+1","Evaluate+1","JustLucky","Alpha+1","Prostrate+1","LikeWater+1","Protect+1"],"relics":["PureWater","Bag of Marbles","Whetstone","Toxic Egg 2","Cursed Key","Ice Cream","StoneCalendar","WingedGreaves","Runic Pyramid","Prayer Wheel","Strawberry","TungstenRod","MealTicket","Ginger","Sundial","Lee\u0027s Waffle","Boot"],"acts_visited":["Exordium","TheCity","TheBeyond","TheEnding"],"potions_floor_usage":[23,23,23,23,30,42,45,50],"damage_taken":[{"damage":0.0,"enemies":"Small Slimes","floor":1.0,"turns":4.0},{"damage":0.0,"enemies":"Cultist","floor":3.0,"turns":2.0},{"damage":0.0,"enemies":"2 Louse","floor":4.0,"turns":3.0},{"damage":13.0,"enemies":"Lagavulin","floor":7.0,"turns":7.0},{"damage":0.0,"enemies":"Looter","floor":8.0,"turns":1.0},{"damage":1.0,"enemies":"3 Sentries","floor":10.0,"turns":3.0},{"damage":4.0,"enemies":"3 Louse","floor":12.0,"turns":2.0},{"damage":7.0,"enemies":"Blue Slaver","floor":13.0,"turns":2.0},{"damage":39.0,"enemies":"Hexaghost","floor":16.0,"turns":7.0},{"damage":5,"enemies":"Shell Parasite","floor":18,"turns":2},{"damage":0,"enemies":"3 Byrds","floor":20,"turns":3},{"damage":6,"enemies":"Centurion and Healer","floor":22,"turns":4},{"damage":36,"enemies":"Gremlin Leader","floor":23,"turns":2},{"damage":4,"enemies":"Chosen and Byrds","floor":28,"turns":3},{"damage":24,"enemies":"Slavers","floor":29,"turns":4},{"damage":2,"enemies":"3 Cultists","floor":30,"turns":4},{"damage":43,"enemies":"Champ","floor":33,"turns":10},{"damage":10,"enemies":"Orb Walker","floor":35,"turns":2},{"damage":10,"enemies":"3 Darklings","floor":36,"turns":4},{"damage":0,"enemies":"Mind Bloom Boss Battle","floor":39,"turns":6},{"damage":0,"enemies":"Giant Head","floor":41,"turns":6},{"damage":20,"enemies":"Reptomancer","floor":42,"turns":7},{"damage":16,"enemies":"2 Orb Walkers","floor":45,"turns":4},{"damage":32,"enemies":"Nemesis","floor":46,"turns":5},{"damage":47,"enemies":"Time Eater","floor":50,"turns":7},{"damage":65,"enemies":"Shield and Spear","floor":54,"turns":7},{"damage":87,"enemies":"The Heart","floor":55,"turns":6}],"seed_played":"6955345539318567342","potions_obtained":[{"floor":0.0,"key":"Fruit Juice"},{"floor":0.0,"key":"EssenceOfSteel"},{"floor":0.0,"key":"Explosive Potion"},{"floor":4.0,"key":"Explosive Potion"},{"floor":7.0,"key":"FairyPotion"},{"floor":10.0,"key":"Swift Potion"},{"floor":18,"key":"EntropicBrew"},{"floor":22,"key":"Dexterity Potion"},{"floor":29,"key":"Weak Potion"},{"floor":36,"key":"GamblersBrew"},{"floor":39,"key":"GamblersBrew"},{"floor":42,"key":"Strength Potion"}],"is_trial":false,"path_per_floor":["M","?","M","M","?","R","E","M","T","E","$","M","M","?","R","B",null,"M","?","M","?","M","E","?","?","T","?","M","E","M","?","R","B",null,"M","M","?","?","?","R","E","E","T","$","?","E","$","?","R","B",null,"R","$","E","B"],"character_chosen":"WATCHER","items_purchased":["EmptyMind+1","MealTicket","DuplicationPotion","Lee\u0027s Waffle","LikeWater"],"campfire_rested":1,"item_purchase_floors":[11,44,44,47,47],"current_hp_per_floor":[72,77,77,82,82,82,69,69,69,68,68,64,57,57,57,18,82,77,71,71,71,65,29,29,56,56,56,52,28,26,26,50,7,82,72,62,62,62,62,62,69,49,49,49,33,1,92,92,92,45,92,92,92,27,0,0],"gold":28,"neow_bonus":"THREE_SMALL_POTIONS","is_daily":false,"chose_seed":false,"campfire_upgraded":4,"win_rate":0.0,"timestamp":1611761367,"path_taken":["M","?","M","M","?","R","E","?","T","E","$","M","?","?","R","BOSS","M","?","M","?","M","E","?","?","T","?","?","E","M","?","R","BOSS","M","?","?","?","?","R","E","E","T","?","?","E","$","?","R","BOSS","R","$","E","BOSS"],"items_purchased_type":["Card","Relic","Potion","Relic","Card"],"build_version":"2020-12-22","purchased_purges":2,"victory":false,"max_hp_per_floor":[72,77,77,82,82,82,82,82,82,82,82,82,82,82,82,82,82,82,82,82,82,82,82,82,82,82,82,82,82,82,82,82,82,82,82,82,82,78,78,78,85,85,85,85,85,85,92,92,92,92,92,92,92,92,92,92],"relic_stats":{"Lee\u0027s Waffle":76,"counters":[27,117],"Sundial":[0],"StoneCalendar":[52],"Prayer Wheel":0,"MealTicket":15,"Whetstone":["Strike_P","Strike_P"],"Ginger":[4],"Cursed Key":2,"Boot":[2],"obtain_stats":[{"Ice Cream":23,"Lee\u0027s Waffle":47,"StoneCalendar":26,"Whetstone":9,"Ginger":45,"Cursed Key":17,"Boot":54,"Sundial":46,"Strawberry":41,"Prayer Wheel":39,"MealTicket":44,"WingedGreaves":29,"Bag of Marbles":7,"PureWater":0,"Toxic Egg 2":10,"TungstenRod":42,"Runic Pyramid":34},{"Ice Cream":13,"Lee\u0027s Waffle":24,"StoneCalendar":13,"Whetstone":5,"Ginger":23,"Cursed Key":9,"Boot":26,"Sundial":24,"Strawberry":21,"Prayer Wheel":20,"MealTicket":22,"WingedGreaves":15,"Bag of Marbles":4,"PureWater":0,"Toxic Egg 2":6,"TungstenRod":22,"Runic Pyramid":17},{"Ice Cream":42,"Lee\u0027s Waffle":97,"StoneCalendar":42,"Whetstone":17,"Ginger":92,"Cursed Key":31,"Boot":111,"Sundial":97,"Strawberry":81,"Prayer Wheel":75,"MealTicket":88,"WingedGreaves":49,"Bag of Marbles":16,"PureWater":0,"Toxic Egg 2":20,"TungstenRod":88,"Runic Pyramid":63}],"TungstenRod":50},"card_choices":[{"not_picked":["Vengeance","ClearTheMind"],"picked":"EmptyFist","floor":1.0},{"not_picked":["ThirdEye","Halt"],"picked":"LessonLearned","floor":3.0},{"not_picked":["EmptyFist","PathToVictory"],"picked":"FlurryOfBlows","floor":4.0},{"not_picked":["FlurryOfBlows","PathToVictory"],"picked":"Crescendo","floor":7.0},{"not_picked":["Worship","Crescendo"],"picked":"Evaluate","floor":8.0},{"not_picked":["DeusExMachina+1","LikeWater"],"picked":"Ragnarok","floor":10.0},{"not_picked":["FlyingSleeves","EmptyBody+1"],"picked":"CutThroughFate","floor":12.0},{"not_picked":["JustLucky","Crescendo+1"],"picked":"Consecrate","floor":13.0},{"not_picked":["Omniscience+1","MasterReality"],"picked":"Establishment","floor":16.0},{"not_picked":["FlurryOfBlows","FollowUp"],"picked":"CutThroughFate","floor":18},{"not_picked":["FlurryOfBlows+1","WreathOfFlame+1"],"picked":"ThirdEye+1","floor":20},{"not_picked":["Fasting2","SashWhip"],"picked":"BattleHymn","floor":22},{"not_picked":["Prostrate+1","BattleHymn"],"picked":"ClearTheMind+1","floor":23},{"not_picked":["EmptyBody+1","Consecrate"],"picked":"DeceiveReality+1","floor":28},{"not_picked":["Evaluate+1","Vengeance+1"],"picked":"WheelKick","floor":29},{"not_picked":["ReachHeaven","BattleHymn+1"],"picked":"DeceiveReality+1","floor":30},{"not_picked":["ConjureBlade+1","LessonLearned"],"picked":"Devotion","floor":33},{"not_picked":["FlyingSleeves","Evaluate+1"],"picked":"FlurryOfBlows+1","floor":35},{"not_picked":["FollowUp","Study+1"],"picked":"ClearTheMind+1","floor":36},{"not_picked":["Crescendo+1","FlurryOfBlows"],"picked":"Evaluate+1","floor":39},{"not_picked":["ReachHeaven+1","WreathOfFlame+1"],"picked":"JustLucky","floor":41},{"not_picked":["Pray+1","Sanctity+1"],"picked":"Alpha+1","floor":42},{"not_picked":["EmptyBody+1","BowlingBash+1"],"picked":"Prostrate+1","floor":45},{"not_picked":["Crescendo+1","Adaptation","Perseverance+1"],"picked":"SKIP","floor":46},{"not_picked":["FollowUp","Evaluate+1"],"picked":"Protect+1","floor":54}],"player_experience":104544,"relics_obtained":[{"floor":7.0,"key":"Bag of Marbles"},{"floor":9.0,"key":"Whetstone"},{"floor":10.0,"key":"Toxic Egg 2"},{"floor":23,"key":"Ice Cream"},{"floor":26,"key":"StoneCalendar"},{"floor":29,"key":"WingedGreaves"},{"floor":39,"key":"Prayer Wheel"},{"floor":41,"key":"Strawberry"},{"floor":42,"key":"TungstenRod"},{"floor":45,"key":"Ginger"},{"floor":46,"key":"Sundial"},{"floor":54,"key":"Boot"}],"event_choices":[{"damage_healed":0.0,"max_hp_gain":5.0,"max_hp_loss":0.0,"gold_gain":0.0,"event_name":"Big Fish","player_choice":"Donut","floor":2.0,"gold_loss":0.0,"damage_taken":0.0},{"damage_healed":0.0,"max_hp_gain":0.0,"max_hp_loss":0.0,"gold_gain":0.0,"event_name":"Match and Keep!","player_choice":"2 cards matched","floor":5.0,"gold_loss":0.0,"damage_taken":0.0,"cards_obtained":["Injury","DevaForm"]},{"damage_healed":0.0,"max_hp_gain":0.0,"max_hp_loss":0.0,"gold_gain":0.0,"event_name":"Shining Light","player_choice":"Ignored","floor":14.0,"gold_loss":0.0,"damage_taken":0.0},{"damage_healed":0,"gold_gain":0,"player_choice":"Joined the Cult","damage_taken":6,"max_hp_gain":0,"max_hp_loss":0,"event_name":"Nest","floor":19,"gold_loss":0,"cards_obtained":["RitualDagger"]},{"damage_healed":0,"gold_gain":0,"player_choice":"Ignored","damage_taken":0,"max_hp_gain":0,"max_hp_loss":0,"event_name":"Ghosts","floor":21,"gold_loss":0},{"damage_healed":0,"gold_gain":0,"player_choice":"Simplicity","damage_taken":0,"max_hp_gain":0,"max_hp_loss":0,"event_name":"Back to Basics","floor":24,"gold_loss":0,"cards_upgraded":["Strike_P","Defend_P","Defend_P","Defend_P"]},{"damage_healed":27,"gold_gain":0,"player_choice":"Heal","damage_taken":0,"max_hp_gain":0,"max_hp_loss":0,"event_name":"The Library","floor":25,"gold_loss":0},{"cards_removed":["Injury"],"damage_healed":0,"gold_gain":0,"player_choice":"Gave Gold","damage_taken":0,"max_hp_gain":0,"max_hp_loss":0,"event_name":"Beggar","floor":27,"gold_loss":75},{"damage_healed":0,"gold_gain":0,"player_choice":"Upgraded Two","damage_taken":0,"max_hp_gain":0,"max_hp_loss":0,"event_name":"Designer","floor":31,"gold_loss":40,"cards_upgraded":["WheelKick","EmptyFist"]},{"damage_healed":0,"gold_gain":0,"player_choice":"Ignored","damage_taken":0,"max_hp_gain":0,"max_hp_loss":0,"event_name":"Tomb of Lord Red Mask","floor":37,"gold_loss":0},{"damage_healed":0,"gold_gain":0,"player_choice":"Max HP","damage_taken":0,"max_hp_gain":0,"max_hp_loss":4,"event_name":"Winding Halls","floor":38,"gold_loss":0},{"damage_healed":0,"gold_gain":0,"player_choice":"Fight","damage_taken":0,"max_hp_gain":0,"max_hp_loss":0,"event_name":"MindBloom","floor":39,"gold_loss":0},{"damage_healed":0,"gold_gain":0,"player_choice":"Fight","damage_taken":0,"max_hp_gain":0,"max_hp_loss":0,"event_name":"Mysterious Sphere","floor":45,"gold_loss":0},{"damage_healed":0,"gold_gain":0,"player_choice":"Forge","damage_taken":0,"max_hp_gain":0,"max_hp_loss":0,"event_name":"Accursed Blacksmith","floor":48,"gold_loss":0,"cards_upgraded":["Evaluate"]}],"is_beta":false,"boss_relics":[{"not_picked":["Calling Bell","Tiny House"],"picked":"Cursed Key"},{"not_picked":["Empty Cage","Runic Dome"],"picked":"Runic Pyramid"}],"items_purged_floors":[11,44],"is_endless":false,"potions_floor_spawned":[4,7,10,18,22,29,36,39,42],"killed_by":"The Heart","ascension_level":1}}