{"host":"er8s5flrc5z1a07t","time":1611708571,"event":{"mods":["2.2 Compatiblity","Act Like it!","Aspiration","Bard","BaseMod","Better Note","Better Third Choice","Downfall","Duelist Mod","Elementarium","Energized Spire","GifTheSpireLib","Googly Eyes","Hermit","Hubris","Infinite Spire","Minty Spire (QoL Compilation)","Relic Stats","Shop Mod","StSLib","Stuff the Spire","Synergy Search","The Cursed"],"gold_per_floor":[136,136,156,156,156,156,188,188,266,266,231,250,264,290,290,392,442,454,454,454,167,167,167,198,215,215,215,215,215],"floor_reached":28,"language":"ENG","playtime":1739,"items_purged":[],"score":462,"play_id":"3114a17d-dab0-4bee-8c95-b21394a6040c","local_time":"20210126194931","is_ascension_mode":true,"campfire_choices":[{"data":"theDuelist:ExodiaHead","floor":6,"key":"SMITH"},{"data":"theDuelist:ExodiaHead+1","floor":8,"key":"SMITH"},{"data":"theDuelist:OneForOne","floor":15,"key":"SMITH"},{"data":"theDuelist:ExodiaNecross","floor":23,"key":"SMITH"},{"floor":27,"key":"REST"}],"circlet_count":0,"master_deck":["theDuelist:MillenniumScorpion","theDuelist:CyberArchfiend","theDuelist:Sparks","theDuelist:Wildfire","theDuelist:ClownZombie","theDuelist:BlockSpider","theDuelist:OneForOne","theDuelist:PowerWall","theDuelist:GracefulCharity","theDuelist:ArchfiendSoldier","theDuelist:ExodiaNecross","theDuelist:LegendaryExodia","theDuelist:ExodiaNecross+1","theDuelist:SummonedSkull","theDuelist:ExodiaLA","theDuelist:Mixeroid","theDuelist:BlockSpider","theDuelist:ArchfiendSoldier","theDuelist:IceQueen","theDuelist:ExodiaRA","theDuelist:DarkMagician","theDuelist:GracefulCharity","theDuelist:ExodiaHead+2","theDuelist:ChangeHeart","theDuelist:ZombieMammoth","theDuelist:CardDestruction+1","theDuelist:MillenniumShield","theDuelist:ShardGreed","theDuelist:BloodSparks","theDuelist:RainbowDragon","theDuelist:CaveDragon","theDuelist:ExodiaRL","theDuelist:BlueEyes","theDuelist:FairyBox+1","theDuelist:OjamaYellow","theDuelist:GreenGadget","theDuelist:PowerWall","theDuelist:Sparks","theDuelist:LabyrinthWall","theDuelist:Polymerization","theDuelist:ClownZombie","theDuelist:DarkMasterZorc","theDuelist:MiraculousDescent+1","theDuelist:CombinationAttack","theDuelist:Hinotama+1","theDuelist:SpiralSpearStrike","theDuelist:Mixeroid","theDuelist:OneForOne+1","theDuelist:BeastTalwar","theDuelist:BerserkerCrush","theDuelist:ExodiaLL","theDuelist:Sparks","theDuelist:MagicCylinder","theDuelist:MysticalElf","theDuelist:CaveDragon","theDuelist:Hinotama+1","theDuelist:FeatherShot","theDuelist:PotGreed+1","theDuelist:PowerWall","theDuelist:PowerWall"],"relics":["theDuelist:MillenniumPuzzle","theDuelist:CardPoolRelic","StuffTheSpire:OccultApparatus","theDuelist:BoosterPackPoolRelic","NlothsMask","infinitespire:WardingShard","StuffTheSpire:Expresso","Tiny House","Melange","aspiration:ChemicalBlood","theDuelist:MillenniumArmor","aspiration:HummingbirdHeart"],"acts_visited":["Exordium","TheCity"],"potions_floor_usage":[14,16,24,25],"damage_taken":[{"damage":0,"enemies":"Small Slimes","floor":1,"turns":3},{"damage":2,"enemies":"Cultist","floor":3,"turns":4},{"damage":25,"enemies":"3 Sentries","floor":7,"turns":7},{"damage":1,"enemies":"Jaw Worm","floor":12,"turns":2},{"damage":9,"enemies":"Exordium Wildlife","floor":13,"turns":10},{"damage":10,"enemies":"Gremlin Nob","floor":14,"turns":4},{"damage":14,"enemies":"The Guardian","floor":16,"turns":7},{"damage":21,"enemies":"2 Thieves","floor":18,"turns":4},{"damage":49,"enemies":"Gremlin Leader","floor":24,"turns":6},{"damage":9,"enemies":"3 Byrds","floor":25,"turns":7},{"damage":43,"enemies":"3 Cultists","floor":28,"turns":5}],"seed_played":"2355473912348226766","potions_obtained":[{"floor":13,"key":"theDuelist:SealedPackE"},{"floor":14,"key":"Block Potion"},{"floor":17,"key":"theDuelist:BarricadePotion"},{"floor":18,"key":"theDuelist:MayhemPotion"},{"floor":28,"key":"FearPotion"}],"is_trial":false,"path_per_floor":["M","?","M","?","T","R","E","R","T","?","?","M","M","E","R","B",null,"M","?","?","$","?","R","E","M","T","R","M"],"character_chosen":"THE_DUELIST","items_purchased":["Melange","aspiration:ChemicalBlood"],"campfire_rested":1,"item_purchase_floors":[21,21],"current_hp_per_floor":[76,76,74,74,74,74,49,49,49,77,84,83,74,64,64,50,81,60,60,60,60,69,69,20,11,11,37,0,0],"gold":215,"neow_bonus":"UPGRADE_CARD","is_daily":false,"chose_seed":false,"campfire_upgraded":4,"win_rate":0.0,"timestamp":1611708571,"path_taken":["M","?","?","?","?","R","E","R","T","?","?","M","M","E","R","BOSS","M","?","?","$","?","R","E","M","T","R","?"],"items_purchased_type":["Relic","Relic"],"build_version":"2020-12-22","purchased_purges":0,"victory":false,"max_hp_per_floor":[84,84,84,84,84,84,84,84,84,84,84,84,84,84,84,84,89,89,89,89,89,89,89,89,89,89,89,89,89],"relic_stats":{"counters":[11,59],"Melange":[45],"obtain_stats":[{"theDuelist:MillenniumArmor":24,"Tiny House":17,"StuffTheSpire:Expresso":14,"Melange":21,"aspiration:HummingbirdHeart":26,"theDuelist:MillenniumPuzzle":0,"StuffTheSpire:OccultApparatus":4,"theDuelist:BoosterPackPoolRelic":0,"infinitespire:WardingShard":7,"theDuelist:CardPoolBasicRelic":0,"theDuelist:CardPoolRelic":0,"NlothsMask":2,"aspiration:ChemicalBlood":21},{"theDuelist:MillenniumArmor":9,"Tiny House":7,"StuffTheSpire:Expresso":6,"Melange":8,"aspiration:HummingbirdHeart":10,"theDuelist:MillenniumPuzzle":0,"StuffTheSpire:OccultApparatus":2,"theDuelist:BoosterPackPoolRelic":0,"infinitespire:WardingShard":3,"theDuelist:CardPoolBasicRelic":0,"theDuelist:CardPoolRelic":0,"NlothsMask":1,"aspiration:ChemicalBlood":8},{"theDuelist:MillenniumArmor":47,"Tiny House":37,"StuffTheSpire:Expresso":30,"Melange":41,"aspiration:HummingbirdHeart":54,"theDuelist:MillenniumPuzzle":0,"StuffTheSpire:OccultApparatus":7,"theDuelist:BoosterPackPoolRelic":0,"infinitespire:WardingShard":14,"theDuelist:CardPoolBasicRelic":0,"theDuelist:CardPoolRelic":0,"NlothsMask":3,"aspiration:ChemicalBlood":41}]},"card_choices":[{"not_picked":["theDuelist:UltimateOffering+1","theDuelist:RockSunrise+1","theDuelist:Mausoleum+1","theDuelist:RadiantMirrorForce+1","theDuelist:ImperialOrder+1"],"picked":"SKIP","floor":1},{"not_picked":["theDuelist:RedHeadedOni","theDuelist:RainbowKuriboh","theDuelist:GreyGreedOni","theDuelist:GreenGraveOni","theDuelist:BlueBloodedOni"],"picked":"SKIP","floor":3},{"not_picked":["theDuelist:OneForOne+1","theDuelist:LightningDarts","theDuelist:FuryFire+1","theDuelist:ClearKuriboh"],"picked":"theDuelist:DianKeto+1","floor":7},{"not_picked":["theDuelist:Sangan","theDuelist:GiantSoldierSteel","theDuelist:ImperialOrder","theDuelist:DarklordSuperbia"],"picked":"theDuelist:GreenGraveOni","floor":12},{"not_picked":["theDuelist:Hinotama","theDuelist:BigFire","theDuelist:Polymerization","theDuelist:FuryFire"],"picked":"theDuelist:SilverApples","floor":13},{"not_picked":["theDuelist:Hinotama","theDuelist:WormApocalypse","theDuelist:MagicalStone"],"picked":"theDuelist:BigFire","floor":14},{"not_picked":["theDuelist:WingedKuribohLv10","theDuelist:Solidarity","theDuelist:SmashingGround","theDuelist:RainbowJar"],"picked":"theDuelist:PotForbidden","floor":16},{"not_picked":["theDuelist:UltraPolymerization","theDuelist:PotForbidden","theDuelist:MillenniumShield","theDuelist:Mathematician"],"picked":"theDuelist:ObeliskTormentor","floor":17},{"not_picked":["theDuelist:LightningVortex+1","theDuelist:RedMedicine","theDuelist:ShardGreed","theDuelist:ReleaseFromStone","theDuelist:RainbowBridge"],"picked":"SKIP","floor":18},{"not_picked":["theDuelist:Hinotama","theDuelist:WormApocalypse","theDuelist:Polymerization","theDuelist:BigFire"],"picked":"theDuelist:ScrapFactory","floor":24},{"not_picked":["theDuelist:Hinotama","theDuelist:ScrapFactory","theDuelist:Polymerization","theDuelist:Fissure"],"picked":"theDuelist:BigFire","floor":25}],"player_experience":1163146,"relics_obtained":[{"floor":7,"key":"infinitespire:WardingShard"},{"floor":14,"key":"StuffTheSpire:Expresso"},{"floor":24,"key":"theDuelist:MillenniumArmor"},{"floor":26,"key":"aspiration:HummingbirdHeart"}],"event_choices":[{"damage_healed":0,"gold_gain":0,"player_choice":"Trade","damage_taken":0,"relics_obtained":["NlothsMask"],"max_hp_gain":0,"max_hp_loss":0,"event_name":"FaceTrader","floor":2,"gold_loss":0},{"damage_healed":28,"gold_gain":0,"player_choice":"Banana","damage_taken":0,"max_hp_gain":0,"max_hp_loss":0,"event_name":"Big Fish","floor":10,"gold_loss":0},{"damage_healed":21,"gold_gain":0,"player_choice":"Healed","damage_taken":0,"max_hp_gain":0,"max_hp_loss":0,"event_name":"The Cleric","floor":11,"gold_loss":35}],"is_beta":false,"boss_relics":[{"not_picked":["Empty Cage","StuffTheSpire:RunicConfusion"],"picked":"Tiny House"}],"items_purged_floors":[],"is_endless":false,"potions_floor_spawned":[13,14,18],"killed_by":"3 Cultists","ascension_level":9}}