{"host":"bxd97rc2ofc6op20","time":1611722316,"event":{"mods":["BaseMod","Colored Map","Colored Powertips","Googly Eyes","Highlight Path","Minty Spire (QoL Compilation)","Quick Restart","Rare Cards Sparkle"],"gold_per_floor":[118,132,132,156,170,206,206,241,241,241,15,15,15,15],"floor_reached":13,"language":"ENG","playtime":910,"items_purged":["Injury"],"score":116,"play_id":"7f5d8bc9-013f-4c51-8d6f-cdaf3dad8277","local_time":"20210126203836","is_ascension_mode":true,"campfire_choices":[{"floor":7,"key":"REST"},{"floor":10,"key":"REST"}],"circlet_count":0,"master_deck":["Strike_R","Strike_R","Strike_R","Strike_R","Defend_R","Defend_R","Defend_R","Defend_R","Bash","Second Wind","Entrench","Rage","Shrug It Off","Dark Embrace"],"relics":["Burning Blood","Calipers","Golden Idol","Potion Belt","Molten Egg 2","WingedGreaves","Pen Nib"],"acts_visited":["Exordium"],"potions_floor_usage":[6,6,13],"damage_taken":[{"damage":6,"enemies":"Jaw Worm","floor":1,"turns":5},{"damage":8,"enemies":"2 Louse","floor":2,"turns":4},{"damage":6,"enemies":"Cultist","floor":4,"turns":5},{"damage":12,"enemies":"Looter","floor":5,"turns":5},{"damage":36,"enemies":"Lagavulin","floor":6,"turns":13},{"damage":32,"enemies":"3 Sentries","floor":8,"turns":15},{"damage":55,"enemies":"Gremlin Nob","floor":13,"turns":5}],"seed_played":"5817282825223095527","potions_obtained":[{"floor":2,"key":"Dexterity Potion"},{"floor":4,"key":"DistilledChaos"},{"floor":5,"key":"BloodPotion"}],"is_trial":false,"path_per_floor":["M","M","?","M","M","E","R","E","T","R","$","?","E"],"character_chosen":"IRONCLAD","items_purchased":["Pen Nib"],"campfire_rested":2,"item_purchase_floors":[11],"current_hp_per_floor":[56,54,54,54,48,18,42,16,16,40,40,33,0,0],"gold":15,"neow_bonus":"ONE_RARE_RELIC","is_daily":false,"chose_seed":false,"campfire_upgraded":0,"win_rate":0.0,"timestamp":1611722316,"path_taken":["M","M","?","M","M","E","R","E","T","R","$","?","E"],"items_purchased_type":["Relic"],"build_version":"2020-12-22","purchased_purges":1,"victory":false,"max_hp_per_floor":[80,80,80,80,80,80,80,80,80,80,80,80,80,80],"card_choices":[{"not_picked":["Thunderclap","Bloodletting"],"picked":"Second Wind","floor":1},{"not_picked":["Warcry","Body Slam"],"picked":"Entrench","floor":2},{"not_picked":["Flex","Havoc"],"picked":"Rage","floor":4},{"not_picked":["Whirlwind","Heavy Blade"],"picked":"Shrug It Off","floor":5},{"not_picked":["Twin Strike","Double Tap"],"picked":"Dark Embrace","floor":6}],"player_experience":390329,"relics_obtained":[{"floor":6,"key":"Potion Belt"},{"floor":8,"key":"Molten Egg 2"},{"floor":9,"key":"WingedGreaves"}],"event_choices":[{"damage_healed":0,"gold_gain":0,"player_choice":"Take Wound","damage_taken":0,"relics_obtained":["Golden Idol"],"max_hp_gain":0,"max_hp_loss":0,"event_name":"Golden Idol","floor":3,"gold_loss":0,"cards_obtained":["Injury"]},{"cards_removed":["Strike_R"],"damage_healed":0,"gold_gain":0,"player_choice":"Card Removal","damage_taken":7,"max_hp_gain":0,"max_hp_loss":0,"event_name":"Golden Wing","floor":12,"gold_loss":0}],"is_beta":false,"boss_relics":[],"items_purged_floors":[11],"is_endless":false,"potions_floor_spawned":[2,4,5],"killed_by":"Gremlin Nob","ascension_level":5}}