{"host":"6yvchw9rpa1i4yob","time":1611775282,"event":{"mods":["100% Spire Juice","BaseMod","Colored Map","Conspire","Duelist Mod","GifTheSpireLib","Hubris","Lobotomy","Marisa????????","Minty Spire (QoL Compilation)","Prisma Mod","Quick Restart","StSLib","The Animator","The Necromancer","[IsaacMod]????"],"gold_per_floor":[134,134,146,146,146,146,161,161],"floor_reached":7,"language":"ENG","playtime":1076,"items_purged":[],"score":114,"play_id":"fe223170-031f-4a5c-83a0-94fcf7f80624","local_time":"20210127202122","is_ascension_mode":false,"campfire_choices":[{"floor":6,"key":"REST"}],"circlet_count":0,"master_deck":["conspire:GhostlyStrike","conspire:GhostlyDefend","conspire:GhostlyStrike","conspire:GhostlyDefend","conspire:GhostlyStrike","conspire:GhostlyDefend","conspire:GhostlyStrike","conspire:GhostlyDefend","conspire:GhostlyStrike","conspire:GhostlyDefend","PrismaMod:IllyaUncommonAttack","PrismaMod:IllyaUncommonDefend","BettingIsNotGood","PrismaMod:IllyaDetonatingBlow","PrismaMod:IllyaCheapAttack"],"relics":["HushsDoor","Runic Pyramid","hubris:FruitBowl","Pear","Leech"],"acts_visited":["Exordium"],"potions_floor_usage":[7],"damage_taken":[{"damage":0,"enemies":"Small Slimes","floor":1,"turns":4},{"damage":5,"enemies":"conspire:RoseBush","floor":3,"turns":5},{"damage":14,"enemies":"Lagavulin","floor":7,"turns":30}],"seed_played":"-616817117073212674","potions_obtained":[{"floor":1,"key":"FairyPotion"},{"floor":3,"key":"LiquidMemories"}],"is_trial":false,"path_per_floor":["M","?","M","?","$","R","E"],"character_chosen":"ILLYA","items_purchased":["hubris:FruitBowl","Pear"],"campfire_rested":1,"item_purchase_floors":[5,5],"current_hp_per_floor":[75,75,70,70,51,78,64,64],"gold":161,"neow_bonus":"BOSS_RELIC","is_daily":false,"chose_seed":false,"campfire_upgraded":0,"win_rate":0.0,"timestamp":1611775282,"path_taken":["M","?","M","?","?","R","E"],"items_purchased_type":["Relic","Relic"],"build_version":"2020-12-22","purchased_purges":0,"victory":false,"max_hp_per_floor":[75,75,75,75,90,90,90,90],"card_choices":[{"not_picked":[],"picked":"BettingIsNotGood","floor":0},{"not_picked":["PrismaMod:IllyaEvokeAll","PrismaMod:IllyaPoisonBlock"],"picked":"PrismaMod:IllyaDetonatingBlow","floor":1},{"not_picked":["PrismaMod:IllyaRussianRoulette","PrismaMod:IllyaUpgradeOrbs"],"picked":"PrismaMod:IllyaCheapAttack","floor":3}],"player_experience":31444,"relics_obtained":[],"event_choices":[{"damage_healed":0,"gold_gain":0,"player_choice":"Agree","damage_taken":0,"max_hp_gain":0,"max_hp_loss":0,"event_name":"conspire:LoneGhost","floor":2,"gold_loss":0}],"is_beta":false,"boss_relics":[],"items_purged_floors":[],"is_endless":false,"potions_floor_spawned":[1,3],"killed_by":"Lagavulin","ascension_level":0}}