{"host":"65o06cdlhqyi1y6a","time":1611754406,"event":{"mods":["AchievementEnabler","BaseMod","Minty Spire (QoL Compilation)"],"gold_per_floor":[112,127,145,164,78,111,111,126,126,126,143,176,192,37,37,142,142,160,160,160,173,23,56,56,72,95,95,110,122,122,140,140,243,243,254,18,0,0,11,11,29,41,41,41,51,51,51],"floor_reached":46,"language":"ENG","playtime":6303,"items_purged":["Defend_R"],"score":506,"play_id":"0d4a147b-ceec-44ec-aa8d-d6554061e4fd","local_time":"20210128003326","is_ascension_mode":false,"campfire_choices":[{"floor":7,"key":"REST"},{"data":"Perfected Strike","floor":10,"key":"SMITH"},{"floor":15,"key":"REST"},{"data":"Double Tap","floor":24,"key":"SMITH"},{"data":"Carnage","floor":27,"key":"SMITH"},{"data":"Dual Wield","floor":30,"key":"SMITH"},{"data":"Whirlwind","floor":32,"key":"SMITH"},{"data":"Barricade","floor":40,"key":"SMITH"}],"circlet_count":0,"master_deck":["Strike_R","Strike_R+1","Strike_R","Strike_R+1","Defend_R","Defend_R","Bash","Bloodletting","Combust","Perfected Strike+1","Dual Wield","Twin Strike","Pommel Strike","Whirlwind+1","Body Slam","Clash","Clothesline","Dual Wield+1","Seeing Red","Double Tap+1","Carnage+1","Ghostly","Ghostly","Ghostly","Ghostly","Ghostly","Twin Strike","Clothesline","Berserk","Battle Trance","Thunderclap+1","Carnage","Sword Boomerang+1","Barricade+1","Iron Wave+1","Perfected Strike","Inflame","Warcry","Perfected Strike+1","Writhe"],"relics":["Burning Blood","Shuriken","Red Skull","Orichalcum","Whetstone","Coffee Dripper","Lee\u0027s Waffle","Pantograph","Bag of Marbles","Membership Card","Red Mask","Darkstone Periapt"],"acts_visited":["Exordium","TheCity","TheBeyond"],"potions_floor_usage":[16,16,16],"damage_taken":[{"damage":6,"enemies":"Cultist","floor":1,"turns":5},{"damage":2,"enemies":"Small Slimes","floor":2,"turns":5},{"damage":3,"enemies":"2 Louse","floor":3,"turns":4},{"damage":33,"enemies":"Exordium Thugs","floor":4,"turns":4},{"damage":32,"enemies":"3 Sentries","floor":6,"turns":5},{"damage":3,"enemies":"Large Slime","floor":8,"turns":4},{"damage":6,"enemies":"2 Fungi Beasts","floor":11,"turns":2},{"damage":11,"enemies":"Gremlin Nob","floor":12,"turns":3},{"damage":11,"enemies":"Exordium Thugs","floor":13,"turns":4},{"damage":36,"enemies":"Hexaghost","floor":16,"turns":5},{"damage":16,"enemies":"2 Thieves","floor":18,"turns":4},{"damage":1,"enemies":"3 Byrds","floor":21,"turns":4},{"damage":19,"enemies":"Slavers","floor":23,"turns":5},{"damage":0,"enemies":"Snake Plant","floor":25,"turns":4},{"damage":3,"enemies":"Chosen and Byrds","floor":28,"turns":5},{"damage":0,"enemies":"Shelled Parasite and Fungi","floor":29,"turns":3},{"damage":0,"enemies":"Snake Plant","floor":31,"turns":3},{"damage":43,"enemies":"Champ","floor":33,"turns":10},{"damage":2,"enemies":"Orb Walker","floor":35,"turns":5},{"damage":0,"enemies":"3 Darklings","floor":39,"turns":5},{"damage":13,"enemies":"Sphere and 2 Shapes","floor":41,"turns":3},{"damage":18,"enemies":"Spire Growth","floor":42,"turns":5},{"damage":20,"enemies":"Jaw Worm Horde","floor":45,"turns":6},{"damage":33,"enemies":"Nemesis","floor":46,"turns":3}],"seed_played":"2371779740014840975","potions_obtained":[{"floor":3,"key":"SteroidPotion"},{"floor":4,"key":"BlessingOfTheForge"},{"floor":6,"key":"Strength Potion"},{"floor":11,"key":"SkillPotion"},{"floor":16,"key":"EssenceOfSteel"},{"floor":28,"key":"AttackPotion"},{"floor":29,"key":"Swift Potion"},{"floor":39,"key":"ColorlessPotion"},{"floor":41,"key":"Regen Potion"}],"is_trial":false,"path_per_floor":["M","M","M","M","$","E","R","M","T","R","M","E","M","$","R","B",null,"M","?","?","M","$","E","R","M","T","R","M","M","R","M","R","B",null,"M","$","?","?","M","R","M","M","T","?","M","E"],"character_chosen":"IRONCLAD","items_purchased":["Pommel Strike","Whirlwind","Whetstone","Lee\u0027s Waffle","Perfected Strike","Membership Card"],"campfire_rested":2,"item_purchase_floors":[5,5,14,22,36,36],"current_hp_per_floor":[80,80,80,53,53,27,51,54,54,54,54,49,44,44,68,38,80,70,40,40,40,47,34,34,40,40,40,43,47,47,47,47,10,47,47,47,47,47,47,47,40,28,28,46,32,0,0],"gold":51,"neow_bonus":"TRANSFORM_CARD","is_daily":false,"chose_seed":false,"campfire_upgraded":6,"win_rate":0.0,"timestamp":1611754406,"path_taken":["M","M","M","?","$","E","R","M","T","R","M","E","M","$","R","BOSS","M","?","?","M","$","E","R","M","T","R","M","?","R","M","R","BOSS","M","$","?","?","M","R","?","M","T","?","M","E"],"items_purchased_type":["Card","Card","Relic","Relic","Card","Relic"],"build_version":"2020-12-22","purchased_purges":1,"victory":false,"max_hp_per_floor":[80,80,80,80,80,80,80,80,80,80,80,80,80,80,80,80,80,80,40,40,40,47,47,47,47,47,47,47,47,47,47,47,47,47,47,47,47,47,47,47,47,47,47,53,53,53,53],"card_choices":[{"not_picked":["Armaments","Pummel"],"picked":"Combust","floor":1},{"not_picked":["Pommel Strike","Thunderclap"],"picked":"Perfected Strike","floor":2},{"not_picked":["Anger","Fire Breathing"],"picked":"Dual Wield","floor":3},{"not_picked":["Rage","Entrench"],"picked":"Twin Strike","floor":4},{"not_picked":["Corruption","Thunderclap"],"picked":"Body Slam","floor":6},{"not_picked":["Second Wind","Iron Wave"],"picked":"Clash","floor":8},{"not_picked":["Flex","Corruption"],"picked":"Clothesline","floor":11},{"not_picked":["Clothesline","Shockwave"],"picked":"Dual Wield","floor":12},{"not_picked":["Feel No Pain","Armaments"],"picked":"Seeing Red","floor":13},{"not_picked":["Barricade","Juggernaut"],"picked":"Double Tap","floor":16},{"not_picked":["Thunderclap","Flex"],"picked":"Carnage","floor":18},{"not_picked":["Thunderclap","Iron Wave"],"picked":"Clothesline","floor":21},{"not_picked":["Double Tap","Shrug It Off"],"picked":"Berserk","floor":23},{"not_picked":["Sever Soul","Headbutt"],"picked":"Battle Trance","floor":25},{"not_picked":["Armaments","Disarm"],"picked":"Thunderclap+1","floor":28},{"not_picked":["Clothesline","Dropkick"],"picked":"Carnage","floor":29},{"not_picked":["Carnage","Burning Pact"],"picked":"Sword Boomerang+1","floor":31},{"not_picked":["Feed","Demon Form"],"picked":"Barricade","floor":33},{"not_picked":["Seeing Red","Shrug It Off"],"picked":"Iron Wave+1","floor":35},{"not_picked":["Flex","Cleave"],"picked":"Warcry","floor":39},{"not_picked":["Twin Strike","Dual Wield","Sword Boomerang+1"],"picked":"SKIP","floor":41},{"not_picked":["Ghostly Armor","Reckless Charge"],"picked":"Perfected Strike+1","floor":42},{"not_picked":["Warcry","Armaments+1","Searing Blow"],"picked":"SKIP","floor":45}],"player_experience":0,"relics_obtained":[{"floor":6,"key":"Shuriken"},{"floor":9,"key":"Red Skull"},{"floor":12,"key":"Orichalcum"},{"floor":23,"key":"Pantograph"},{"floor":26,"key":"Bag of Marbles"},{"floor":43,"key":"Darkstone Periapt"}],"event_choices":[{"damage_healed":0,"gold_gain":0,"player_choice":"Became a Ghost","damage_taken":0,"max_hp_gain":0,"max_hp_loss":40,"event_name":"Ghosts","floor":19,"gold_loss":0,"cards_obtained":["Ghostly","Ghostly","Ghostly","Ghostly","Ghostly"]},{"damage_healed":0,"gold_gain":0,"player_choice":"Read","damage_taken":0,"max_hp_gain":0,"max_hp_loss":0,"event_name":"The Library","floor":20,"gold_loss":0,"cards_obtained":["Twin Strike"]},{"damage_healed":0,"gold_gain":0,"player_choice":"Paid","damage_taken":0,"relics_obtained":["Red Mask"],"max_hp_gain":0,"max_hp_loss":0,"event_name":"Tomb of Lord Red Mask","floor":37,"gold_loss":18},{"damage_healed":0,"gold_gain":0,"cards_transformed":["Defend_R"],"player_choice":"Transformed","damage_taken":0,"max_hp_gain":0,"max_hp_loss":0,"event_name":"Transmorgrifier","floor":38,"gold_loss":0,"cards_obtained":["Inflame"]},{"damage_healed":12,"gold_gain":0,"player_choice":"Writhe","damage_taken":0,"max_hp_gain":0,"max_hp_loss":0,"event_name":"Winding Halls","floor":44,"gold_loss":0,"cards_obtained":["Writhe"]}],"is_beta":false,"boss_relics":[{"not_picked":["Empty Cage","Runic Dome"],"picked":"Coffee Dripper"},{"not_picked":[]}],"items_purged_floors":[36],"is_endless":false,"potions_floor_spawned":[3,4,6,11,16,28,29,39,41,45],"killed_by":"Nemesis","ascension_level":0}}