{"host":"3qkmyeoym75lj4wn","time":1611710866,"event":{"mods":["2.2 Compatiblity","Act Like it!","BaseMod","Bestiary","Block Reminder","Colored Powertips","Highlight Path","Minty Spire (QoL Compilation)","Permanent Neow","Rare Cards Sparkle","Relic Stats","StSLib"],"gold_per_floor":[109,129,24,24,37,67,67,67,67,67,96,96,96,125,125,125,125],"floor_reached":16,"language":"ENG","playtime":386,"items_purged":["Strike_B"],"score":236,"play_id":"6746d384-51cb-4af8-8a34-de1599b4ab9c","local_time":"20210127012746","is_ascension_mode":true,"campfire_choices":[{"data":"Zap","floor":7,"key":"SMITH"},{"floor":13,"key":"REST"},{"floor":15,"key":"REST"}],"circlet_count":0,"master_deck":["AscendersBane","Strike_B","Strike_B","Strike_B","Defend_B","Defend_B","Defend_B","Defend_B","Zap+1","Dualcast","Gash","Loop","Gash","Cold Snap","Ball Lightning","Ball Lightning"],"relics":["Cracked Core","InkBottle","DataDisk","Shuriken","Toxic Egg 2","Unceasing Top"],"acts_visited":["Exordium"],"potions_floor_usage":[6,11,12],"damage_taken":[{"damage":0,"enemies":"Small Slimes","floor":1,"turns":3},{"damage":0,"enemies":"2 Louse","floor":2,"turns":4},{"damage":7,"enemies":"Jaw Worm","floor":5,"turns":4},{"damage":16,"enemies":"Lagavulin","floor":6,"turns":6},{"damage":16,"enemies":"3 Sentries","floor":11,"turns":6},{"damage":0,"enemies":"Exordium Thugs","floor":12,"turns":1},{"damage":25,"enemies":"Lagavulin","floor":14,"turns":6},{"damage":31,"enemies":"Hexaghost","floor":16,"turns":7}],"seed_played":"8226093007318107252","potions_obtained":[{"floor":2,"key":"SteroidPotion"},{"floor":6,"key":"SpeedPotion"},{"floor":11,"key":"SmokeBomb"}],"is_trial":false,"path_per_floor":["M","M","$","?","M","E","R","$","T","?","E","M","R","E","R","B"],"character_chosen":"DEFECT","items_purchased":["Cold Snap"],"campfire_rested":2,"item_purchase_floors":[3],"current_hp_per_floor":[64,64,64,64,57,41,41,41,41,30,14,14,35,10,31,0,0],"gold":125,"neow_bonus":"THREE_CARDS","is_daily":false,"chose_seed":false,"campfire_upgraded":1,"win_rate":0.0,"timestamp":1611710866,"path_taken":["M","M","$","?","M","E","R","$","T","?","E","M","R","E","R","BOSS"],"items_purchased_type":["Card"],"build_version":"2020-12-22","purchased_purges":1,"victory":false,"max_hp_per_floor":[71,71,71,71,71,71,71,71,71,71,71,71,71,71,71,71,71],"relic_stats":{"counters":[8,36],"Shuriken":[6],"obtain_stats":[{"DataDisk":9,"Shuriken":10,"Toxic Egg 2":11,"Cracked Core":0,"InkBottle":6,"Unceasing Top":14},{"DataDisk":4,"Shuriken":4,"Toxic Egg 2":5,"Cracked Core":0,"InkBottle":4,"Unceasing Top":7},{"DataDisk":17,"Shuriken":17,"Toxic Egg 2":23,"Cracked Core":0,"InkBottle":17,"Unceasing Top":29}],"InkBottle":[6],"Unceasing Top":[0]},"card_choices":[{"not_picked":["Recycle","Stack"],"picked":"Gash","floor":0},{"not_picked":["Conserve Battery","Rip and Tear"],"picked":"Loop","floor":1},{"not_picked":["Auto Shields","BootSequence"],"picked":"Gash","floor":2},{"not_picked":["Redo","Stack"],"picked":"Ball Lightning","floor":5},{"not_picked":["Streamline","FTL","Cold Snap"],"picked":"SKIP","floor":6},{"not_picked":["Lockon","Blizzard","Beam Cell"],"picked":"SKIP","floor":11},{"not_picked":["Amplify+1","Force Field+1"],"picked":"Ball Lightning","floor":14}],"player_experience":1707136,"relics_obtained":[{"floor":6,"key":"InkBottle"},{"floor":9,"key":"DataDisk"},{"floor":11,"key":"Toxic Egg 2"},{"floor":14,"key":"Unceasing Top"}],"event_choices":[{"damage_healed":0,"gold_gain":0,"player_choice":"Ignored","damage_taken":0,"max_hp_gain":0,"max_hp_loss":0,"event_name":"Golden Wing","floor":4,"gold_loss":0},{"damage_healed":0,"gold_gain":0,"player_choice":"Success","damage_taken":11,"relics_obtained":["Shuriken"],"max_hp_gain":0,"max_hp_loss":0,"event_name":"Scrap Ooze","floor":10,"gold_loss":0}],"is_beta":false,"boss_relics":[],"items_purged_floors":[3],"is_endless":false,"potions_floor_spawned":[2,6,11],"killed_by":"Hexaghost","ascension_level":20}}