{"host":"q57ekfojy3i00x9o","time":1611744442,"event":{"mods":["Arknights The Spire","Aspiration","BaseMod","Colored Map","Energized Spire","Hermit","Minty Spire (QoL Compilation)","Quick Restart","Spicy Shops","Spikes Relics","StSLib","slay the spire mod where everything is the same but ironclad has a cowboy hat"],"gold_per_floor":[118,118,118,134,154,154,174,14,14,14,32,32,32,48,48,125,125,136,155,171,171,186,186,206,206,206,206,222,222,239,239,239,310,310,330,344,363,363,363,363,374,374,398,414,446,446,459,459,459,459],"floor_reached":51,"language":"RUS","playtime":1484,"items_purged":["Strike_R"],"score":1354,"play_id":"46be54d5-bcb7-47a7-94c1-3e0f35d88c5c","local_time":"20210127154722","is_ascension_mode":true,"campfire_choices":[{"data":"Shockwave","floor":6.0,"key":"SMITH"},{"data":"Inflame","floor":10.0,"key":"SMITH"},{"data":"Pummel","floor":12.0,"key":"SMITH"},{"floor":15.0,"key":"REST"},{"floor":23.0,"key":"REST"},{"floor":25.0,"key":"REST"},{"data":"Limit Break","floor":27.0,"key":"SMITH"},{"data":"Berserk","floor":29.0,"key":"SMITH"},{"floor":32,"key":"REST"},{"data":"Flex","floor":40,"key":"SMITH"},{"data":"Limit Break","floor":46,"key":"SMITH"},{"data":"Flex","floor":49,"key":"SMITH"}],"circlet_count":0,"master_deck":["AscendersBane","Strike_R","Strike_R","Strike_R","Strike_R","Defend_R","Defend_R+1","Defend_R","Defend_R+1","Bash","Pummel+1","Shockwave+1","Heavy Blade","Pommel Strike","Inflame+1","Immolate","Berserk+1","Bash","Flex+1","Limit Break+1","Inflame","Flex+1","Pommel Strike","Sword Boomerang","Corruption","Thunderclap","Limit Break+1","Sword Boomerang+1","Twin Strike","Thunderclap","Perfected Strike+1","Disarm+1","Sword Boomerang","Clash","Writhe"],"relics":["Burning Blood","Bronze Scales","Sandwich","Mummified Hand","energizedSpire:TabascoSauce","Matryoshka","War Paint","Eternal Feather","Strawberry","Lantern","BicycleWheel"],"acts_visited":["Exordium","TheCity","TheBeyond"],"potions_floor_usage":[33,33,50],"damage_taken":[{"damage":18.0,"enemies":"Small Slimes","floor":1.0,"turns":4.0},{"damage":10.0,"enemies":"2 Louse","floor":4.0,"turns":3.0},{"damage":14.0,"enemies":"Cultist","floor":5.0,"turns":4.0},{"damage":9.0,"enemies":"Looter","floor":7.0,"turns":3.0},{"damage":15.0,"enemies":"Red Slaver","floor":11.0,"turns":3.0},{"damage":23.0,"enemies":"Exordium Wildlife","floor":14.0,"turns":3.0},{"damage":35.0,"enemies":"Slime Boss","floor":16.0,"turns":8.0},{"damage":12.0,"enemies":"3 Byrds","floor":18.0,"turns":3.0},{"damage":16.0,"enemies":"Spheric Guardian","floor":19.0,"turns":3.0},{"damage":30.0,"enemies":"3 Cultists","floor":20.0,"turns":4.0},{"damage":60.0,"enemies":"Shelled Parasite and Fungi","floor":22.0,"turns":4.0},{"damage":23.0,"enemies":"Centurion and Healer","floor":24.0,"turns":2.0},{"damage":0.0,"enemies":"Snecko","floor":28.0,"turns":2.0},{"damage":51.0,"enemies":"Snake Plant","floor":30.0,"turns":4.0},{"damage":7,"enemies":"Collector","floor":33,"turns":6},{"damage":17,"enemies":"3 Darklings","floor":35,"turns":3},{"damage":0,"enemies":"3 Shapes","floor":36,"turns":1},{"damage":32,"enemies":"3 Darklings","floor":37,"turns":5},{"damage":7,"enemies":"Jaw Worm Horde","floor":41,"turns":2},{"damage":0,"enemies":"Maw","floor":44,"turns":4},{"damage":0,"enemies":"Reptomancer","floor":45,"turns":3},{"damage":37,"enemies":"Spire Growth","floor":47,"turns":3},{"damage":73,"enemies":"Time Eater","floor":50,"turns":6}],"seed_played":"-5039560361056944545","potions_obtained":[{"floor":1.0,"key":"AttackPotion"},{"floor":5.0,"key":"Energy Potion"},{"floor":16.0,"key":"Swift Potion"},{"floor":22.0,"key":"ColorlessPotion"},{"floor":24.0,"key":"CultistPotion"},{"floor":30.0,"key":"LiquidBronze"},{"floor":41,"key":"DuplicationPotion"},{"floor":45,"key":"BlessingOfTheForge"}],"is_trial":false,"path_per_floor":["M","?","?","M","M","R","M","$","T","R","M","R","?","M","R","B",null,"M","M","M","?","M","R","M","R","T","R","M","R","M","?","R","B",null,"M","M","M","T","T","R","M","?","T","M","E","R","M","?","R","B",null],"character_chosen":"IRONCLAD","items_purchased":["Immolate"],"campfire_rested":4,"item_purchase_floors":[8],"current_hp_per_floor":[56,56,56,52,44,44,41,41,41,41,32,32,32,15,37,8,58,52,42,18,85,31,56,39,64,64,64,70,70,25,25,50,49,76,62,65,36,36,36,54,50,54,57,60,63,81,47,65,86,16],"gold":459,"neow_bonus":"THREE_CARDS","is_daily":false,"chose_seed":false,"campfire_upgraded":8,"win_rate":0.0,"timestamp":1611744442,"path_taken":["M","?","?","M","M","R","M","$","T","R","M","R","?","M","R","BOSS","M","M","?","?","M","R","M","R","T","R","?","R","M","?","R","BOSS","M","M","?","?","?","R","M","?","T","M","E","R","?","?","R","BOSS"],"items_purchased_type":["Card"],"build_version":"2020-12-22","purchased_purges":1,"victory":true,"max_hp_per_floor":[75,75,75,75,75,75,75,75,75,75,75,75,75,75,75,75,75,75,75,75,85,85,85,85,85,85,85,85,85,85,85,85,85,85,85,85,85,85,85,85,85,85,88,88,88,88,88,88,88,88],"card_choices":[{"not_picked":["Invigoration","Sentinel"],"picked":"Pummel","floor":0.0},{"not_picked":["Sever Soul","Battle Trance"],"picked":"Shockwave","floor":1.0},{"not_picked":["Iron Wave","Clothesline"],"picked":"Heavy Blade","floor":4.0},{"not_picked":["True Grit","Wild Strike"],"picked":"Pommel Strike","floor":5.0},{"not_picked":["Clash","Flex"],"picked":"Inflame","floor":7.0},{"not_picked":["Body Slam","Armaments","Headbutt"],"picked":"SKIP","floor":11.0},{"not_picked":["Headbutt","Bloodletting"],"picked":"Flex","floor":14.0},{"not_picked":["Impervious","Exhume"],"picked":"Limit Break","floor":16.0},{"not_picked":["Flex","Sentinel"],"picked":"Inflame","floor":18.0},{"not_picked":["Havoc","Seeing Red"],"picked":"Flex","floor":19.0},{"not_picked":["Seeing Red","Headbutt"],"picked":"Limit Break","floor":20.0},{"not_picked":["Havoc","Body Slam"],"picked":"Pommel Strike","floor":22.0},{"not_picked":["Thunderclap","Carnage"],"picked":"Sword Boomerang","floor":24.0},{"not_picked":["Thunderclap","Iron Wave","Warcry"],"picked":"SKIP","floor":28.0},{"not_picked":["Whirlwind","Hemokinesis","Iron Wave"],"picked":"SKIP","floor":30.0},{"not_picked":["Reaper","Fiend Fire"],"picked":"Limit Break","floor":33},{"not_picked":["Seeing Red","Dropkick"],"picked":"Sword Boomerang+1","floor":35},{"not_picked":["Wild Strike+1","Hemokinesis+1"],"picked":"Twin Strike","floor":36},{"not_picked":["Power Through","Perfected Strike"],"picked":"Thunderclap","floor":37},{"not_picked":["Clash","Blood for Blood"],"picked":"Perfected Strike+1","floor":41},{"not_picked":["Wild Strike","Second Wind+1"],"picked":"Disarm+1","floor":44},{"not_picked":["Headbutt","Body Slam"],"picked":"Sword Boomerang","floor":45},{"not_picked":["Rage","Pommel Strike"],"picked":"Clash","floor":47}],"player_experience":730983,"relics_obtained":[{"floor":9.0,"key":"Bronze Scales"},{"floor":26.0,"key":"Mummified Hand"},{"floor":38,"key":"Matryoshka"},{"floor":39,"key":"War Paint"},{"floor":39,"key":"Eternal Feather"},{"floor":43,"key":"Strawberry"},{"floor":43,"key":"Lantern"},{"floor":45,"key":"BicycleWheel"}],"event_choices":[{"damage_healed":0.0,"max_hp_gain":0.0,"max_hp_loss":0.0,"gold_gain":0.0,"event_name":"The Cleric","player_choice":"Leave","floor":2.0,"gold_loss":0.0,"damage_taken":0.0},{"damage_healed":0.0,"max_hp_gain":0.0,"max_hp_loss":0.0,"gold_gain":0.0,"event_name":"Golden Wing","player_choice":"Ignored","floor":3.0,"gold_loss":0.0,"damage_taken":0.0},{"damage_healed":0.0,"max_hp_gain":0.0,"max_hp_loss":0.0,"gold_gain":0.0,"event_name":"Match and Keep!","player_choice":"2 cards matched","floor":13.0,"gold_loss":0.0,"damage_taken":0.0,"cards_obtained":["Berserk","Bash"]},{"cards_removed":["Limit Break"],"damage_healed":57.0,"max_hp_gain":10.0,"max_hp_loss":0.0,"gold_gain":0.0,"event_name":"Bonfire Elementals","player_choice":"Offered Rare","floor":21.0,"gold_loss":0.0,"damage_taken":0.0},{"damage_healed":0,"gold_gain":0,"player_choice":"2 cards matched","damage_taken":0,"max_hp_gain":0,"max_hp_loss":0,"event_name":"Match and Keep!","floor":31,"gold_loss":0,"cards_obtained":["Corruption","Thunderclap"]},{"damage_healed":18,"gold_gain":0,"player_choice":"Writhe","damage_taken":0,"max_hp_gain":0,"max_hp_loss":0,"event_name":"Winding Halls","floor":48,"gold_loss":0,"cards_obtained":["Writhe"]}],"is_beta":false,"boss_relics":[{"not_picked":["Fusion Hammer","energizedSpire:EnergizedDie"],"picked":"Sandwich"},{"not_picked":["Mark of Pain","aspiration:FutureDiary"],"picked":"energizedSpire:TabascoSauce"}],"items_purged_floors":[8],"is_endless":false,"potions_floor_spawned":[1,5,16,22,24,30,41,45],"ascension_level":18}}