{"host":"gafwejejal4v72m6","time":1611754031,"event":{"mods":["Aspiration","BaseMod","BetterRewards","Clockwork Mod","Conspire","Hermit","Hubris","Minty Spire (QoL Compilation)","Rare Cards Sparkle","Shop Mod","StSLib","The Necromancer"],"gold_per_floor":[118,53,67,80,98,98,98],"floor_reached":6,"language":"RUS","playtime":363,"items_purged":[],"score":42,"play_id":"d0938a22-cb7d-409e-b1ce-4d4a08790086","local_time":"20210127202711","is_ascension_mode":true,"campfire_choices":[],"circlet_count":0,"master_deck":["Strike_P","Strike_P","Strike_P","Strike_P","Defend_P","Defend_P","Defend_P","Defend_P","Eruption","Vigilance","Enlightenment","Prostrate","TalkToTheHand","CutThroughFate","Prostrate","Collect"],"relics":["PureWater","Question Card","hubris:OldNail","Chemical X","Anchor"],"acts_visited":["Exordium"],"potions_floor_usage":[6,6],"damage_taken":[{"damage":11,"enemies":"Jaw Worm","floor":1,"turns":7},{"damage":0,"enemies":"Cultist","floor":3,"turns":2},{"damage":0,"enemies":"Small Slimes","floor":4,"turns":2},{"damage":0,"enemies":"Red Slaver","floor":5,"turns":5},{"damage":54,"enemies":"Gremlin Nob","floor":6,"turns":5}],"seed_played":"480724359986779235","potions_obtained":[{"floor":4,"key":"Weak Potion"},{"floor":5,"key":"Energy Potion"}],"is_trial":false,"path_per_floor":["M","?","M","M","M","E"],"character_chosen":"WATCHER","items_purchased":["Question Card","Enlightenment","hubris:OldNail","Chemical X","Prostrate"],"campfire_rested":0,"item_purchase_floors":[0,0,0,0,0],"current_hp_per_floor":[40,40,40,40,40,0,0],"gold":98,"neow_bonus":"","is_daily":false,"chose_seed":false,"campfire_upgraded":0,"win_rate":0.0,"timestamp":1611754031,"path_taken":["M","?","M","M","?","E"],"items_purchased_type":["Relic","Card","Relic","Relic","Card"],"build_version":"2020-12-22","purchased_purges":0,"victory":false,"max_hp_per_floor":[72,72,72,72,72,72,72],"card_choices":[{"not_picked":["Weave","LikeWater","EmptyMind"],"picked":"TalkToTheHand","floor":1},{"not_picked":["JustLucky","Worship","SashWhip"],"picked":"CutThroughFate","floor":3},{"not_picked":["Consecrate","EmptyBody","CrushJoints"],"picked":"Prostrate","floor":4},{"not_picked":["FlurryOfBlows","Tantrum","Prostrate"],"picked":"Collect","floor":5}],"player_experience":107369,"relics_obtained":[],"event_choices":[{"damage_healed":0,"gold_gain":0,"player_choice":"Paid Gold","damage_taken":0,"relics_obtained":["Anchor"],"max_hp_gain":0,"max_hp_loss":0,"event_name":"WeMeetAgain","floor":2,"gold_loss":65}],"is_beta":false,"boss_relics":[],"items_purged_floors":[],"is_endless":false,"potions_floor_spawned":[4,5],"killed_by":"Gremlin Nob","ascension_level":2}}