{"host":"xko5sdb82mf02c09","time":1611778431,"event":{"mods":["AchievementEnabler","BaseMod","Colored Map","Minty Spire (QoL Compilation)","StSLib","everything is the same but u backflip on backflip"],"gold_per_floor":[113,128,145,145,163,195,195,228,282,299,299,474,145,145,145,250,250,266,48,59,59,21,21,36,36,36,36,36,53,68,0,0,105,105,123,123,142,67,83,109,109,109,133,133,143,159,159,10,10,10],"floor_reached":51,"language":"KOR","playtime":1728,"items_purged":["Doubt"],"score":982,"play_id":"8830a476-4793-42ae-843a-99fd4ec872c3","local_time":"20210128051351","is_ascension_mode":true,"campfire_choices":[{"data":"Buffer","floor":7,"key":"SMITH"},{"floor":15,"key":"REST"},{"floor":23,"key":"REST"},{"data":"Apotheosis","floor":25,"key":"SMITH"},{"floor":27,"key":"REST"},{"floor":32,"key":"REST"},{"data":"Buffer","floor":41,"key":"SMITH"},{"data":"Storm","floor":44,"key":"SMITH"},{"floor":47,"key":"REST"},{"data":"White Noise","floor":49,"key":"SMITH"}],"circlet_count":0,"master_deck":["Strike_B","Strike_B","Strike_B","Strike_B","Defend_B","Defend_B","Defend_B+1","Defend_B","Zap","Dualcast+1","Ball Lightning","Coolheaded","Undo","Buffer+1","Leap","Gash","Loop","Apotheosis+1","Steam","Machine Learning","Ball Lightning+1","Storm+1","Coolheaded","Creative AI","Storm+1","Steam","Beam Cell","Buffer+1","Loop","Steam Power","Coolheaded+1","BootSequence+1","Skim+1","Defragment+1","Electrodynamics","Madness","Madness","Loop","Seek","Clumsy","White Noise+1","Capacitor+1","Steam"],"relics":["FrozenCore","NeowsBlessing","Mummified Hand","Darkstone Periapt","Dream Catcher","Orrery","Oddly Smooth Stone","Kunai","Nilry\u0027s Codex","Snecko Eye","Unceasing Top","Bag of Preparation","Lee\u0027s Waffle"],"acts_visited":["Exordium","TheCity","TheBeyond"],"potions_floor_usage":[8,16,46,50,50],"damage_taken":[{"damage":0,"enemies":"Small Slimes","floor":1,"turns":1},{"damage":0,"enemies":"Jaw Worm","floor":2,"turns":1},{"damage":0,"enemies":"2 Louse","floor":3,"turns":1},{"damage":5,"enemies":"Large Slime","floor":5,"turns":4},{"damage":41,"enemies":"Gremlin Nob","floor":6,"turns":6},{"damage":14,"enemies":"Lagavulin","floor":8,"turns":7},{"damage":7,"enemies":"2 Fungi Beasts","floor":10,"turns":4},{"damage":0,"enemies":"Slime Boss","floor":16,"turns":9},{"damage":33,"enemies":"3 Byrds","floor":18,"turns":6},{"damage":26,"enemies":"Shell Parasite","floor":20,"turns":5},{"damage":13,"enemies":"Centurion and Healer","floor":24,"turns":8},{"damage":11,"enemies":"Sentry and Sphere","floor":29,"turns":6},{"damage":0,"enemies":"Snecko","floor":30,"turns":4},{"damage":0,"enemies":"Champ","floor":33,"turns":9},{"damage":0,"enemies":"3 Shapes","floor":35,"turns":3},{"damage":0,"enemies":"3 Darklings","floor":37,"turns":4},{"damage":22,"enemies":"Transient","floor":39,"turns":5},{"damage":9,"enemies":"Nemesis","floor":40,"turns":7},{"damage":0,"enemies":"4 Shapes","floor":45,"turns":3},{"damage":9,"enemies":"3 Darklings","floor":46,"turns":3},{"damage":87,"enemies":"Awakened One","floor":50,"turns":6}],"seed_played":"3944998904025980542","potions_obtained":[{"floor":1,"key":"Regen Potion"},{"floor":6,"key":"SneckoOil"},{"floor":18,"key":"SpeedPotion"},{"floor":24,"key":"LiquidMemories"},{"floor":30,"key":"FocusPotion"},{"floor":35,"key":"ColorlessPotion"},{"floor":46,"key":"Strength Potion"}],"is_trial":false,"path_per_floor":["M","M","M","?","M","E","R","E","T","M","?","?","$","?","R","B",null,"M","$","M","?","$","R","M","R","T","R","?","M","M","?","R","B",null,"M","?","M","$","M","E","R","?","T","R","M","M","R","$","R","B",null],"character_chosen":"DEFECT","items_purchased":["Loop","Apotheosis","Storm","Orrery","Loop","Loop","Lee\u0027s Waffle"],"campfire_rested":5,"item_purchase_floors":[13,13,19,19,22,38,48],"current_hp_per_floor":[75,75,75,80,75,34,34,29,29,22,6,12,12,12,37,37,86,53,53,27,27,27,52,39,39,39,64,48,37,37,37,62,62,86,86,75,75,75,53,44,44,50,50,50,50,41,68,99,99,12],"gold":10,"neow_bonus":"THREE_ENEMY_KILL","is_daily":false,"chose_seed":false,"campfire_upgraded":5,"win_rate":0.0,"timestamp":1611778431,"path_taken":["M","M","M","?","M","E","R","E","T","M","?","?","$","?","R","BOSS","M","$","M","?","$","R","M","R","T","R","?","M","M","?","R","BOSS","M","?","M","$","M","E","R","?","T","R","M","?","R","$","R","BOSS"],"items_purchased_type":["Card","Card","Card","Relic","Card","Card","Relic"],"build_version":"2020-12-22","purchased_purges":1,"victory":true,"max_hp_per_floor":[75,75,75,80,80,80,80,80,80,80,80,86,86,86,86,86,86,86,86,86,86,86,86,86,86,86,86,86,86,86,86,86,86,86,86,86,86,86,86,86,86,92,92,92,92,92,92,99,99,99],"card_choices":[{"not_picked":["Beam Cell","Rebound"],"picked":"Ball Lightning","floor":1},{"not_picked":["Conserve Battery","Streamline"],"picked":"Coolheaded","floor":2},{"not_picked":["Double Energy","Glacier"],"picked":"Undo","floor":3},{"not_picked":["Aggregate","Recycle"],"picked":"Buffer","floor":5},{"not_picked":["Redo","Cold Snap"],"picked":"Leap","floor":6},{"not_picked":["Blizzard","Streamline","Aggregate"],"picked":"SKIP","floor":8},{"not_picked":["Steam Power","Go for the Eyes"],"picked":"Gash","floor":10},{"not_picked":["Redo","Stack"],"picked":"Steam","floor":15},{"not_picked":["Fission","Core Surge"],"picked":"Machine Learning","floor":16},{"not_picked":["Compile Driver","Sunder"],"picked":"Ball Lightning+1","floor":18},{"not_picked":["Redo","Gash"],"picked":"Coolheaded","floor":19},{"not_picked":["Sweeping Beam","Turbo"],"picked":"Creative AI","floor":19},{"not_picked":["Beam Cell","White Noise"],"picked":"Storm+1","floor":19},{"not_picked":["Go for the Eyes","Coolheaded"],"picked":"Steam","floor":19},{"not_picked":["Barrage","Redo"],"picked":"Beam Cell","floor":19},{"not_picked":["Steam","Sweeping Beam"],"picked":"Buffer","floor":20},{"not_picked":["Consume","Turbo+1"],"picked":"Steam Power","floor":23},{"not_picked":["Sweeping Beam","Hologram","Coolheaded"],"picked":"SKIP","floor":24},{"not_picked":["Beam Cell","Sweeping Beam+1"],"picked":"Coolheaded+1","floor":27},{"not_picked":["Glacier+1","Force Field"],"picked":"BootSequence+1","floor":29},{"not_picked":["Hologram+1","Hello World"],"picked":"Skim+1","floor":30},{"not_picked":["Barrage","Steam+1"],"picked":"Defragment+1","floor":32},{"not_picked":["Biased Cognition","Thunder Strike"],"picked":"Electrodynamics","floor":33},{"not_picked":["Fusion+1","Stack","Beam Cell"],"picked":"SKIP","floor":35},{"not_picked":["Barrage+1","Skim+1","Steam"],"picked":"SKIP","floor":37},{"not_picked":["BootSequence","Leap","Beam Cell+1"],"picked":"SKIP","floor":39},{"not_picked":["Coolheaded","Compile Driver"],"picked":"Seek","floor":40},{"not_picked":["Blizzard","Sweeping Beam+1"],"picked":"White Noise","floor":45},{"not_picked":["Glacier","Beam Cell"],"picked":"Capacitor+1","floor":46},{"not_picked":["Ball Lightning","Sweeping Beam+1"],"picked":"Steam","floor":47}],"player_experience":496934,"relics_obtained":[{"floor":6,"key":"Mummified Hand"},{"floor":8,"key":"Darkstone Periapt"},{"floor":9,"key":"Dream Catcher"},{"floor":26,"key":"Kunai"},{"floor":28,"key":"Nilry\u0027s Codex"},{"floor":40,"key":"Unceasing Top"},{"floor":43,"key":"Bag of Preparation"}],"event_choices":[{"damage_healed":0,"gold_gain":0,"player_choice":"Donut","damage_taken":0,"max_hp_gain":5,"max_hp_loss":0,"event_name":"Big Fish","floor":4,"gold_loss":0},{"damage_healed":0,"gold_gain":0,"player_choice":"Entered Light","damage_taken":16,"max_hp_gain":0,"max_hp_loss":0,"event_name":"Shining Light","floor":11,"gold_loss":0,"cards_upgraded":["Dualcast","Defend_B"]},{"damage_healed":0,"gold_gain":175,"player_choice":"AGREE","damage_taken":0,"max_hp_gain":0,"max_hp_loss":0,"event_name":"Liars Game","floor":12,"gold_loss":0,"cards_obtained":["Doubt"]},{"damage_healed":0,"gold_gain":0,"player_choice":"Searched \u00270\u0027 times","damage_taken":0,"max_hp_gain":0,"max_hp_loss":0,"event_name":"Dead Adventurer","floor":14,"gold_loss":0},{"damage_healed":0,"gold_gain":0,"player_choice":"Opened","damage_taken":0,"relics_obtained":["Oddly Smooth Stone"],"max_hp_gain":0,"max_hp_loss":0,"event_name":"The Mausoleum","floor":21,"gold_loss":0},{"damage_healed":0,"gold_gain":0,"player_choice":"Obtained Book","damage_taken":16,"max_hp_gain":0,"max_hp_loss":0,"event_name":"Cursed Tome","floor":28,"gold_loss":0},{"damage_healed":0,"gold_gain":0,"player_choice":"Paid Fearfully","damage_taken":0,"max_hp_gain":0,"max_hp_loss":0,"event_name":"Masked Bandits","floor":31,"gold_loss":68},{"damage_healed":0,"gold_gain":0,"player_choice":"Embrace Madness","damage_taken":11,"max_hp_gain":0,"max_hp_loss":0,"event_name":"Winding Halls","floor":36,"gold_loss":0,"cards_obtained":["Madness","Madness"]},{"damage_healed":0,"gold_gain":0,"player_choice":"1 cards matched","damage_taken":0,"max_hp_gain":0,"max_hp_loss":0,"event_name":"Match and Keep!","floor":42,"gold_loss":0,"cards_obtained":["Clumsy"]}],"is_beta":false,"boss_relics":[{"not_picked":["Coffee Dripper","Busted Crown"],"picked":"FrozenCore"},{"not_picked":["Tiny House","Philosopher\u0027s Stone"],"picked":"Snecko Eye"}],"items_purged_floors":[13],"is_endless":false,"potions_floor_spawned":[1,6,18,24,30,35,39,46],"ascension_level":4}}