{"host":"y3h3n3f7seyagppx","time":1611722594,"event":{"mods":["AlwaysNeverKeys","BaseMod","Better Vampires","Colored Powertips","DeckTracker","Emptier Cage","Minty Spire (QoL Compilation)","Permanent Neow","Quick Restart","Rare Cards Sparkle","Relic Sorter","Relic Stats","StSLib","Transform Curses"],"gold_per_floor":[113,130,144,159,176,208,208,240,240,250,274,274,274,274],"floor_reached":13,"language":"ENG","playtime":1019,"items_purged":[],"score":194,"play_id":"bb85e67c-bbba-4a60-abd3-037e60f25f4a","local_time":"20210126234314","is_ascension_mode":true,"campfire_choices":[{"floor":7.0,"key":"REST"}],"circlet_count":0,"master_deck":["AscendersBane","Strike_R","Strike_R","Strike_R","Strike_R","Defend_R","Defend_R","Defend_R","Defend_R","Bash","The Bomb","Pommel Strike","Ghostly Armor","Corruption","Anger","Power Through","Exhume","Flame Barrier"],"relics":["Burning Blood","Tiny Chest","Bottled Lightning","Eternal Feather","MealTicket"],"acts_visited":["Exordium"],"potions_floor_usage":[],"damage_taken":[{"damage":7.0,"enemies":"Cultist","floor":1.0,"turns":4.0},{"damage":11.0,"enemies":"Jaw Worm","floor":2.0,"turns":4.0},{"damage":5.0,"enemies":"Small Slimes","floor":3.0,"turns":4.0},{"damage":7.0,"enemies":"3 Louse","floor":4.0,"turns":6.0},{"damage":12.0,"enemies":"Exordium Wildlife","floor":5.0,"turns":3.0},{"damage":32.0,"enemies":"Gremlin Nob","floor":6.0,"turns":4.0},{"damage":10.0,"enemies":"3 Sentries","floor":8.0,"turns":3.0},{"damage":16,"enemies":"Lots of Slimes","floor":10,"turns":6},{"damage":39,"enemies":"Gremlin Nob","floor":13,"turns":3}],"seed_played":"2620104551486145643","potions_obtained":[{"floor":3.0,"key":"ElixirPotion"},{"floor":4.0,"key":"SpeedPotion"},{"floor":5.0,"key":"Explosive Potion"},{"floor":6.0,"key":"Dexterity Potion"}],"is_trial":false,"path_per_floor":["M","M","M","M","M","E","R","E","T","M","T","?","E"],"character_chosen":"IRONCLAD","items_purchased":[],"campfire_rested":1,"item_purchase_floors":[],"current_hp_per_floor":[67,62,63,62,56,30,50,46,46,36,36,36,0,0],"gold":274,"neow_bonus":"RANDOM_COLORLESS_2","is_daily":false,"chose_seed":false,"campfire_upgraded":0,"win_rate":0.0,"timestamp":1611722594,"path_taken":["M","M","?","M","M","E","R","E","T","M","?","?","E"],"items_purchased_type":[],"build_version":"2020-12-22","purchased_purges":0,"victory":false,"max_hp_per_floor":[68,68,68,68,68,68,68,68,68,68,68,68,68,68],"relic_stats":{"counters":[9,37],"Tiny Chest":0,"Eternal Feather":0,"MealTicket":0,"obtain_stats":[{"Tiny Chest":6,"Eternal Feather":9,"MealTicket":11,"Bottled Lightning":8,"Burning Blood":0},{"Tiny Chest":6,"Eternal Feather":7,"MealTicket":8,"Bottled Lightning":7,"Burning Blood":0},{"Tiny Chest":25,"Eternal Feather":28,"MealTicket":34,"Bottled Lightning":28,"Burning Blood":0}],"Burning Blood":48},"card_choices":[{"not_picked":["Master of Strategy","Secret Weapon"],"picked":"The Bomb","floor":0.0},{"not_picked":["Flex","Fire Breathing"],"picked":"Pommel Strike","floor":1.0},{"not_picked":["Rampage","True Grit"],"picked":"Ghostly Armor","floor":2.0},{"not_picked":["Havoc","Feel No Pain"],"picked":"Corruption","floor":3.0},{"not_picked":["Thunderclap","Clash"],"picked":"Anger","floor":4.0},{"not_picked":["Iron Wave","Perfected Strike"],"picked":"Power Through","floor":5.0},{"not_picked":["Sentinel","Rupture"],"picked":"Exhume","floor":6.0},{"not_picked":["Thunderclap","Wild Strike"],"picked":"Flame Barrier","floor":8.0},{"not_picked":["Thunderclap","Dual Wield","Seeing Red"],"picked":"SKIP","floor":10}],"player_experience":21647838,"relics_obtained":[{"floor":6.0,"key":"Tiny Chest"},{"floor":8.0,"key":"Bottled Lightning"},{"floor":9.0,"key":"Eternal Feather"},{"floor":11,"key":"MealTicket"}],"event_choices":[{"cards_removed":["Strike_R"],"damage_healed":0,"gold_gain":0,"player_choice":"Offered Basic","damage_taken":0,"max_hp_gain":0,"max_hp_loss":0,"event_name":"Bonfire Elementals","floor":12,"gold_loss":0}],"is_beta":false,"boss_relics":[],"items_purged_floors":[],"is_endless":false,"potions_floor_spawned":[3,4,5,6],"killed_by":"Gremlin Nob","ascension_level":20}}