{"host":"rolltorest","time":1611787459,"event":{"mods":["BaseMod","Jorbs\u0027s Wanderer Trilogy","Koishi","Minty Spire (QoL Compilation)","Relic Stats","Robot Space Explorer","Slay the Relics Exporter","StSLib","The Servant 0.9.4"],"gold_per_floor":[114,114,50,61,2,35,35,55,80,80,111,111,111,146,146,242,242,258,258,81,81,105,105,143,66,66,89,130,150,183,183,183,272,272,296,309,374,405,423,463,486,520,520,568,568,386,719,744,744,744,744,744,744,13,55,55,55],"floor_reached":56,"language":"ENG","playtime":2492,"items_purged":["Koishi:BasicStrike","Koishi:BasicStrike+1","Koishi:BasicStrike+1"],"score":2193,"play_id":"7cf947ec-5028-4940-aa9d-63819a780668","local_time":"20210127144419","is_ascension_mode":true,"campfire_choices":[{"data":"Koishi:StingingMind","floor":7,"key":"SMITH"},{"data":"Koishi:EmbryosDream","floor":10,"key":"SMITH"},{"data":"Koishi:TraumaticStroke","floor":13,"key":"SMITH"},{"data":"Koishi:Jaunt","floor":15,"key":"SMITH"},{"data":"Trip","floor":23,"key":"SMITH"},{"data":"Koishi:Whimsy","floor":32,"key":"SMITH"},{"floor":49,"key":"RECALL"},{"floor":53,"key":"DIG"}],"circlet_count":0,"master_deck":["AscendersBane","Koishi:BasicStrike+1","Koishi:BasicDefend+1","Koishi:BasicDefend+1","Koishi:BasicDefend+1","Koishi:BasicDefend+1","Koishi:Provoke","Koishi:HauntingSlash","Koishi:YoukaiPolygraph+1","Koishi:EmbryosDream+1","Koishi:StingingMind+1","Koishi:DanmakuParanoia","Koishi:TraumaticStroke+1","Koishi:Jaunt+1","Koishi:TerrifyingSpectre+1","Trip+1","RitualDagger","Koishi:JumpScare","Koishi:PredatoryInstincts","Koishi:Jaunt+1","Koishi:SprinkleStarAndHeart","Koishi:SpiritedAway+1","Koishi:Whimsy+1","Koishi:RuptureMind","Koishi:UnseenTerror","Koishi:UnseenTerror","Koishi:MassHysteria","Koishi:BloodcurdlingScream","Koishi:HeartStoppingHorror","Koishi:TremblingHands+1","Koishi:Possession","Koishi:GhostParty+1","Koishi:Untouchable","Koishi:Untouchable","Koishi:Catatonia","Koishi:LastRemote"],"relics":["Koishi:ImaginaryFriend","NeowsBlessing","Lantern","PreservedInsect","Koishi:BloodstainedWhiteRose","Turnip","Mango","Sozu","Koishi:AHoleWhereASisterShouldBe","The Courier","Juzu Bracelet","Tiny Chest","Snecko Eye","Shovel","CaptainsWheel","CeramicFish","StoneCalendar","Smiling Mask","Vajra","Oddly Smooth Stone","Kunai","DollysMirror","Ornamental Fan","Bag of Preparation","Bag of Marbles","Strawberry"],"acts_visited":["Exordium","TheCity","TheBeyond","TheEnding"],"potions_floor_usage":[16,22,44],"damage_taken":[{"damage":0,"enemies":"Small Slimes","floor":1,"turns":1},{"damage":0,"enemies":"Cultist","floor":4,"turns":1},{"damage":0,"enemies":"3 Sentries","floor":6,"turns":1},{"damage":0,"enemies":"2 Louse","floor":8,"turns":3},{"damage":28,"enemies":"Gremlin Nob","floor":11,"turns":4},{"damage":7,"enemies":"Lagavulin","floor":14,"turns":6},{"damage":18,"enemies":"The Guardian","floor":16,"turns":17},{"damage":8,"enemies":"2 Thieves","floor":18,"turns":5},{"damage":0,"enemies":"3 Byrds","floor":22,"turns":2},{"damage":23,"enemies":"Book of Stabbing","floor":24,"turns":7},{"damage":0,"enemies":"Centurion and Healer","floor":27,"turns":7},{"damage":21,"enemies":"Slavers","floor":28,"turns":6},{"damage":1,"enemies":"Snake Plant","floor":29,"turns":3},{"damage":14,"enemies":"Book of Stabbing","floor":30,"turns":5},{"damage":52,"enemies":"Champ","floor":33,"turns":16},{"damage":0,"enemies":"Orb Walker","floor":35,"turns":4},{"damage":0,"enemies":"3 Shapes","floor":36,"turns":3},{"damage":28,"enemies":"2 Orb Walkers","floor":37,"turns":6},{"damage":20,"enemies":"Mind Bloom Boss Battle","floor":38,"turns":8},{"damage":0,"enemies":"Jaw Worm Horde","floor":39,"turns":2},{"damage":33,"enemies":"Nemesis","floor":40,"turns":7},{"damage":0,"enemies":"3 Darklings","floor":41,"turns":2},{"damage":1,"enemies":"Giant Head","floor":42,"turns":6},{"damage":18,"enemies":"Reptomancer","floor":44,"turns":5},{"damage":0,"enemies":"Sphere and 2 Shapes","floor":48,"turns":4},{"damage":58,"enemies":"Donu and Deca","floor":50,"turns":13},{"damage":79,"enemies":"Awakened One","floor":51,"turns":19},{"damage":17,"enemies":"Shield and Spear","floor":55,"turns":8},{"damage":95,"enemies":"The Heart","floor":56,"turns":12}],"seed_played":"586607689725249164","potions_obtained":[{"floor":1,"key":"Fruit Juice"},{"floor":8,"key":"LiquidBronze"},{"floor":16,"key":"DistilledChaos"}],"is_trial":false,"path_per_floor":["M","?","?","M","$","E","R","M","T","R","E","?","R","E","R","B",null,"M","?","$","?","M","R","E","$","T","M","E","M","E","?","R","B",null,"M","M","?","?","M","E","M","E","T","E","T","$","?","M","R","B","B",null,"R","$","E","B"],"character_chosen":"KOISHI","items_purchased":["Koishi:StingingMind","Trip","Koishi:PredatoryInstincts","Oddly Smooth Stone","Koishi:Untouchable","DollysMirror","Koishi:Catatonia","Ornamental Fan","Bag of Preparation","Bag of Marbles"],"campfire_rested":0,"item_purchase_floors":[5,20,25,46,54,54,54,54,54,54],"current_hp_per_floor":[51,34,34,34,34,34,34,34,34,34,14,14,14,30,30,32,61,61,61,61,55,58,58,43,43,43,65,63,71,71,71,71,47,65,71,71,63,52,58,44,53,71,71,65,65,65,65,71,71,32,40,63,63,63,77,0,0],"gold":55,"neow_bonus":"THREE_ENEMY_KILL","is_daily":false,"chose_seed":false,"campfire_upgraded":6,"win_rate":0.0,"timestamp":1611787459,"path_taken":["M","?","?","?","$","E","R","M","T","R","E","?","R","E","R","BOSS","M","?","?","?","M","R","E","?","T","M","E","M","E","?","R","BOSS","M","M","?","?","M","E","M","E","T","E","?","?","?","M","R","BOSS","BOSS","R","$","E","BOSS"],"items_purchased_type":["Card","Card","Card","Relic","Card","Relic","Card","Relic","Relic","Relic"],"build_version":"2020-12-18","purchased_purges":3,"victory":false,"max_hp_per_floor":[57,57,57,57,57,57,57,57,57,57,57,52,52,66,66,71,71,71,71,71,71,71,71,71,71,71,71,71,71,71,71,71,71,71,71,71,71,71,71,71,71,71,71,71,71,71,71,71,71,71,71,71,71,71,78,78,78],"relic_stats":{"counters":[29,183],"CeramicFish":72,"StoneCalendar":[140],"PreservedInsect":496,"Juzu Bracelet":1,"Bag of Preparation":[4],"Smiling Mask":80,"Sozu":8,"Shovel":1,"Ornamental Fan":[16],"Snecko Eye":[178,166,200,180],"Tiny Chest":1,"Turnip":[17],"Kunai":[4],"obtain_stats":[{"Lantern":3,"CeramicFish":40,"Vajra":45,"Mango":14,"StoneCalendar":42,"Juzu Bracelet":28,"Bag of Preparation":54,"Smiling Mask":44,"Sozu":17,"Shovel":37,"DollysMirror":54,"Strawberry":55,"Tiny Chest":30,"Koishi:AHoleWhereASisterShouldBe":24,"Kunai":53,"Koishi:BloodstainedWhiteRose":9,"NeowsBlessing":0,"Golden Idol":12,"Oddly Smooth Stone":46,"PreservedInsect":6,"The Courier":26,"CaptainsWheel":38,"Ornamental Fan":54,"Snecko Eye":34,"Turnip":11,"Bag of Marbles":54,"Koishi:ImaginaryFriend":0},{"Lantern":1,"CeramicFish":21,"Vajra":24,"Mango":6,"StoneCalendar":23,"Juzu Bracelet":12,"Bag of Preparation":27,"Smiling Mask":24,"Sozu":7,"Shovel":18,"DollysMirror":27,"Strawberry":28,"Tiny Chest":14,"Koishi:AHoleWhereASisterShouldBe":10,"Kunai":27,"Koishi:BloodstainedWhiteRose":4,"NeowsBlessing":0,"Golden Idol":5,"Oddly Smooth Stone":24,"PreservedInsect":3,"The Courier":10,"CaptainsWheel":19,"Ornamental Fan":27,"Snecko Eye":15,"Turnip":5,"Bag of Marbles":27,"Koishi:ImaginaryFriend":0},{"Lantern":1,"CeramicFish":114,"Vajra":127,"Mango":16,"StoneCalendar":122,"Juzu Bracelet":60,"Bag of Preparation":163,"Smiling Mask":127,"Sozu":33,"Shovel":97,"DollysMirror":163,"Strawberry":171,"Tiny Chest":68,"Koishi:AHoleWhereASisterShouldBe":47,"Kunai":163,"Koishi:BloodstainedWhiteRose":6,"NeowsBlessing":0,"Golden Idol":10,"Oddly Smooth Stone":127,"PreservedInsect":3,"The Courier":47,"CaptainsWheel":105,"Ornamental Fan":163,"Snecko Eye":84,"Turnip":10,"Bag of Marbles":163,"Koishi:ImaginaryFriend":0}]},"card_choices":[{"not_picked":["Koishi:Possession","Koishi:PhantomBarrier"],"picked":"Koishi:YoukaiPolygraph","floor":1},{"not_picked":["Koishi:MindNumbingTerror","Koishi:Possession"],"picked":"Koishi:EmbryosDream","floor":4},{"not_picked":["Koishi:SubconsciousSweep","Koishi:PhantomBarrier"],"picked":"Koishi:DanmakuParanoia","floor":6},{"not_picked":["Koishi:SubterraneanRose","Koishi:RacingHeart"],"picked":"Koishi:TraumaticStroke","floor":8},{"not_picked":["Koishi:RorschachInDanmaku","Koishi:Vanish"],"picked":"Koishi:Jaunt","floor":11},{"not_picked":["Koishi:SubterraneanRose","Koishi:SpiritedAway","Koishi:RorschachInDanmaku"],"picked":"SKIP","floor":14},{"not_picked":["Koishi:Ego","Koishi:SuperEgo"],"picked":"Koishi:TerrifyingSpectre","floor":16},{"not_picked":["Koishi:PhantomBarrier","Koishi:Jaunt","Koishi:SubconsciousSweep"],"picked":"SKIP","floor":18},{"not_picked":["Koishi:StrangeCloudFist","Koishi:PhantomBarrier","Koishi:PhilosophyOfTheDespised"],"picked":"SKIP","floor":22},{"not_picked":["Koishi:DNAsFlaw","Koishi:UnansweredLove"],"picked":"Koishi:JumpScare","floor":24},{"not_picked":["Koishi:IdleWhim","Koishi:FleetingPhantom"],"picked":"Koishi:Jaunt+1","floor":27},{"not_picked":["Koishi:ReflexRadar","Koishi:EmbersOfLove"],"picked":"Koishi:SprinkleStarAndHeart","floor":28},{"not_picked":["Koishi:ReflexRadar","Koishi:Vanish"],"picked":"Koishi:SpiritedAway+1","floor":29},{"not_picked":["Koishi:SubterraneanRose","Koishi:HeartAttack+1"],"picked":"Koishi:Whimsy","floor":30},{"not_picked":["Koishi:ConditionedTeleport","Koishi:MentalBreakdown"],"picked":"Koishi:RuptureMind","floor":33},{"not_picked":["Koishi:UnconsciousUprising","Koishi:CatchAndRose+1"],"picked":"Koishi:UnseenTerror","floor":35},{"not_picked":["Koishi:Prune+1","Koishi:EmbryosDream"],"picked":"Koishi:UnseenTerror","floor":36},{"not_picked":["Koishi:PhilosophyOfTheDespised","Koishi:Bloodlust+1"],"picked":"Koishi:MassHysteria","floor":37},{"not_picked":["Koishi:Jaunt","Koishi:Whimsy"],"picked":"Koishi:BloodcurdlingScream","floor":39},{"not_picked":["Koishi:PhantomStrike","Koishi:UnconsciousUprising"],"picked":"Koishi:HeartStoppingHorror","floor":40},{"not_picked":["Koishi:RacingHeart","Koishi:ReflexRadar"],"picked":"Koishi:TremblingHands+1","floor":41},{"not_picked":["Koishi:MassHysteria","Koishi:PhantomBarrier","Koishi:UnansweredLove"],"picked":"SKIP","floor":42},{"not_picked":["Koishi:SpiritedAway","Koishi:TraumaticStroke"],"picked":"Koishi:Possession","floor":44},{"not_picked":["Koishi:FourthEye","Koishi:UnansweredLove"],"picked":"Koishi:GhostParty+1","floor":48},{"not_picked":["Koishi:Bloodlust","Koishi:FourthEye"],"picked":"Koishi:LastRemote","floor":55}],"player_experience":2249068,"relics_obtained":[{"floor":6,"key":"PreservedInsect"},{"floor":9,"key":"Koishi:BloodstainedWhiteRose"},{"floor":11,"key":"Turnip"},{"floor":14,"key":"Mango"},{"floor":24,"key":"Koishi:AHoleWhereASisterShouldBe"},{"floor":26,"key":"The Courier"},{"floor":28,"key":"Juzu Bracelet"},{"floor":30,"key":"Tiny Chest"},{"floor":37,"key":"Shovel"},{"floor":38,"key":"CaptainsWheel"},{"floor":40,"key":"CeramicFish"},{"floor":42,"key":"StoneCalendar"},{"floor":44,"key":"Smiling Mask"},{"floor":45,"key":"Vajra"},{"floor":53,"key":"Kunai"},{"floor":55,"key":"Strawberry"}],"event_choices":[{"damage_healed":0,"gold_gain":0,"player_choice":"Entered Light","damage_taken":17,"max_hp_gain":0,"max_hp_loss":0,"event_name":"Shining Light","floor":2,"gold_loss":0,"cards_upgraded":["Koishi:YoukaiPolygraph","Koishi:BasicDefend"]},{"damage_healed":0,"gold_gain":0,"player_choice":"Paid Gold","damage_taken":0,"relics_obtained":["Lantern"],"max_hp_gain":0,"max_hp_loss":0,"event_name":"WeMeetAgain","floor":3,"gold_loss":64},{"damage_healed":0,"gold_gain":0,"player_choice":"Lose Max HP","damage_taken":0,"relics_obtained":["Golden Idol"],"max_hp_gain":0,"max_hp_loss":5,"event_name":"Golden Idol","floor":12,"gold_loss":0},{"damage_healed":0,"gold_gain":0,"player_choice":"Upgraded","damage_taken":0,"max_hp_gain":0,"max_hp_loss":0,"event_name":"Upgrade Shrine","floor":19,"gold_loss":0,"cards_upgraded":["Koishi:TerrifyingSpectre"]},{"damage_healed":0,"gold_gain":0,"player_choice":"Joined the Cult","damage_taken":6,"max_hp_gain":0,"max_hp_loss":0,"event_name":"Nest","floor":21,"gold_loss":0,"cards_obtained":["RitualDagger"]},{"damage_healed":0,"gold_gain":0,"player_choice":"Simplicity","damage_taken":0,"max_hp_gain":0,"max_hp_loss":0,"event_name":"Back to Basics","floor":31,"gold_loss":0,"cards_upgraded":["Koishi:BasicStrike","Koishi:BasicStrike","Koishi:BasicStrike","Koishi:BasicDefend","Koishi:BasicDefend","Koishi:BasicDefend"]},{"damage_healed":0,"gold_gain":0,"player_choice":"Fight","damage_taken":0,"max_hp_gain":0,"max_hp_loss":0,"event_name":"Mysterious Sphere","floor":37,"gold_loss":0},{"damage_healed":0,"gold_gain":0,"player_choice":"Fight","damage_taken":0,"max_hp_gain":0,"max_hp_loss":0,"event_name":"MindBloom","floor":38,"gold_loss":0},{"damage_healed":0,"gold_gain":333,"player_choice":"Gave Idol","damage_taken":0,"max_hp_gain":0,"max_hp_loss":0,"event_name":"The Moai Head","floor":47,"relics_lost":["Golden Idol"],"gold_loss":0}],"is_beta":true,"boss_relics":[{"not_picked":["Tiny House","Runic Pyramid"],"picked":"Sozu"},{"not_picked":["Pandora\u0027s Box","SlaversCollar"],"picked":"Snecko Eye"}],"items_purged_floors":[20,46,54],"is_endless":false,"potions_floor_spawned":[1,8,16,18,27,29,30,33,35,36,37,48],"killed_by":"The Heart","ascension_level":20}}