{"host":"qxvfhyaudhuuf9dn","time":1611718116,"event":{"mods":["Arknights The Spire","BaseMod","Colored Map","Highlight Path","Minty Spire (QoL Compilation)","Spicy Shops","StSLib","Waifu the Spire","【功能Mod】混沌之环修复补丁"],"gold_per_floor":[111,111,39,39,114,145,145,46,46,85,85,121,159,159,159,283,283,269,24,24,8476,8476,8515,8551,8551,8551,8551,8551,7960,7998,7443,7443,7574,7574,7594,7650,7650,7666,7666,7709,7203,7203,7229,6740,6253,6253,5652,5670,5670,5801,5801,5817,5262,4671,4671,4746,4746,4746,4790,4845,4901,4901,4930,4367,4401,4401,4531,4531,4544,4578,4084,3656,3656,3656,3665,3665,3699,3699,3742,3781,3781,3178,3178,3319,3319,3358,2677,2677,2677,2677,2677,2597,2597,2647,2201,2247,2247,2247,2247,2247,2383,2383,2416,1975,1845,1795,1795,1795,1706,1706,1762,1762,1762,1762],"floor_reached":113,"language":"ZHS","playtime":4244,"items_purged":["Regret","ats:Cat Scratch","ats:Burning Ground+1","ats:Volcano","ats:Ambush+1","Madness"],"score":2773,"play_id":"16ac46cd-ef87-453c-a70e-3200588dd463","local_time":"20210127112836","daily_mods":["SealedDeck","Heirloom","Time Dilation","Flight","Elite Swarm"],"is_ascension_mode":false,"campfire_choices":[{"data":"ats:Composite Medical Shells","floor":7.0,"key":"SMITH"},{"data":"ats:Nebulous Foxfire","floor":11.0,"key":"SMITH"},{"data":"ats:Assault Order","floor":15.0,"key":"SMITH"},{"data":"ats:Durian","floor":25.0,"key":"SMITH"},{"data":"ats:Calcification","floor":27.0,"key":"SMITH"},{"floor":32.0,"key":"DIG"},{"floor":42.0,"key":"DIG"},{"floor":49.0,"key":"DIG"},{"floor":57.0,"key":"DIG"},{"floor":58.0,"key":"DIG"},{"floor":66.0,"key":"DIG"},{"floor":74,"key":"DIG"},{"floor":76,"key":"DIG"},{"floor":81,"key":"DIG"},{"floor":83,"key":"DIG"},{"floor":91,"key":"DIG"},{"floor":93,"key":"DIG"},{"floor":97,"key":"DIG"},{"data":"ats:Revitalization","floor":98,"key":"SMITH"},{"data":"ats:Disruption Kick","floor":100,"key":"SMITH"},{"data":"ats:Chain Hook","floor":108,"key":"SMITH"},{"data":"ats:Roar Of Ursus","floor":110,"key":"SMITH"}],"circlet_count":3,"master_deck":["ats:Revitalization+1","ats:Phantom","ats:Shell Defense","ats:Counter Healing Mode+1","ats:Chain Hook+1","ats:Composite Medical Shells+1","ats:Revitalization+1","ats:Sashimi Platter+1","ats:Apocalypse+1","ats:Roar Of Ursus+1","ats:Calcification+1","ats:Assault Order+1","ats:Nebulous Foxfire+1","ats:Rat Pack","ats:Durian+1","ats:Dogmatic Field+1","ats:Healing Strengthening+1","ats:Disruption Kick+1","ats:Serious Mode+1","ats:Chain Hook+1","Madness+1","ats:Song Of Battle+1","ats:Chain Hook+1","Madness+1","ats:Support Order+1"],"relics":["ats:Sanity Plus","TungstenRod","Golden Idol","Bronze Scales","ats:Originium","InkBottle","Pantograph","ats:Industrial Water Cannon","Blue Candle","Eternal Feather","SacredBark","Frozen Egg 2","Membership Card","ats:Lavender","Matryoshka","OrangePellets","Omamori","Anchor","Mummified Hand","Orichalcum","Nunchaku","Smiling Mask","Calipers","Question Card","Oddly Smooth Stone","ats:Ability Aura","Du-Vu Doll","ClockworkSouvenir","Red Mask","ats:Spiritual Recovery","Lee\u0027s Waffle","ats:Cure","Art of War","Shovel","Bottled Tornado","Akabeko","Coffee Dripper","Ice Cream","Kunai","ats:Support","Strawberry","War Paint","ats:Military Tradition","Regal Pillow","Orrery","Potion Belt","Vajra","ats:Defend","Letter Opener","Mercury Hourglass","HornCleat","Shuriken","Blood Vial","ats:Hidden Killer","Tiny Chest","Toolbox","Cauldron","ats:Snipe","Pen Nib","White Beast Statue","Ornamental Fan","StrikeDummy","TheAbacus","Lantern","Black Star","HandDrill","ats:Attack","Happy Flower","ats:Berate","Sundial","Centennial Puzzle","ats:Arts","Toxic Egg 2","Bottled Flame","MealTicket","Boot","Medical Kit","Darkstone Periapt","CeramicFish","Torii","Ancient Tea Set","Odd Mushroom","Frozen Eye","Dream Catcher","Whetstone","Bag of Marbles","Bottled Lightning","Chemical X","Singing Bowl","FossilizedHelix","Toy Ornithopter","Meat on the Bone","Unceasing Top","ats:Rhine Circuitry","Gremlin Horn","Pear","Sling","ats:Special","MutagenicStrength","ats:Bonebreaker","PreservedInsect","Juzu Bracelet","Molten Egg 2","Bird Faced Urn","ats:Gyao","ats:Assault","Bag of Preparation","Strange Spoon","Dead Branch","SlaversCollar","Peace Pipe","Incense Burner","Thread and Needle","StoneCalendar","Girya","CaptainsWheel","Mango","Prayer Wheel","Turnip","Pocketwatch","Gambling Chip","Circlet","Empty Cage","Ginger","Lizard Tail","DollysMirror","PrismaticShard"],"acts_visited":["Exordium","TheCity","TheBeyond","Exordium","TheCity","TheBeyond","Exordium"],"potions_floor_usage":[80],"damage_taken":[{"damage":10.0,"enemies":"Small Slimes","floor":1.0,"turns":3.0},{"damage":12.0,"enemies":"Lagavulin","floor":6.0,"turns":7.0},{"damage":34.0,"enemies":"3 Sentries","floor":10.0,"turns":5.0},{"damage":15.0,"enemies":"Lagavulin","floor":12.0,"turns":8.0},{"damage":21.0,"enemies":"3 Sentries","floor":13.0,"turns":5.0},{"damage":28.0,"enemies":"Hexaghost","floor":16.0,"turns":8.0},{"damage":27.0,"enemies":"2 Thieves","floor":18.0,"turns":4.0},{"damage":42.0,"enemies":"Gremlin Leader","floor":23.0,"turns":6.0},{"damage":54.0,"enemies":"Book of Stabbing","floor":24.0,"turns":6.0},{"damage":8.0,"enemies":"Masked Bandits","floor":30.0,"turns":3.0},{"damage":40.0,"enemies":"Champ","floor":33.0,"turns":8.0},{"damage":13.0,"enemies":"3 Darklings","floor":35.0,"turns":3.0},{"damage":35.0,"enemies":"2 Orb Walkers","floor":36.0,"turns":4.0},{"damage":0.0,"enemies":"3 Shapes","floor":38.0,"turns":3.0},{"damage":29.0,"enemies":"Reptomancer","floor":40.0,"turns":4.0},{"damage":0.0,"enemies":"Maw","floor":48.0,"turns":4.0},{"damage":49.0,"enemies":"Time Eater","floor":50.0,"turns":7.0},{"damage":5.0,"enemies":"Jaw Worm","floor":52.0,"turns":2.0},{"damage":0.0,"enemies":"Lagavulin","floor":59.0,"turns":3.0},{"damage":5.0,"enemies":"Gremlin Nob","floor":61.0,"turns":1.0},{"damage":0.0,"enemies":"The Mushroom Lair","floor":63.0,"turns":2.0},{"damage":28.0,"enemies":"Lagavulin","floor":65.0,"turns":3.0},{"damage":8,"enemies":"The Guardian","floor":67,"turns":3},{"damage":0,"enemies":"Chosen","floor":69,"turns":1},{"damage":27,"enemies":"Book of Stabbing","floor":70,"turns":3},{"damage":0,"enemies":"Gremlin Leader","floor":77,"turns":1},{"damage":4,"enemies":"Book of Stabbing","floor":79,"turns":1},{"damage":0,"enemies":"Gremlin Leader","floor":80,"turns":1},{"damage":7,"enemies":"Champ","floor":84,"turns":3},{"damage":0,"enemies":"Orb Walker","floor":86,"turns":1},{"damage":0,"enemies":"Giant Head","floor":94,"turns":2},{"damage":0,"enemies":"Nemesis","floor":96,"turns":1},{"damage":0,"enemies":"Time Eater","floor":101,"turns":3},{"damage":0,"enemies":"Cultist","floor":103,"turns":1},{"damage":0,"enemies":"Lagavulin","floor":111,"turns":1},{"damage":0,"enemies":"Gremlin Nob","floor":113,"turns":1}],"seed_played":"3061241130855513041","potions_obtained":[{"floor":1.0,"key":"Block Potion"},{"floor":6.0,"key":"ats:Emergency Sanity Potion"},{"floor":13.0,"key":"FearPotion"},{"floor":48.0,"key":"Block Potion"},{"floor":50.0,"key":"FearPotion"},{"floor":80,"key":"Fruit Juice"},{"floor":84,"key":"SteroidPotion"}],"is_trial":true,"path_per_floor":["M","?","$","?","?","E","R","$","T","E","R","E","E","$","R","B",null,"M","$","?","$","?","E","E","R","T","R","T","$","?","$","R","B",null,"M","?","?","M","?","E","$","R","T","$","$","?","$","M","R","B",null,"M","$","$","?","?","R","R","E","T","E","?","?","$","E","R","B",null,"M","E","$","$","?","R","?","R","E","?","E","E","R","$","R","B",null,"M","$","?","?","?","R","?","R","E","$","E","R","R","$","R","B",null,"M","$","$","$","?","R","?","R","E","?","E"],"character_chosen":"DOCTOR_CLASS","items_purchased":["ats:Roar Of Ursus","ats:Assault Order","Frozen Egg 2","Membership Card","ats:Lavender","Matryoshka","OrangePellets","Omamori","Question Card","Oddly Smooth Stone","ats:Ability Aura","Du-Vu Doll","ClockworkSouvenir","ats:Healing Strengthening+1","ats:Spiritual Recovery","Lee\u0027s Waffle","ats:Cure","Art of War","Shovel","Bottled Tornado","FairyPotion","ats:Support","Strawberry","War Paint","ats:Military Tradition","Regal Pillow","Orrery","ats:Defend","Letter Opener","Mercury Hourglass","HornCleat","ats:Chain Hook","Shuriken","Blood Vial","ats:Hidden Killer","Tiny Chest","Toolbox","Cauldron","ats:Snipe","Pen Nib","White Beast Statue","Ornamental Fan","StrikeDummy","TheAbacus","HandDrill","ats:Attack","Happy Flower","ats:Berate","Sundial","Centennial Puzzle","ats:Arts","Toxic Egg 2","Bottled Flame","MealTicket","Boot","Medical Kit","Frozen Eye","Dream Catcher","Whetstone","Bag of Marbles","Bottled Lightning","Chemical X","FossilizedHelix","Toy Ornithopter","Meat on the Bone","Unceasing Top","ats:Song Of Battle+1","ats:Chain Hook","ats:Rhine Circuitry","Gremlin Horn","Pear","Sling","ats:Special","Molten Egg 2","Bird Faced Urn","ats:Gyao","ats:Assault","Bag of Preparation","Strange Spoon","Peace Pipe","Incense Burner","Thread and Needle","StoneCalendar","Girya","Turnip","Pocketwatch","Gambling Chip","Ginger","Lizard Tail","DollysMirror","PrismaticShard","Circlet","ats:Support Order+1"],"campfire_rested":0,"item_purchase_floors":[3,8,19,21,21,21,21,21,29,29,29,29,29,29,31,31,31,31,31,31,31,41,41,41,41,41,41,44,44,44,44,44,45,45,45,45,45,45,47,47,47,47,47,47,53,53,53,53,53,53,54,54,54,54,54,54,64,64,64,64,64,64,71,71,71,71,71,71,72,72,72,72,72,82,82,82,82,82,82,87,87,87,87,87,95,95,95,104,104,104,104,105,105],"current_hp_per_floor":[72,55,55,55,45,72,72,72,72,72,72,72,72,72,72,72,72,72,72,60,60,60,77,65,74,74,77,77,77,77,84,84,65,84,84,84,84,84,84,84,91,91,91,91,91,81,81,91,91,91,91,91,91,91,77,67,79,91,91,91,90,73,91,91,91,91,93,93,95,96,97,107,107,107,102,107,109,109,111,123,123,123,123,125,125,127,127,127,127,129,129,143,143,145,145,147,147,147,147,147,149,149,153,153,153,153,153,153,153,153,155,125,127,127],"gold":1762,"neow_bonus":"","is_daily":false,"chose_seed":false,"campfire_upgraded":9,"win_rate":0.0,"timestamp":1611718116,"path_taken":["M","?","$","?","?","E","R","$","T","E","R","E","E","$","R","BOSS","M","$","?","$","?","E","E","R","T","R","?","$","?","?","R","BOSS","M","?","?","?","?","E","$","R","T","?","$","?","$","M","R","BOSS","M","$","$","?","?","R","R","E","T","?","?","?","?","E","R","BOSS","M","?","$","$","?","R","?","R","E","?","E","E","R","$","R","BOSS","M","$","?","?","?","R","?","R","E","$","E","R","R","$","R","BOSS","M","$","$","$","?","R","?","R","E","?","E"],"items_purchased_type":["Card","Card","Relic","Relic","Relic","Relic","Relic","Relic","Relic","Relic","Relic","Relic","Relic","Card","Relic","Relic","Relic","Relic","Relic","Relic","Potion","Relic","Relic","Relic","Relic","Relic","Relic","Card","Relic","Relic","Relic","Card","Relic","Relic","Relic","Relic","Relic","Relic","Relic","Relic","Relic","Relic","Relic","Relic","Relic","Relic","Relic","Relic","Relic","Relic","Relic","Relic","Relic","Relic","Relic","Relic","Relic","Relic","Relic","Relic","Relic","Relic","Relic","Relic","Relic","Relic","Card","Card","Relic","Relic","Relic","Relic","Relic","Relic","Relic","Relic","Relic","Relic","Relic","Relic","Relic","Relic","Relic","Relic","Relic","Relic","Relic","Relic","Relic","Relic","Relic","Undefined","Card"],"build_version":"2020-12-22","purchased_purges":6,"victory":false,"max_hp_per_floor":[72,72,72,72,72,72,72,72,72,72,72,72,72,72,72,72,72,72,72,77,77,77,77,77,77,77,77,77,77,77,84,84,84,84,84,84,84,84,84,84,91,91,91,91,91,91,91,91,91,91,91,91,91,91,91,91,91,91,91,91,91,91,91,91,91,91,93,93,95,97,97,107,107,107,107,107,109,109,111,123,123,123,123,125,125,127,127,127,127,129,129,143,143,145,145,147,147,147,147,147,149,149,153,153,153,153,153,153,153,153,155,155,155,155],"card_choices":[{"not_picked":["ats:Steam Pump","ats:Composite Medical Shells"],"picked":"ats:Apocalypse","floor":1.0},{"not_picked":["ats:Durian","ats:Wolf Pack"],"picked":"ats:Calcification","floor":6.0},{"not_picked":["ats:Shadow Assault","ats:Roar Of Ursus"],"picked":"ats:Nebulous Foxfire","floor":10.0},{"not_picked":["ats:Volcano","ats:Wolf Pack"],"picked":"ats:Rat Pack","floor":12.0},{"not_picked":["ats:Wolf Pack","ats:Rat Pack","ats:Soul Rend"],"picked":"SKIP","floor":13.0},{"not_picked":["ats:Soul Absorption+1","ats:Guardian Obelisk+1","ats:Poison Spread"],"picked":"SKIP","floor":18.0},{"not_picked":["ats:Ambush+1","ats:Soul Rend+1"],"picked":"ats:Durian","floor":23.0},{"not_picked":["ats:True Silver Slash","ats:Disruption Kick"],"picked":"ats:Dogmatic Field+1","floor":24.0},{"not_picked":["ats:Guard Mode+1","ats:Explosion Area Strengthen+1","ats:Sashimi Platter","ats:Encircling Forest"],"picked":"SKIP","floor":35.0},{"not_picked":["ats:Revitalization","ats:Leaping Hammer","ats:Shadow Assault","ats:Curse Doll"],"picked":"SKIP","floor":38.0},{"not_picked":["ats:Dogmatic Field+1","ats:Ambush+1","ats:Roar Of Ursus+1"],"picked":"ats:Disruption Kick","floor":40.0},{"not_picked":["ats:Very Hot Blade+1","ats:Apocalypse+1","ats:Encircling Forest+1"],"picked":"ats:Volcano","floor":41.0},{"not_picked":["ats:Literary Storm","ats:Explosion Area Strengthen+1","ats:Absolute Focus"],"picked":"ats:Burning Ground+1","floor":41.0},{"not_picked":["ats:Leaping Hammer+1","ats:Phantom+1","ats:Counter Healing Mode+1"],"picked":"ats:Serious Mode+1","floor":41.0},{"not_picked":["ats:Serious Mode+1","ats:Composite Medical Shells+1","ats:Cat Scratch+1","ats:Very Hot Blade"],"picked":"SKIP","floor":48.0},{"not_picked":["ats:Nebulous Foxfire","ats:Disruption Kick","ats:Dogmatic Field+1"],"picked":"ats:Ambush+1","floor":50.0},{"not_picked":["ats:Flexible Camouflage","ats:Guard Mode","ats:Spore Proliferation","ats:Cat Scratch"],"picked":"SKIP","floor":52.0},{"not_picked":["ats:Calcification+1","ats:Dogmatic Field+1","ats:True Silver Slash","ats:Roar Of Ursus+1"],"picked":"SKIP","floor":59.0},{"not_picked":["ats:True Silver Slash","ats:Disruption Kick","ats:Wolf Pack","ats:Calcification+1"],"picked":"SKIP","floor":61.0},{"not_picked":["ats:Roar Of Ursus+1","ats:Disruption Kick","ats:Nebulous Foxfire+1","ats:Soul Rend+1"],"picked":"SKIP","floor":65.0},{"not_picked":["ats:Volcano","ats:Shadow Assault","ats:True Silver Slash","ats:Disruption Kick"],"picked":"Singing Bowl","floor":67},{"not_picked":["ats:Literary Storm+1","ats:Composite Medical Shells+1","ats:Charging Defense+1","ats:Sword Rain"],"picked":"Singing Bowl","floor":69},{"not_picked":["ats:Roar Of Ursus+1","ats:Ambush+1","ats:Shadow Assault","ats:Volcano"],"picked":"Singing Bowl","floor":70},{"not_picked":["ats:True Silver Slash","ats:Roar Of Ursus+1","ats:Shadow Assault","ats:Nebulous Foxfire+1"],"picked":"Singing Bowl","floor":77},{"not_picked":["ats:Shadow Assault","ats:Roar Of Ursus+1","ats:Rat Pack+1","ats:Durian+1"],"picked":"Singing Bowl","floor":79},{"not_picked":["ats:Soul Rend+1","ats:Wolf Pack","ats:Fractured Body+1","ats:Rat Pack+1"],"picked":"Singing Bowl","floor":80},{"not_picked":["ats:Shadow Assault+1","ats:Disruption Kick+1","ats:Roar Of Ursus+1","ats:Rat Pack+1"],"picked":"Singing Bowl","floor":84},{"not_picked":["ats:Consecutive Shot Auto+1","ats:Rapid Magazine+1","ats:Cat Scratch+1","ats:Revitalization+1"],"picked":"Singing Bowl","floor":86},{"not_picked":["Secret Weapon+1","Good Instincts+1","Mayhem+1","Apotheosis+1"],"picked":"Singing Bowl","floor":90},{"not_picked":["ats:Calcification+1","ats:Dogmatic Field+1","ats:Roar Of Ursus+1","ats:Volcano+1"],"picked":"Singing Bowl","floor":94},{"not_picked":["ats:Durian+1","ats:Rat Pack+1","ats:Shadow Assault+1","ats:Nebulous Foxfire+1"],"picked":"Singing Bowl","floor":96},{"not_picked":["ats:Shadow Assault+1","ats:Calcification+1","ats:Disruption Kick+1","ats:Durian+1"],"picked":"Singing Bowl","floor":101},{"not_picked":["ats:Absolute Focus+1","ats:Hammer On+1","ats:Flame Of Heaven+1","ats:Counter Healing Mode+1"],"picked":"Singing Bowl","floor":103},{"not_picked":["ats:Charging Defense+1","ats:Leaping Hammer+1","ats:Cat Scratch+1","ats:Composite Medical Shells+1"],"picked":"Singing Bowl","floor":103},{"not_picked":["ats:Disruption Kick+1","Envenom+1","Electrodynamics+1","Mayhem+1"],"picked":"Singing Bowl","floor":111}],"player_experience":41351,"relics_obtained":[{"floor":6.0,"key":"ats:Originium"},{"floor":6.0,"key":"InkBottle"},{"floor":9.0,"key":"Pantograph"},{"floor":10.0,"key":"ats:Originium"},{"floor":10.0,"key":"ats:Industrial Water Cannon"},{"floor":12.0,"key":"ats:Originium"},{"floor":12.0,"key":"Blue Candle"},{"floor":13.0,"key":"ats:Originium"},{"floor":13.0,"key":"Eternal Feather"},{"floor":23.0,"key":"Anchor"},{"floor":24.0,"key":"Mummified Hand"},{"floor":26.0,"key":"Orichalcum"},{"floor":26.0,"key":"Nunchaku"},{"floor":28.0,"key":"Smiling Mask"},{"floor":28.0,"key":"Calipers"},{"floor":30.0,"key":"Red Mask"},{"floor":32.0,"key":"Akabeko"},{"floor":36.0,"key":"Ice Cream"},{"floor":40.0,"key":"Kunai"},{"floor":42.0,"key":"Potion Belt"},{"floor":43.0,"key":"Vajra"},{"floor":49.0,"key":"Lantern"},{"floor":57.0,"key":"CeramicFish"},{"floor":58.0,"key":"Torii"},{"floor":60.0,"key":"Ancient Tea Set"},{"floor":63.0,"key":"Odd Mushroom"},{"floor":66.0,"key":"Singing Bowl"},{"floor":70,"key":"ats:Originium"},{"floor":74,"key":"ats:Bonebreaker"},{"floor":76,"key":"PreservedInsect"},{"floor":81,"key":"Juzu Bracelet"},{"floor":83,"key":"Dead Branch"},{"floor":91,"key":"CaptainsWheel"},{"floor":93,"key":"Prayer Wheel"},{"floor":97,"key":"Circlet"}],"event_choices":[{"damage_healed":0.0,"max_hp_gain":0.0,"max_hp_loss":0.0,"gold_gain":0.0,"event_name":"Golden Idol","player_choice":"Take Damage","floor":2.0,"gold_loss":0.0,"damage_taken":18.0,"relics_obtained":["Golden Idol"]},{"damage_healed":0.0,"max_hp_gain":0.0,"max_hp_loss":0.0,"gold_gain":0.0,"event_name":"Big Fish","player_choice":"Box","floor":4.0,"gold_loss":0.0,"damage_taken":0.0,"relics_obtained":["Bronze Scales"],"cards_obtained":["Regret"]},{"damage_healed":0.0,"max_hp_gain":0.0,"max_hp_loss":0.0,"gold_gain":75.0,"event_name":"World of Goop","player_choice":"Gather Gold","floor":5.0,"gold_loss":0.0,"damage_taken":11.0},{"damage_healed":0.0,"max_hp_gain":5.0,"max_hp_loss":0.0,"gold_gain":0.0,"event_name":"Forgotten Altar","player_choice":"Shed Blood","floor":20.0,"gold_loss":0.0,"damage_taken":18.0},{"damage_healed":0.0,"max_hp_gain":0.0,"max_hp_loss":0.0,"gold_gain":0.0,"event_name":"Ghosts","player_choice":"Ignored","floor":22.0,"gold_loss":0.0,"damage_taken":0.0},{"damage_healed":0.0,"max_hp_gain":0.0,"max_hp_loss":0.0,"gold_gain":0.0,"event_name":"Masked Bandits","player_choice":"Fought Bandits","floor":30.0,"gold_loss":0.0,"damage_taken":0.0},{"damage_healed":0.0,"max_hp_gain":0.0,"max_hp_loss":0.0,"gold_gain":0.0,"event_name":"Mysterious Sphere","player_choice":"Fight","floor":36.0,"gold_loss":0.0,"damage_taken":0.0},{"damage_healed":0.0,"max_hp_gain":0.0,"max_hp_loss":0.0,"gold_gain":0.0,"event_name":"SecretPortal","player_choice":"Ignored","floor":37.0,"gold_loss":0.0,"damage_taken":0.0},{"damage_healed":0.0,"max_hp_gain":0.0,"max_hp_loss":0.0,"gold_gain":0.0,"event_name":"Lab","player_choice":"Got Potions","floor":39.0,"gold_loss":0.0,"damage_taken":0.0},{"damage_healed":0.0,"max_hp_gain":0.0,"max_hp_loss":0.0,"gold_gain":0.0,"event_name":"Winding Halls","player_choice":"Embrace Madness","floor":46.0,"gold_loss":0.0,"damage_taken":11.0,"cards_obtained":["Madness","Madness"]},{"damage_healed":0.0,"max_hp_gain":0.0,"max_hp_loss":0.0,"gold_gain":0.0,"event_name":"Scrap Ooze","player_choice":"Success","floor":55.0,"gold_loss":0.0,"damage_taken":18.0,"relics_obtained":["Darkstone Periapt"]},{"damage_healed":0.0,"max_hp_gain":0.0,"max_hp_loss":0.0,"gold_gain":75.0,"event_name":"World of Goop","player_choice":"Gather Gold","floor":56.0,"gold_loss":0.0,"damage_taken":11.0},{"damage_healed":0.0,"max_hp_gain":0.0,"max_hp_loss":0.0,"gold_gain":0.0,"event_name":"Shining Light","player_choice":"Entered Light","floor":62.0,"gold_loss":0.0,"damage_taken":18.0,"cards_upgraded":["Madness","ats:Chain Hook"]},{"damage_healed":0.0,"max_hp_gain":0.0,"max_hp_loss":0.0,"gold_gain":0.0,"event_name":"Mushrooms","player_choice":"Fought Mushrooms","floor":63.0,"gold_loss":0.0,"damage_taken":0.0},{"damage_healed":0,"gold_gain":0,"player_choice":"Inject Mutagens","damage_taken":0,"relics_obtained":["MutagenicStrength"],"max_hp_gain":0,"max_hp_loss":0,"event_name":"Drug Dealer","floor":73,"gold_loss":0},{"damage_healed":0,"gold_gain":0,"player_choice":"Joined the Cult","damage_taken":6,"max_hp_gain":0,"max_hp_loss":0,"event_name":"Nest","floor":75,"gold_loss":0,"cards_obtained":["RitualDagger"]},{"damage_healed":0,"gold_gain":0,"player_choice":"Bought 0 Potions","damage_taken":0,"max_hp_gain":0,"max_hp_loss":0,"event_name":"The Woman in Blue","floor":78,"gold_loss":0},{"damage_healed":0,"gold_gain":0,"player_choice":"Ignored","damage_taken":0,"max_hp_gain":0,"max_hp_loss":0,"event_name":"Mysterious Sphere","floor":88,"gold_loss":0},{"damage_healed":0,"gold_gain":0,"player_choice":"Ignored","damage_taken":0,"max_hp_gain":0,"max_hp_loss":0,"event_name":"The Moai Head","floor":89,"gold_loss":0},{"damage_healed":0,"gold_gain":0,"player_choice":"Memory 1","damage_taken":0,"max_hp_gain":0,"max_hp_loss":0,"event_name":"SensoryStone","floor":90,"gold_loss":0},{"damage_healed":0,"gold_gain":0,"player_choice":"Paid Gold","damage_taken":0,"relics_obtained":["Mango"],"max_hp_gain":0,"max_hp_loss":0,"event_name":"WeMeetAgain","floor":92,"gold_loss":80},{"damage_healed":0,"gold_gain":0,"player_choice":"Searched \u00270\u0027 times","damage_taken":0,"max_hp_gain":0,"max_hp_loss":0,"event_name":"Dead Adventurer","floor":107,"gold_loss":0},{"damage_healed":0,"gold_gain":0,"player_choice":"Paid Gold","damage_taken":0,"relics_obtained":["Circlet"],"max_hp_gain":0,"max_hp_loss":0,"event_name":"WeMeetAgain","floor":109,"gold_loss":89},{"damage_healed":0,"gold_gain":0,"player_choice":"Entered Light","damage_taken":31,"max_hp_gain":0,"max_hp_loss":0,"event_name":"Shining Light","floor":112,"gold_loss":0,"cards_upgraded":["ats:Counter Healing Mode","ats:Revitalization"]}],"is_beta":false,"boss_relics":[{"not_picked":["Fusion Hammer","Runic Pyramid"],"picked":"SacredBark"},{"not_picked":["Calling Bell","Tiny House"],"picked":"Coffee Dripper"},{"not_picked":["Snecko Eye","ats:Omniscience"],"picked":"Black Star"},{"not_picked":["Tiny House","ats:Omniscience"],"picked":"ats:Sanity Plus"},{"not_picked":["Cursed Key","Fusion Hammer"],"picked":"SlaversCollar"},{"not_picked":["Velvet Choker","Sozu"],"picked":"Empty Cage"}],"items_purged_floors":[8,29,53,54,64,106],"is_endless":true,"potions_floor_spawned":[1,6,13,24,33,35,48,50,52,59,61,63,65,67,69,70,77,79,80,84,86,94,96,101,103,111],"killed_by":"Gremlin Nob","ascension_level":0}}