{"host":"2smcgt1ki1qcud40","time":1611780114,"event":{"mods":["BaseMod","Minty Spire (QoL Compilation)"],"gold_per_floor":[119,139,22,22,22,53,53,53,53,86,11,11,11,28,28,102,102,122,37,51,21,21,21],"floor_reached":22,"language":"ENG","playtime":726,"items_purged":[],"score":508,"play_id":"a0e13d43-cafa-46a0-b14d-3326ea105606","local_time":"20210127214154","is_ascension_mode":true,"campfire_choices":[{"data":"Noxious Fumes","floor":7,"key":"SMITH"},{"data":"Catalyst","floor":13,"key":"SMITH"},{"data":"Deadly Poison","floor":15,"key":"SMITH"}],"circlet_count":0,"master_deck":["AscendersBane","Strike_G","Defend_G","Defend_G","Defend_G+1","Defend_G","Defend_G+1","Survivor","Neutralize","Blade Dance","Deadly Poison+1","Catalyst+1","Well Laid Plans","Noxious Fumes+1","Outmaneuver","Bane","Night Terror","Catalyst"],"relics":["Ring of the Snake","NeowsBlessing","Singing Bowl","Question Card","FossilizedHelix","Empty Cage","Dream Catcher"],"acts_visited":["Exordium","TheCity"],"potions_floor_usage":[10,10,20],"damage_taken":[{"damage":0,"enemies":"Cultist","floor":1,"turns":1},{"damage":0,"enemies":"Jaw Worm","floor":2,"turns":1},{"damage":0,"enemies":"Gremlin Nob","floor":6,"turns":1},{"damage":12,"enemies":"3 Sentries","floor":10,"turns":6},{"damage":5,"enemies":"Small Slimes","floor":14,"turns":4},{"damage":0,"enemies":"Slime Boss","floor":16,"turns":7},{"damage":2,"enemies":"3 Byrds","floor":18,"turns":5},{"damage":12,"enemies":"Chosen","floor":20,"turns":5},{"damage":55,"enemies":"3 Cultists","floor":22,"turns":4}],"seed_played":"843713958039803071","potions_obtained":[{"floor":2,"key":"SteroidPotion"},{"floor":6,"key":"Fire Potion"},{"floor":10,"key":"Weak Potion"},{"floor":21,"key":"SteroidPotion"},{"floor":21,"key":"Ancient Potion"}],"is_trial":false,"path_per_floor":["M","M","$","?","$","E","R","?","T","E","?","?","R","M","R","B",null,"M","?","M","?","M"],"character_chosen":"THE_SILENT","items_purchased":["Catalyst","Well Laid Plans"],"campfire_rested":0,"item_purchase_floors":[3,3],"current_hp_per_floor":[59,59,59,39,39,39,39,44,44,34,34,34,34,29,29,29,62,60,60,50,50,0,0],"gold":21,"neow_bonus":"THREE_ENEMY_KILL","is_daily":false,"chose_seed":false,"campfire_upgraded":3,"win_rate":0.0,"timestamp":1611780114,"path_taken":["M","?","$","?","$","E","R","?","T","E","?","?","R","M","R","BOSS","M","?","M","?","M"],"items_purchased_type":["Card","Card"],"build_version":"2020-12-22","purchased_purges":0,"victory":false,"max_hp_per_floor":[66,66,66,66,66,66,66,71,71,73,73,73,73,73,73,73,73,73,73,75,75,75,75],"card_choices":[{"not_picked":["Terror","Deadly Poison"],"picked":"Blade Dance","floor":1},{"not_picked":["Flying Knee","Infinite Blades"],"picked":"Deadly Poison","floor":2},{"not_picked":["Dodge and Roll","Prepared"],"picked":"Noxious Fumes","floor":6},{"not_picked":["Deflect","Quick Slash","Flying Knee","Concentrate"],"picked":"Singing Bowl","floor":10},{"not_picked":["Well Laid Plans","Infinite Blades","Escape Plan"],"picked":"Bane","floor":14},{"not_picked":["Bullet Time","Tools of the Trade","Adrenaline"],"picked":"Night Terror","floor":16},{"not_picked":["Dash","Deadly Poison+1","PiercingWail"],"picked":"Catalyst","floor":18},{"not_picked":["Quick Slash","Accuracy","Blade Dance","Terror"],"picked":"Singing Bowl","floor":20}],"player_experience":674998,"relics_obtained":[{"floor":6,"key":"Singing Bowl"},{"floor":9,"key":"Question Card"},{"floor":10,"key":"FossilizedHelix"}],"event_choices":[{"damage_healed":0,"gold_gain":0,"player_choice":"Entered Light","damage_taken":20,"max_hp_gain":0,"max_hp_loss":0,"event_name":"Shining Light","floor":4,"gold_loss":0,"cards_upgraded":["Defend_G","Defend_G"]},{"damage_healed":0,"gold_gain":0,"player_choice":"Donut","damage_taken":0,"max_hp_gain":5,"max_hp_loss":0,"event_name":"Big Fish","floor":8,"gold_loss":0},{"cards_removed":["Strike_G"],"damage_healed":0,"gold_gain":0,"player_choice":"Card Removal","damage_taken":0,"max_hp_gain":0,"max_hp_loss":0,"event_name":"The Cleric","floor":11,"gold_loss":75},{"damage_healed":0,"gold_gain":0,"cards_transformed":["Strike_G"],"player_choice":"Change","damage_taken":0,"max_hp_gain":0,"max_hp_loss":0,"event_name":"Living Wall","floor":12,"gold_loss":0,"cards_obtained":["Outmaneuver"]},{"damage_healed":0,"gold_gain":0,"player_choice":"Obtained Relic","damage_taken":0,"relics_obtained":["Dream Catcher"],"max_hp_gain":0,"max_hp_loss":0,"event_name":"Addict","floor":19,"gold_loss":85},{"damage_healed":0,"gold_gain":0,"player_choice":"Bought 2 Potions","damage_taken":0,"max_hp_gain":0,"max_hp_loss":0,"event_name":"The Woman in Blue","floor":21,"gold_loss":0}],"is_beta":false,"boss_relics":[{"not_picked":["Tiny House","WristBlade"],"picked":"Empty Cage"}],"items_purged_floors":[],"is_endless":false,"potions_floor_spawned":[2,6,10],"killed_by":"3 Cultists","ascension_level":15}}