{"host":"8dhn6p16jorj0i1s","time":1611778787,"event":{"mods":["AchievementEnabler","BaseMod","Colored Map","DeckTracker","Highlight Path","Minty Spire (QoL Compilation)","Permanent Neow","Quick Restart"],"gold_per_floor":[117,140,150,6,21,51,51,65,65,16,45,58,9,26,26,26,26],"floor_reached":16,"language":"ENG","playtime":1400,"items_purged":["Strike_G"],"score":151,"play_id":"0f97c602-a324-4f0c-a13a-15186bd6ecc1","local_time":"20210127211947","is_ascension_mode":true,"campfire_choices":[{"floor":15,"key":"REST"}],"circlet_count":0,"master_deck":["Strike_G","Strike_G","Strike_G","Strike_G","Defend_G","Defend_G","Defend_G","Defend_G","Defend_G","Survivor","Neutralize","Heel Hook","Poisoned Stab","Adrenaline","Noxious Fumes","Concentrate","Outmaneuver","Choke"],"relics":["Ring of the Snake","Pocketwatch","Juzu Bracelet","GremlinMask","Lantern","Sundial"],"acts_visited":["Exordium"],"potions_floor_usage":[6,6,12,14,16],"damage_taken":[{"damage":0,"enemies":"Cultist","floor":1,"turns":3},{"damage":1,"enemies":"Small Slimes","floor":3,"turns":3},{"damage":0,"enemies":"2 Louse","floor":5,"turns":3},{"damage":19,"enemies":"Lagavulin","floor":6,"turns":6},{"damage":10,"enemies":"Large Slime","floor":8,"turns":7},{"damage":23,"enemies":"Gremlin Nob","floor":11,"turns":5},{"damage":2,"enemies":"Lots of Slimes","floor":12,"turns":4},{"damage":0,"enemies":"Exordium Wildlife","floor":14,"turns":3},{"damage":26,"enemies":"The Guardian","floor":16,"turns":9}],"seed_played":"-5650878088274082015","potions_obtained":[{"floor":1,"key":"Poison Potion"},{"floor":3,"key":"Energy Potion"},{"floor":11,"key":"BlessingOfTheForge"},{"floor":12,"key":"Block Potion"},{"floor":14,"key":"DistilledChaos"}],"is_trial":false,"path_per_floor":["M","T","M","$","M","E","?","M","T","$","E","M","?","M","R","B"],"character_chosen":"THE_SILENT","items_purchased":["Adrenaline","Outmaneuver"],"campfire_rested":1,"item_purchase_floors":[4,10],"current_hp_per_floor":[63,63,62,62,62,43,43,33,33,33,10,8,8,8,26,0,0],"gold":26,"neow_bonus":"ONE_RARE_RELIC","is_daily":false,"chose_seed":false,"campfire_upgraded":0,"win_rate":0.0,"timestamp":1611778787,"path_taken":["M","?","M","$","?","E","?","M","T","$","E","M","?","M","R","BOSS"],"items_purchased_type":["Card","Card"],"build_version":"2020-12-22","purchased_purges":1,"victory":false,"max_hp_per_floor":[63,63,63,63,63,63,63,63,63,63,63,63,63,63,63,63,63],"card_choices":[{"not_picked":["Distraction","Choke"],"picked":"Heel Hook","floor":1},{"not_picked":["Backflip","Sucker Punch"],"picked":"Poisoned Stab","floor":3},{"not_picked":["Cloak And Dagger","Prepared"],"picked":"Noxious Fumes","floor":5},{"not_picked":["Tactician","Choke","Accuracy"],"picked":"SKIP","floor":6},{"not_picked":["Quick Slash","Distraction"],"picked":"Concentrate","floor":8},{"not_picked":["Doppelganger","Terror","Prepared"],"picked":"SKIP","floor":11},{"not_picked":["Dagger Throw","Blade Dance"],"picked":"Choke","floor":12},{"not_picked":["Prepared","Finisher","Flechettes"],"picked":"SKIP","floor":14}],"player_experience":477382,"relics_obtained":[{"floor":6,"key":"Juzu Bracelet"},{"floor":9,"key":"Lantern"},{"floor":11,"key":"Sundial"}],"event_choices":[{"damage_healed":0,"gold_gain":0,"player_choice":"Trade","damage_taken":0,"relics_obtained":["GremlinMask"],"max_hp_gain":0,"max_hp_loss":0,"event_name":"FaceTrader","floor":7,"gold_loss":0},{"damage_healed":0,"gold_gain":0,"player_choice":"Left Gold","damage_taken":0,"max_hp_gain":0,"max_hp_loss":0,"event_name":"World of Goop","floor":13,"gold_loss":49}],"is_beta":false,"boss_relics":[],"items_purged_floors":[4],"is_endless":false,"potions_floor_spawned":[1,3,11,12,14],"killed_by":"The Guardian","ascension_level":7}}