{"host":"szp1d6dso4pv7ddl","time":1611727121,"event":{"mods":["AchievementEnabler","Alarm Clock","BaseMod","Bestiary","Block Reminder","Colored Map","Colored Powertips","Curses Come First","Dark Map","Displayed Cursed Tome","Highlight Path","Minty Spire (QoL Compilation)","Permanent Neow","Quick Restart","Relic Sorter","Relic Stats","StSLib","Synergy Search"],"gold_per_floor":[118,118,293,293,218,230,230,246,325,339,339,354,381,397,397,397,397],"floor_reached":16,"language":"ENG","playtime":364,"items_purged":["Evolve"],"score":102,"play_id":"be6bb0fa-b5f1-4abd-9895-7ed5d3e4e012","local_time":"20210126215841","is_ascension_mode":false,"campfire_choices":[{"data":"Strike_R","floor":7,"key":"SMITH"},{"data":"Strike_R","floor":11,"key":"SMITH"},{"floor":15,"key":"REST"}],"circlet_count":0,"master_deck":["Strike_R+1","Strike_R+1","Strike_R","Strike_R+1","Defend_R","Defend_R","Defend_R","Bash+1","Intimidate"],"relics":["Burning Blood","Ornamental Fan","Oddly Smooth Stone"],"acts_visited":["Exordium"],"potions_floor_usage":[13,16],"damage_taken":[{"damage":0,"enemies":"Small Slimes","floor":1,"turns":3},{"damage":6,"enemies":"Jaw Worm","floor":6,"turns":3},{"damage":0,"enemies":"2 Louse","floor":8,"turns":2},{"damage":19,"enemies":"Gremlin Gang","floor":10,"turns":4},{"damage":13,"enemies":"Large Slime","floor":12,"turns":5},{"damage":27,"enemies":"Lagavulin","floor":13,"turns":5},{"damage":1,"enemies":"Looter","floor":14,"turns":4},{"damage":61,"enemies":"Slime Boss","floor":16,"turns":10}],"seed_played":"2348983068766500541","potions_obtained":[{"floor":8,"key":"Block Potion"},{"floor":10,"key":"BloodPotion"},{"floor":14,"key":"ElixirPotion"}],"is_trial":false,"path_per_floor":["M","?","?","?","$","M","R","M","T","M","R","M","E","M","R","B"],"character_chosen":"IRONCLAD","items_purchased":[],"campfire_rested":1,"item_purchase_floors":[],"current_hp_per_floor":[72,58,58,51,51,51,51,57,57,44,44,37,30,35,56,0,0],"gold":397,"neow_bonus":"TRANSFORM_TWO_CARDS","is_daily":false,"chose_seed":false,"campfire_upgraded":2,"win_rate":0.0,"timestamp":1611727121,"path_taken":["M","?","?","?","$","M","R","M","T","M","R","M","E","M","R","BOSS"],"items_purchased_type":[],"build_version":"2020-12-22","purchased_purges":1,"victory":false,"max_hp_per_floor":[72,72,72,72,72,72,72,72,72,72,72,72,72,72,72,72,72],"relic_stats":{"counters":[8,36],"Ornamental Fan":[24],"obtain_stats":[{"Ornamental Fan":9,"Oddly Smooth Stone":13,"Burning Blood":0},{"Ornamental Fan":3,"Oddly Smooth Stone":6,"Burning Blood":0},{"Ornamental Fan":8,"Oddly Smooth Stone":22,"Burning Blood":0}],"Burning Blood":36},"card_choices":[{"not_picked":["Thunderclap","Body Slam","Metallicize"],"picked":"SKIP","floor":1},{"not_picked":["Clash","Flex","Body Slam"],"picked":"SKIP","floor":6},{"not_picked":["Warcry","Thunderclap","Clash"],"picked":"SKIP","floor":8},{"not_picked":["Clothesline","Iron Wave","Body Slam"],"picked":"SKIP","floor":10},{"not_picked":["Twin Strike","Carnage","Warcry"],"picked":"SKIP","floor":12},{"not_picked":["Dual Wield","Cleave","Hemokinesis"],"picked":"SKIP","floor":13},{"not_picked":["Clash","Warcry","Entrench"],"picked":"SKIP","floor":14}],"player_experience":1294739,"relics_obtained":[{"floor":9,"key":"Ornamental Fan"},{"floor":13,"key":"Oddly Smooth Stone"}],"event_choices":[{"damage_healed":0,"gold_gain":0,"player_choice":"Entered Light","damage_taken":14,"max_hp_gain":0,"max_hp_loss":0,"event_name":"Shining Light","floor":2,"gold_loss":0,"cards_upgraded":["Strike_R","Bash"]},{"damage_healed":0,"gold_gain":175,"player_choice":"AGREE","damage_taken":0,"max_hp_gain":0,"max_hp_loss":0,"event_name":"Liars Game","floor":3,"gold_loss":0,"cards_obtained":["Doubt"]},{"cards_removed":["Doubt"],"damage_healed":0,"gold_gain":0,"player_choice":"Card Removal","damage_taken":7,"max_hp_gain":0,"max_hp_loss":0,"event_name":"Golden Wing","floor":4,"gold_loss":0}],"is_beta":false,"boss_relics":[],"items_purged_floors":[5],"is_endless":false,"potions_floor_spawned":[8,10,14],"killed_by":"Slime Boss","ascension_level":0}}