{"host":"mai03x2ekbjy4059","time":1611764064,"event":{"mods":["2.2 Compatiblity","BaseMod","Colored Map","DeckTracker","Keyboard Shortcuts","Minty Spire (QoL Compilation)","Permanent Neow","Quick Restart","SuperFastMode","everything is the same but u backflip on backflip"],"gold_per_floor":[116,291,67,67,67,108,122,155,155,199,199,222,255,279,279,398,398,428,449,468,496,526,570,570,601,601,601,630,555,589,689,689,793,793,821,832,170,190,242,242,277,277,300,350,382,393,393,419,419,419,419,419,2,39,39],"floor_reached":56,"language":"KOR","playtime":1820,"items_purged":["Doubt","Strike_G","Strike_G"],"score":1580,"play_id":"16b9a642-efd0-4d22-97d1-14dd7c1f583f","local_time":"20210128011424","is_ascension_mode":true,"campfire_choices":[{"data":"Accuracy","floor":15.0,"key":"SMITH"},{"data":"Blade Dance","floor":24.0,"key":"SMITH"},{"data":"Cloak And Dagger","floor":32.0,"key":"SMITH"},{"data":"Cloak And Dagger","floor":40.0,"key":"SMITH"},{"data":"Blade Dance","floor":42.0,"key":"SMITH"},{"floor":47.0,"key":"RECALL"},{"data":"Neutralize","floor":49,"key":"SMITH"},{"data":"Defend_G","floor":52,"key":"SMITH"}],"circlet_count":0,"master_deck":["Strike_G","Strike_G","Defend_G","Defend_G+1","Defend_G+1","Defend_G+1","Survivor","Neutralize+1","Accuracy+1","A Thousand Cuts+1","Blade Dance+1","Cloak And Dagger+1","Endless Agony+1","Blade Dance+1","Deflect+1","Masterful Stab+1","Cloak And Dagger+1","Blade Dance+1","Accuracy+1","Masterful Stab+1"],"relics":["Ring of the Snake","Torii","PreservedInsect","Bloody Idol","White Beast Statue","Pear","CeramicFish","Happy Flower","Bag of Preparation","Black Star","StrikeDummy","Pen Nib","InkBottle","Dream Catcher","Question Card","Strawberry","Ancient Tea Set","The Specimen","The Courier","Philosopher\u0027s Stone","War Paint","Toy Ornithopter","Bronze Scales","TheAbacus","Lantern","Tingsha","Art of War","Nunchaku","Pocketwatch","Oddly Smooth Stone","Kunai","Turnip","Juzu Bracelet","Vajra","Mummified Hand","Gambling Chip","Unceasing Top"],"acts_visited":["Exordium","TheCity","TheBeyond","TheEnding"],"potions_floor_usage":[48,55,55,55],"damage_taken":[{"damage":1.0,"enemies":"Small Slimes","floor":1.0,"turns":7.0},{"damage":13.0,"enemies":"3 Sentries","floor":6.0,"turns":10.0},{"damage":11.0,"enemies":"Jaw Worm","floor":7.0,"turns":5.0},{"damage":8.0,"enemies":"Gremlin Nob","floor":8.0,"turns":3.0},{"damage":10.0,"enemies":"Lagavulin","floor":10.0,"turns":9.0},{"damage":0.0,"enemies":"2 Louse","floor":12.0,"turns":4.0},{"damage":1.0,"enemies":"Gremlin Nob","floor":13.0,"turns":5.0},{"damage":0.0,"enemies":"2 Fungi Beasts","floor":14.0,"turns":2.0},{"damage":12.0,"enemies":"The Guardian","floor":16.0,"turns":10.0},{"damage":8.0,"enemies":"Shell Parasite","floor":18.0,"turns":5.0},{"damage":2.0,"enemies":"2 Thieves","floor":19.0,"turns":3.0},{"damage":11.0,"enemies":"Snecko","floor":20.0,"turns":5.0},{"damage":18.0,"enemies":"Sentry and Sphere","floor":21.0,"turns":5.0},{"damage":9.0,"enemies":"Snake Plant","floor":22.0,"turns":5.0},{"damage":8.0,"enemies":"Book of Stabbing","floor":23.0,"turns":3.0},{"damage":0.0,"enemies":"Gremlin Leader","floor":25.0,"turns":3.0},{"damage":7.0,"enemies":"Snecko","floor":28.0,"turns":4.0},{"damage":0.0,"enemies":"Slavers","floor":30.0,"turns":1.0},{"damage":6.0,"enemies":"Colosseum Slavers","floor":31.0,"turns":2.0},{"damage":0.0,"enemies":"Colosseum Nobs","floor":31.0,"turns":3.0},{"damage":6.0,"enemies":"Collector","floor":33.0,"turns":5.0},{"damage":0.0,"enemies":"Orb Walker","floor":35.0,"turns":2.0},{"damage":15.0,"enemies":"3 Darklings","floor":36.0,"turns":4.0},{"damage":1.0,"enemies":"Maw","floor":38.0,"turns":6.0},{"damage":7.0,"enemies":"2 Orb Walkers","floor":39.0,"turns":3.0},{"damage":0.0,"enemies":"Nemesis","floor":41.0,"turns":1.0},{"damage":0.0,"enemies":"Mind Bloom Boss Battle","floor":44.0,"turns":1.0},{"damage":0.0,"enemies":"Reptomancer","floor":45.0,"turns":2.0},{"damage":0.0,"enemies":"4 Shapes","floor":46.0,"turns":2.0},{"damage":35,"enemies":"Nemesis","floor":48,"turns":3},{"damage":19,"enemies":"Awakened One","floor":50,"turns":6},{"damage":0,"enemies":"Shield and Spear","floor":54,"turns":3},{"damage":47,"enemies":"The Heart","floor":55,"turns":4}],"seed_played":"6744409266257351501","potions_obtained":[{"floor":1.0,"key":"EssenceOfSteel"},{"floor":6.0,"key":"Energy Potion"},{"floor":7.0,"key":"FearPotion"},{"floor":8.0,"key":"Ancient Potion"},{"floor":10.0,"key":"EntropicBrew"},{"floor":12.0,"key":"EssenceOfSteel"},{"floor":13.0,"key":"LiquidMemories"},{"floor":16.0,"key":"BlessingOfTheForge"},{"floor":21.0,"key":"Regen Potion"},{"floor":23.0,"key":"Energy Potion"},{"floor":30.0,"key":"GamblersBrew"},{"floor":31.0,"key":"ColorlessPotion"},{"floor":33.0,"key":"Block Potion"},{"floor":36.0,"key":"SpeedPotion"},{"floor":41.0,"key":"EssenceOfSteel"},{"floor":44.0,"key":"Dexterity Potion"},{"floor":48,"key":"DuplicationPotion"},{"floor":54,"key":"Dexterity Potion"}],"is_trial":false,"path_per_floor":["M","?","$","?","?","E","M","E","T","E","?","M","E","M","R","B",null,"M","M","M","M","M","E","R","E","T","?","M","?","E","?","R","B",null,"M","M","$","M","?","R","E","R","T","?","E","M","R","E","R","B",null,"R","$","E","B",null],"character_chosen":"THE_SILENT","items_purchased":["PreservedInsect","War Paint","Toy Ornithopter","Bronze Scales","TheAbacus","Lantern","Vajra","Mummified Hand"],"campfire_rested":0,"item_purchase_floors":[3,37,37,37,37,37,53,53],"current_hp_per_floor":[62,62,62,58,58,45,34,36,36,26,26,26,25,25,25,13,68,60,58,47,29,20,12,12,12,12,12,15,15,27,26,26,25,75,75,65,65,74,72,72,75,75,75,75,75,75,75,45,45,26,75,75,75,75,28],"gold":39,"neow_bonus":"ONE_RARE_RELIC","is_daily":false,"chose_seed":false,"campfire_upgraded":7,"win_rate":0.0,"timestamp":1611764064,"path_taken":["M","?","$","?","?","E","M","E","T","E","?","M","E","M","R","BOSS","M","M","?","M","M","E","R","E","T","?","M","?","E","?","R","BOSS","M","M","$","M","?","R","E","R","T","?","E","M","R","E","R","BOSS","R","$","E","BOSS"],"items_purchased_type":["Relic","Relic","Relic","Relic","Relic","Relic","Relic","Relic"],"build_version":"2020-12-22","purchased_purges":3,"victory":true,"max_hp_per_floor":[63,63,63,58,58,58,58,68,68,68,68,68,68,68,68,68,68,68,68,68,68,68,68,68,68,68,68,68,68,75,75,75,75,75,75,75,75,75,75,75,75,75,75,75,75,75,75,75,75,75,75,75,75,75,75],"card_choices":[{"not_picked":["Distraction","Dagger Throw","Sucker Punch"],"picked":"SKIP","floor":1.0},{"not_picked":["Sucker Punch","Eviscerate"],"picked":"Accuracy","floor":6.0},{"not_picked":["Finisher","Heel Hook"],"picked":"A Thousand Cuts","floor":7.0},{"not_picked":["Noxious Fumes","Choke","Catalyst"],"picked":"SKIP","floor":8.0},{"not_picked":["Backflip","Bane","Crippling Poison"],"picked":"SKIP","floor":10.0},{"not_picked":["Tactician","Deadly Poison"],"picked":"Blade Dance","floor":12.0},{"not_picked":["Bouncing Flask","Deadly Poison","Concentrate"],"picked":"SKIP","floor":13.0},{"not_picked":["Prepared","Slice"],"picked":"Cloak And Dagger","floor":14.0},{"not_picked":["Deflect","Acrobatics"],"picked":"Endless Agony+1","floor":18.0},{"not_picked":["Heel Hook","Underhanded Strike+1","Endless Agony"],"picked":"SKIP","floor":19.0},{"not_picked":["Bane","Flying Knee","Slice"],"picked":"SKIP","floor":20.0},{"not_picked":["Choke+1","Underhanded Strike+1"],"picked":"Blade Dance","floor":21.0},{"not_picked":["Underhanded Strike","Flying Knee"],"picked":"Deflect+1","floor":22.0},{"not_picked":["Well Laid Plans","Riddle With Holes"],"picked":"Masterful Stab+1","floor":23.0},{"not_picked":["Dagger Throw","Noxious Fumes+1","Calculated Gamble"],"picked":"SKIP","floor":25.0},{"not_picked":["Deflect","Tools of the Trade","Dodge and Roll"],"picked":"Cloak And Dagger","floor":28.0},{"not_picked":["Bouncing Flask","Acrobatics+1","Dagger Throw+1","Poisoned Stab"],"picked":"SKIP","floor":30.0},{"not_picked":["Backstab+1","Dagger Throw+1","Calculated Gamble"],"picked":"Blade Dance+1","floor":35.0},{"not_picked":["Dagger Throw+1","Underhanded Strike+1","Flying Knee+1","Dash+1"],"picked":"SKIP","floor":36.0},{"not_picked":["Venomology","Choke+1","Outmaneuver+1"],"picked":"Accuracy+1","floor":38.0},{"not_picked":["Dodge and Roll+1","Sucker Punch","Bane","Reflex+1"],"picked":"SKIP","floor":41.0},{"not_picked":["Catalyst","Setup","Blade Dance","Prepared+1"],"picked":"SKIP","floor":45.0},{"not_picked":["Prepared","Concentrate","Acrobatics","Caltrops"],"picked":"SKIP","floor":46.0},{"not_picked":["Dagger Throw","Masterful Stab","Choke","Setup+1"],"picked":"SKIP","floor":48},{"not_picked":["Deadly Poison+1","Deflect","Quick Slash"],"picked":"Masterful Stab+1","floor":54}],"player_experience":1143786,"relics_obtained":[{"floor":6.0,"key":"White Beast Statue"},{"floor":8.0,"key":"Pear"},{"floor":9.0,"key":"CeramicFish"},{"floor":10.0,"key":"Happy Flower"},{"floor":13.0,"key":"Bag of Preparation"},{"floor":23.0,"key":"StrikeDummy"},{"floor":23.0,"key":"Pen Nib"},{"floor":25.0,"key":"InkBottle"},{"floor":25.0,"key":"Dream Catcher"},{"floor":26.0,"key":"Question Card"},{"floor":30.0,"key":"Strawberry"},{"floor":30.0,"key":"Ancient Tea Set"},{"floor":31.0,"key":"The Specimen"},{"floor":31.0,"key":"The Courier"},{"floor":39.0,"key":"Tingsha"},{"floor":41.0,"key":"Art of War"},{"floor":41.0,"key":"Nunchaku"},{"floor":44.0,"key":"Pocketwatch"},{"floor":45.0,"key":"Oddly Smooth Stone"},{"floor":45.0,"key":"Kunai"},{"floor":48,"key":"Turnip"},{"floor":48,"key":"Juzu Bracelet"},{"floor":54,"key":"Gambling Chip"},{"floor":54,"key":"Unceasing Top"}],"event_choices":[{"damage_healed":0.0,"max_hp_gain":0.0,"max_hp_loss":0.0,"gold_gain":175.0,"event_name":"Liars Game","player_choice":"AGREE","floor":2.0,"gold_loss":0.0,"damage_taken":0.0,"cards_obtained":["Doubt"]},{"damage_healed":0.0,"max_hp_gain":0.0,"max_hp_loss":5.0,"gold_gain":0.0,"event_name":"Golden Idol","player_choice":"Lose Max HP","floor":4.0,"gold_loss":0.0,"damage_taken":0.0,"relics_obtained":["Golden Idol"]},{"cards_removed":["Defend_G"],"damage_healed":0.0,"max_hp_gain":0.0,"max_hp_loss":0.0,"gold_gain":0.0,"event_name":"Living Wall","player_choice":"Forget","floor":5.0,"gold_loss":0.0,"damage_taken":0.0},{"damage_healed":0.0,"max_hp_gain":0.0,"max_hp_loss":0.0,"gold_gain":0.0,"event_name":"Upgrade Shrine","player_choice":"Upgraded","floor":11.0,"gold_loss":0.0,"damage_taken":0.0,"cards_upgraded":["A Thousand Cuts"]},{"damage_healed":0.0,"max_hp_gain":0.0,"max_hp_loss":0.0,"gold_gain":0.0,"event_name":"Forgotten Altar","player_choice":"Gave Idol","floor":27.0,"relics_lost":["Golden Idol"],"gold_loss":0.0,"damage_taken":0.0,"relics_obtained":["Bloody Idol"]},{"cards_removed":["Strike_G"],"damage_healed":0.0,"max_hp_gain":0.0,"max_hp_loss":0.0,"gold_gain":0.0,"event_name":"Beggar","player_choice":"Gave Gold","floor":29.0,"gold_loss":75.0,"damage_taken":0.0},{"damage_healed":0.0,"max_hp_gain":0.0,"max_hp_loss":0.0,"gold_gain":0.0,"event_name":"Colosseum","player_choice":"Fight","floor":31.0,"gold_loss":0.0,"damage_taken":0.0},{"damage_healed":0.0,"max_hp_gain":0.0,"max_hp_loss":0.0,"gold_gain":0.0,"event_name":"Colosseum","player_choice":"Fought Nobs","floor":31.0,"gold_loss":0.0,"damage_taken":0.0},{"damage_healed":0.0,"max_hp_gain":0.0,"max_hp_loss":0.0,"gold_gain":0.0,"event_name":"Mysterious Sphere","player_choice":"Fight","floor":39.0,"gold_loss":0.0,"damage_taken":0.0},{"damage_healed":0.0,"max_hp_gain":0.0,"max_hp_loss":0.0,"gold_gain":0.0,"event_name":"MindBloom","player_choice":"Fight","floor":44.0,"gold_loss":0.0,"damage_taken":0.0}],"is_beta":false,"boss_relics":[{"not_picked":["Runic Pyramid","Velvet Choker"],"picked":"Black Star"},{"not_picked":["SacredBark","HoveringKite"],"picked":"Philosopher\u0027s Stone"}],"items_purged_floors":[3,37,53],"is_endless":false,"potions_floor_spawned":[1,6,7,8,10,12,13,14,16,18,19,20,21,22,23,25,28,30,31,31,33,35,36,38,39,41,44,45,46,48,54],"ascension_level":1}}