{"host":"ydg0vn0pu4pubmdt","time":1611757148,"event":{"mods":["AchievementEnabler","BaseMod","Colored Map","Gold Saver","Minty Spire (QoL Compilation)","Quick Restart","SuperFastMode"],"gold_per_floor":[160,173,98,151,162,195,209,209,285,285,299,334,334,349,349,428,428,439,379,255,228,248,248,277,292,292,305,324,341,31,46,46,121,121,134,145,25,377,377,400,400,122,122,142,155,155,181,196,196,196,196,196,196,56,81,81],"floor_reached":57,"language":"KOR","playtime":8220,"items_purged":["Strike_G","Defend_G","Strike_G","Strike_G","Defend_G"],"score":2761,"play_id":"5718f47b-423e-402e-8d29-3d91dfa67527","local_time":"20210127231908","is_ascension_mode":true,"campfire_choices":[{"floor":8.0,"key":"REST"},{"floor":13.0,"key":"REST"},{"data":"Neutralize","floor":15.0,"key":"SMITH"},{"data":"Cloak And Dagger","floor":23.0,"key":"SMITH"},{"floor":32.0,"key":"REST"},{"floor":41.0,"key":"RECALL"},{"floor":46.0,"key":"REST"},{"data":"A Thousand Cuts","floor":49.0,"key":"SMITH"},{"data":"Blade Dance","floor":53.0,"key":"SMITH"}],"circlet_count":0,"master_deck":["AscendersBane","Defend_G","Survivor","Neutralize+1","Predator+1","Cloak And Dagger+1","Blade Dance+1","Blade Dance","After Image","Backflip+1","Bouncing Flask+1","Blur+1","Acrobatics+1","Cloak And Dagger+1","Escape Plan+1","Acrobatics+1","Bullet Time+1","Prepared+1","Escape Plan+1","PiercingWail+1","Deflect+1","Tactician+1","Blade Dance+1","Malaise+1","Wraith Form v2+1","Envenom+1","Storm of Steel+1","Prepared+1","Adrenaline+1","A Thousand Cuts+1","Finesse+1","Footwork","Night Terror+1"],"relics":["Ring of the Serpent","NeowsBlessing","Oddly Smooth Stone","The Courier","Toxic Egg 2","Centennial Puzzle","Lantern","Strawberry","TwistedFunnel","Astrolabe","Old Coin","Whetstone","Ginger","Boot"],"acts_visited":["Exordium","TheCity","TheBeyond","TheEnding"],"potions_floor_usage":[],"damage_taken":[{"damage":0.0,"enemies":"Cultist","floor":1.0,"turns":1.0},{"damage":0.0,"enemies":"Small Slimes","floor":2.0,"turns":1.0},{"damage":0.0,"enemies":"Jaw Worm","floor":5.0,"turns":1.0},{"damage":33.0,"enemies":"3 Sentries","floor":6.0,"turns":14.0},{"damage":0.0,"enemies":"Exordium Thugs","floor":7.0,"turns":4.0},{"damage":8.0,"enemies":"3 Louse","floor":11.0,"turns":3.0},{"damage":19.0,"enemies":"Gremlin Nob","floor":12.0,"turns":4.0},{"damage":0.0,"enemies":"Lots of Slimes","floor":14.0,"turns":4.0},{"damage":9.0,"enemies":"Hexaghost","floor":16.0,"turns":8.0},{"damage":5.0,"enemies":"Shell Parasite","floor":18.0,"turns":7.0},{"damage":0.0,"enemies":"2 Thieves","floor":21.0,"turns":4.0},{"damage":13.0,"enemies":"Snecko","floor":22.0,"turns":6.0},{"damage":11.0,"enemies":"Gremlin Leader","floor":24.0,"turns":7.0},{"damage":6.0,"enemies":"Cultist and Chosen","floor":25.0,"turns":9.0},{"damage":0.0,"enemies":"Centurion and Healer","floor":27.0,"turns":9.0},{"damage":8.0,"enemies":"Chosen and Byrds","floor":28.0,"turns":7.0},{"damage":2.0,"enemies":"Snake Plant","floor":29.0,"turns":4.0},{"damage":0.0,"enemies":"Shelled Parasite and Fungi","floor":31.0,"turns":8.0},{"damage":32.0,"enemies":"Automaton","floor":33.0,"turns":13.0},{"damage":1.0,"enemies":"3 Darklings","floor":35.0,"turns":5.0},{"damage":4.0,"enemies":"3 Shapes","floor":36.0,"turns":4.0},{"damage":12.0,"enemies":"2 Orb Walkers","floor":38.0,"turns":6.0},{"damage":3.0,"enemies":"Maw","floor":44.0,"turns":8.0},{"damage":0.0,"enemies":"Sphere and 2 Shapes","floor":45.0,"turns":6.0},{"damage":0.0,"enemies":"Giant Head","floor":47.0,"turns":8.0},{"damage":4.0,"enemies":"3 Darklings","floor":48.0,"turns":4.0},{"damage":0.0,"enemies":"Awakened One","floor":50.0,"turns":10.0},{"damage":28.0,"enemies":"Donu and Deca","floor":51.0,"turns":12.0},{"damage":8.0,"enemies":"Shield and Spear","floor":55.0,"turns":12.0},{"damage":46,"enemies":"The Heart","floor":56,"turns":11}],"seed_played":"-4809352083009611124","potions_obtained":[{"floor":1.0,"key":"LiquidBronze"},{"floor":6.0,"key":"CunningPotion"},{"floor":7.0,"key":"DistilledChaos"},{"floor":14.0,"key":"PowerPotion"},{"floor":16.0,"key":"LiquidBronze"},{"floor":21.0,"key":"PowerPotion"},{"floor":22.0,"key":"DistilledChaos"},{"floor":25.0,"key":"CunningPotion"},{"floor":28.0,"key":"Poison Potion"},{"floor":36.0,"key":"BlessingOfTheForge"},{"floor":38.0,"key":"Energy Potion"}],"is_trial":false,"path_per_floor":["M","M","?","T","M","E","M","R","T","?","M","E","R","M","R","B",null,"M","$","$","M","M","R","E","M","T","M","M","M","$","M","R","B",null,"M","M","$","?","?","T","R","$","T","M","M","R","E","M","R","B","B",null,"R","$","E","B",null],"character_chosen":"THE_SILENT","items_purchased":["Cloak And Dagger+1","TwistedFunnel","Deflect+1","Tactician+1","Adrenaline+1","Finesse+1","Footwork"],"campfire_rested":4,"item_purchase_floors":[20,30,30,30,42,54,54],"current_hp_per_floor":[59,59,59,59,59,26,26,45,45,45,37,18,37,37,37,28,57,52,52,52,52,39,39,28,22,29,29,21,19,19,19,40,8,57,56,52,52,40,40,40,40,40,40,37,37,57,57,53,53,53,25,58,58,58,50,4],"gold":81,"neow_bonus":"THREE_ENEMY_KILL","is_daily":false,"chose_seed":false,"campfire_upgraded":4,"win_rate":0.0,"timestamp":1611757148,"path_taken":["M","?","?","?","?","E","M","R","T","?","M","E","R","M","R","BOSS","M","?","$","M","M","R","E","M","T","M","M","M","$","M","R","BOSS","M","M","$","?","?","?","R","?","T","M","M","R","E","M","R","BOSS","BOSS","R","$","E","BOSS"],"items_purchased_type":["Card","Relic","Card","Card","Card","Card","Card"],"build_version":"2020-12-22","purchased_purges":5,"victory":true,"max_hp_per_floor":[66,66,66,66,66,66,66,66,66,66,66,66,66,66,66,66,66,66,66,66,66,66,66,66,66,73,73,73,73,73,73,73,73,73,73,73,73,73,69,69,69,69,69,69,69,69,69,69,69,69,69,69,69,69,69,69],"card_choices":[{"not_picked":["Concentrate","Dodge and Roll","Leg Sweep"],"picked":"SKIP","floor":1.0},{"not_picked":["Skewer","Leg Sweep"],"picked":"Predator","floor":2.0},{"not_picked":["Backflip","Deflect"],"picked":"Cloak And Dagger","floor":5.0},{"not_picked":["Masterful Stab","Leg Sweep"],"picked":"Blade Dance","floor":6.0},{"not_picked":["Escape Plan","Crippling Poison"],"picked":"Blade Dance","floor":7.0},{"not_picked":["Outmaneuver+1","Terror+1"],"picked":"Backflip+1","floor":11.0},{"not_picked":["Dagger Spray","Deadly Poison+1"],"picked":"Bouncing Flask+1","floor":12.0},{"not_picked":["Poisoned Stab","Backflip+1"],"picked":"Blur+1","floor":14.0},{"not_picked":["Acrobatics+1","Bane","Flechettes"],"picked":"SKIP","floor":18.0},{"not_picked":["Bane","Flechettes"],"picked":"Acrobatics+1","floor":18.0},{"not_picked":["Catalyst+1","Predator"],"picked":"Escape Plan+1","floor":21.0},{"not_picked":["Dash","Slice","Flying Knee"],"picked":"SKIP","floor":22.0},{"not_picked":["Caltrops","Masterful Stab+1"],"picked":"Acrobatics+1","floor":24.0},{"not_picked":["Eviscerate","Cloak And Dagger+1"],"picked":"Bullet Time+1","floor":25.0},{"not_picked":["Backflip+1","Deadly Poison+1"],"picked":"Prepared+1","floor":27.0},{"not_picked":["Skewer","PiercingWail+1"],"picked":"Escape Plan+1","floor":28.0},{"not_picked":["Flying Knee+1","Sucker Punch"],"picked":"PiercingWail+1","floor":29.0},{"not_picked":["Cloak And Dagger+1","Quick Slash"],"picked":"Blade Dance+1","floor":31.0},{"not_picked":["Tools of the Trade","Phantasmal Killer+1"],"picked":"Malaise+1","floor":33.0},{"not_picked":["All Out Attack","Backflip+1","Deadly Poison+1"],"picked":"SKIP","floor":35.0},{"not_picked":["Expertise+1","Underhanded Strike+1"],"picked":"Prepared+1","floor":36.0},{"not_picked":["Sucker Punch","All Out Attack+1","Backflip+1"],"picked":"SKIP","floor":44.0},{"not_picked":["Predator+1","Expertise+1","Deadly Poison+1"],"picked":"SKIP","floor":45.0},{"not_picked":["Predator+1","Expertise+1","Deadly Poison+1"],"picked":"SKIP","floor":45.0},{"not_picked":["Setup+1","Dash"],"picked":"A Thousand Cuts","floor":47.0},{"not_picked":["Cloak And Dagger+1","Slice","Blade Dance+1"],"picked":"SKIP","floor":48.0},{"not_picked":["Bane","Acrobatics+1"],"picked":"Night Terror+1","floor":55.0}],"player_experience":605304,"relics_obtained":[{"floor":4.0,"key":"Oddly Smooth Stone"},{"floor":6.0,"key":"The Courier"},{"floor":9.0,"key":"Toxic Egg 2"},{"floor":12.0,"key":"Centennial Puzzle"},{"floor":24.0,"key":"Lantern"},{"floor":26.0,"key":"Strawberry"},{"floor":38.0,"key":"Old Coin"},{"floor":40.0,"key":"Whetstone"},{"floor":47.0,"key":"Ginger"},{"floor":55.0,"key":"Boot"}],"event_choices":[{"cards_removed":["Strike_G"],"damage_healed":0.0,"max_hp_gain":0.0,"max_hp_loss":0.0,"gold_gain":0.0,"event_name":"The Cleric","player_choice":"Card Removal","floor":3.0,"gold_loss":75.0,"damage_taken":0.0},{"damage_healed":0.0,"max_hp_gain":0.0,"max_hp_loss":0.0,"gold_gain":0.0,"event_name":"Match and Keep!","player_choice":"1 cards matched","floor":10.0,"gold_loss":0.0,"damage_taken":0.0,"cards_obtained":["After Image"]},{"damage_healed":0.0,"max_hp_gain":0.0,"max_hp_loss":0.0,"gold_gain":0.0,"event_name":"Mysterious Sphere","player_choice":"Fight","floor":38.0,"gold_loss":0.0,"damage_taken":0.0},{"damage_healed":0.0,"max_hp_gain":0.0,"max_hp_loss":4.0,"gold_gain":0.0,"event_name":"Winding Halls","player_choice":"Max HP","floor":39.0,"gold_loss":0.0,"damage_taken":0.0}],"is_beta":false,"boss_relics":[{"not_picked":["Black Star","Fusion Hammer"],"picked":"Ring of the Serpent"},{"not_picked":["Snecko Eye","Pandora\u0027s Box"],"picked":"Astrolabe"}],"items_purged_floors":[19,20,30,37,42],"is_endless":false,"potions_floor_spawned":[1,6,7,14,16,21,22,25,28,36,38,45,55],"ascension_level":20}}