{"host":"61r95uy0hn86b9iu","time":1611717364,"event":{"mods":["AchievementEnabler","BaseMod","Better Vampires","BetterRewards","Colored Powertips","Hubris","Minty Spire (QoL Compilation)","Shop Mod","StSLib"],"gold_per_floor":[110,110,110,110,210,210,39,39,65,12,27,27,47,47,47,118,118,129,129,144,144,194,194,210,228,228,228,228],"floor_reached":27,"language":"ENG","playtime":585,"items_purged":[],"score":568,"play_id":"1fee6026-b676-4878-8b0f-125fcf02f99a","local_time":"20210126211604","is_ascension_mode":true,"campfire_choices":[{"data":"Darkness","floor":6.0,"key":"SMITH"},{"floor":8.0,"key":"REST"},{"data":"Reinforced Body","floor":12.0,"key":"SMITH"},{"floor":15.0,"key":"REST"},{"floor":23.0,"key":"REST"}],"circlet_count":0,"master_deck":["AscendersBane","Strike_B","Strike_B","Strike_B","Defend_B","Defend_B","Defend_B","Defend_B","Zap","Dualcast","Darkness+1","Rebound","Reinforced Body+1","Conserve Battery","Rainbow"],"relics":["Cracked Core","hubris:Zylophone","Singing Bowl","Omamori","Chemical X","hubris:Backtick","hubris:Potato","Nloth\u0027s Gift","The Courier","Meat on the Bone"],"acts_visited":["Exordium","TheCity"],"potions_floor_usage":[27,27],"damage_taken":[{"damage":8.0,"enemies":"Small Slimes","floor":1.0,"turns":3.0},{"damage":3.0,"enemies":"2 Louse","floor":11.0,"turns":3.0},{"damage":1.0,"enemies":"Cultist","floor":13.0,"turns":3.0},{"damage":38.0,"enemies":"Slime Boss","floor":16.0,"turns":6.0},{"damage":0.0,"enemies":"Spheric Guardian","floor":18.0,"turns":3.0},{"damage":13.0,"enemies":"Chosen","floor":20.0,"turns":4.0},{"damage":40.0,"enemies":"Snecko","floor":24.0,"turns":5.0},{"damage":5.0,"enemies":"Centurion and Healer","floor":25.0,"turns":5.0},{"damage":39,"enemies":"Shelled Parasite and Fungi","floor":27,"turns":5}],"seed_played":"-2284107872237623720","potions_obtained":[{"floor":1.0,"key":"Energy Potion"},{"floor":13.0,"key":"Swift Potion"},{"floor":18.0,"key":"Energy Potion"},{"floor":24.0,"key":"Block Potion"},{"floor":25,"key":"Dexterity Potion"}],"is_trial":false,"path_per_floor":["M","?","?","?","?","R","$","R","T","$","M","R","M","?","R","B",null,"M","?","M","T","?","R","M","M","T","M"],"character_chosen":"DEFECT","items_purchased":["Rebound","Chemical X","Conserve Battery"],"campfire_rested":3,"item_purchase_floors":[0,7,10],"current_hp_per_floor":[56,49,49,38,38,38,38,59,59,59,58,58,59,59,75,37,66,68,68,57,57,57,79,41,38,38,0,0],"gold":228,"neow_bonus":"","is_daily":false,"chose_seed":false,"campfire_upgraded":2,"win_rate":0.0,"timestamp":1611717364,"path_taken":["M","?","?","?","?","R","$","R","T","$","M","R","?","?","R","BOSS","M","?","?","?","?","R","M","?","T","M"],"items_purchased_type":["Card","Relic","Card"],"build_version":"2020-12-22","purchased_purges":0,"victory":false,"max_hp_per_floor":[71,71,71,71,71,71,71,71,71,71,73,73,75,75,75,75,75,77,77,79,79,79,79,81,83,83,83,83],"card_choices":[{"not_picked":["Cold Snap","Tempest"],"picked":"Reinforced Body","floor":1.0},{"not_picked":["Doom and Gloom","Rebound","Conserve Battery"],"picked":"Singing Bowl","floor":11.0},{"not_picked":["Beam Cell","Aggregate","Barrage"],"picked":"Singing Bowl","floor":13.0},{"not_picked":["hubris:Prefetch","Hyperbeam"],"picked":"Rainbow","floor":16.0},{"not_picked":["Storm","Doom and Gloom","Conserve Battery"],"picked":"Singing Bowl","floor":18.0},{"not_picked":["Barrage","Auto Shields","Lockon"],"picked":"Singing Bowl","floor":20.0},{"not_picked":["Hologram","Force Field","Leap"],"picked":"Singing Bowl","floor":24.0},{"not_picked":["Ball Lightning","Rebound","Hologram"],"picked":"Singing Bowl","floor":25}],"player_experience":3318417,"relics_obtained":[{"floor":9.0,"key":"Bronze Scales"},{"floor":21.0,"key":"The Courier"},{"floor":26,"key":"Meat on the Bone"}],"event_choices":[{"cards_removed":["Strike_B"],"damage_healed":0.0,"max_hp_gain":0.0,"max_hp_loss":0.0,"gold_gain":0.0,"event_name":"Golden Wing","player_choice":"Card Removal","floor":2.0,"gold_loss":0.0,"damage_taken":7.0},{"damage_healed":0.0,"max_hp_gain":0.0,"max_hp_loss":0.0,"gold_gain":0.0,"event_name":"Big Fish","player_choice":"Box","floor":3.0,"gold_loss":0.0,"damage_taken":0.0,"relics_obtained":["Singing Bowl"],"cards_obtained":["Regret"]},{"damage_healed":0.0,"max_hp_gain":0.0,"max_hp_loss":0.0,"gold_gain":0.0,"event_name":"Scrap Ooze","player_choice":"Success","floor":4.0,"gold_loss":0.0,"damage_taken":11.0,"relics_obtained":["Omamori"]},{"damage_healed":0.0,"max_hp_gain":0.0,"max_hp_loss":0.0,"gold_gain":100.0,"event_name":"Wheel of Change","player_choice":"Gold","floor":5.0,"gold_loss":0.0,"damage_taken":0.0},{"cards_removed":["Regret"],"damage_healed":0.0,"max_hp_gain":0.0,"max_hp_loss":0.0,"gold_gain":0.0,"event_name":"Living Wall","player_choice":"Forget","floor":14.0,"gold_loss":0.0,"damage_taken":0.0},{"damage_healed":0.0,"max_hp_gain":0.0,"max_hp_loss":0.0,"gold_gain":0.0,"event_name":"N\u0027loth","player_choice":"Traded Relic","floor":19.0,"relics_lost":["Bronze Scales"],"gold_loss":0.0,"damage_taken":0.0,"relics_obtained":["Nloth\u0027s Gift"]},{"damage_healed":0.0,"max_hp_gain":0.0,"max_hp_loss":0.0,"gold_gain":100.0,"event_name":"The Joust","player_choice":"Bet on Murderer","floor":22.0,"gold_loss":50.0,"damage_taken":0.0}],"is_beta":false,"boss_relics":[{"not_picked":["FrozenCore","hubris:Stopwatch"],"picked":"hubris:Backtick"}],"items_purged_floors":[],"is_endless":false,"potions_floor_spawned":[1,13,18,24,25],"killed_by":"Shelled Parasite and Fungi","ascension_level":18}}