{"host":"zyv4qd6no272sqjf","time":1611789229,"event":{"mods":["AchievementEnabler","BaseMod","Colored Map","Minty Spire (QoL Compilation)","Relic Stats","Slay the Relics Exporter","StSLib","everything is the same but u backflip on backflip"],"gold_per_floor":[113,130,130,130,130,130,165,165,165,189,34,34,50,65,65,155,155,155,55,55,55,0,0,0],"floor_reached":23,"language":"ENG","playtime":496,"items_purged":["Injury","Defend_G"],"score":413,"play_id":"0183fa46-c69d-48bf-a0f8-ff884b421e2f","local_time":"20210128091349","is_ascension_mode":true,"campfire_choices":[{"floor":6.0,"key":"REST"},{"data":"Backflip","floor":8.0,"key":"SMITH"},{"data":"Venomology","floor":15.0,"key":"SMITH"}],"circlet_count":0,"master_deck":["AscendersBane","Strike_G","Strike_G","Strike_G","Strike_G","Defend_G","Defend_G","Defend_G","Defend_G+1","Survivor","Neutralize","Backflip+1","Dagger Spray+1","Accuracy+1","Venomology+1","Accuracy","Grand Finale","Well Laid Plans"],"relics":["Ring of the Snake","NeowsBlessing","Golden Idol","Ninja Scroll","Ornamental Fan","Black Star","MutagenicStrength"],"acts_visited":["Exordium","TheCity"],"potions_floor_usage":[18,23],"damage_taken":[{"damage":0.0,"enemies":"Small Slimes","floor":1.0,"turns":1.0},{"damage":0.0,"enemies":"2 Louse","floor":2.0,"turns":1.0},{"damage":0.0,"enemies":"Lagavulin","floor":7.0,"turns":1.0},{"damage":0.0,"enemies":"Jaw Worm","floor":10.0,"turns":2.0},{"damage":0.0,"enemies":"Exordium Wildlife","floor":13.0,"turns":2.0},{"damage":0.0,"enemies":"2 Fungi Beasts","floor":14.0,"turns":1.0},{"damage":34.0,"enemies":"Slime Boss","floor":16.0,"turns":10.0},{"damage":0,"enemies":"Shell Parasite","floor":18,"turns":1},{"damage":15,"enemies":"Book of Stabbing","floor":23,"turns":4}],"seed_played":"2640286103636755019","potions_obtained":[{"floor":2.0,"key":"FearPotion"},{"floor":10.0,"key":"SteroidPotion"}],"is_trial":false,"path_per_floor":["M","M","?","?","?","R","E","R","T","M","$","?","M","M","R","B",null,"M","$","?","?","?","E"],"character_chosen":"THE_SILENT","items_purchased":["Accuracy"],"campfire_rested":1,"item_purchase_floors":[11],"current_hp_per_floor":[59,59,52,52,32,51,51,51,51,51,51,51,51,51,51,17,54,54,54,54,54,54,39,39],"gold":0,"neow_bonus":"THREE_ENEMY_KILL","is_daily":false,"chose_seed":false,"campfire_upgraded":2,"win_rate":0.0,"timestamp":1611789229,"path_taken":["M","M","?","?","?","R","E","R","T","M","$","?","M","M","R","BOSS","M","$","?","?","?","E"],"items_purchased_type":["Card"],"build_version":"2020-12-22","purchased_purges":2,"victory":false,"max_hp_per_floor":[66,66,66,66,66,66,66,66,66,66,66,66,66,66,66,66,66,66,66,66,66,66,66,66],"relic_stats":{"counters":[9,23],"Golden Idol":40,"Ornamental Fan":[40],"Black Star":0,"obtain_stats":[{"NeowsBlessing":0,"Golden Idol":4,"Ninja Scroll":7,"Ornamental Fan":9,"MutagenicStrength":20,"Black Star":17,"Ring of the Snake":0},{"NeowsBlessing":0,"Golden Idol":2,"Ninja Scroll":3,"Ornamental Fan":3,"MutagenicStrength":8,"Black Star":7,"Ring of the Snake":0},{"NeowsBlessing":0,"Golden Idol":2,"Ninja Scroll":3,"Ornamental Fan":3,"MutagenicStrength":19,"Black Star":18,"Ring of the Snake":0}],"Ring of the Snake":[18]},"card_choices":[{"not_picked":["Dagger Throw","Deadly Poison"],"picked":"Backflip","floor":1.0},{"not_picked":["Concentrate","Calculated Gamble"],"picked":"Dagger Spray","floor":2.0},{"not_picked":["Slice","Cloak And Dagger"],"picked":"Accuracy","floor":7.0},{"not_picked":["Slice","Underhanded Strike"],"picked":"Venomology","floor":10.0},{"not_picked":["Riddle With Holes","Noxious Fumes","PiercingWail"],"picked":"SKIP","floor":13.0},{"not_picked":["Heel Hook","Deadly Poison","PiercingWail"],"picked":"SKIP","floor":14.0},{"not_picked":["A Thousand Cuts","After Image"],"picked":"Grand Finale","floor":16.0}],"player_experience":397608,"relics_obtained":[{"floor":7.0,"key":"Ninja Scroll"},{"floor":9.0,"key":"Ornamental Fan"}],"event_choices":[{"cards_removed":["Strike_G"],"damage_healed":0.0,"max_hp_gain":0.0,"max_hp_loss":0.0,"gold_gain":0.0,"event_name":"Golden Wing","player_choice":"Card Removal","floor":3.0,"gold_loss":0.0,"damage_taken":7.0},{"damage_healed":0.0,"max_hp_gain":0.0,"max_hp_loss":0.0,"gold_gain":0.0,"event_name":"Golden Idol","player_choice":"Take Wound","floor":4.0,"gold_loss":0.0,"damage_taken":0.0,"relics_obtained":["Golden Idol"],"cards_obtained":["Injury"]},{"damage_healed":0.0,"max_hp_gain":0.0,"max_hp_loss":0.0,"gold_gain":0.0,"event_name":"Shining Light","player_choice":"Entered Light","floor":5.0,"gold_loss":0.0,"damage_taken":20.0,"cards_upgraded":["Defend_G","Dagger Spray"]},{"damage_healed":0.0,"max_hp_gain":0.0,"max_hp_loss":0.0,"gold_gain":0.0,"event_name":"Living Wall","player_choice":"Grow","floor":12.0,"gold_loss":0.0,"damage_taken":0.0,"cards_upgraded":["Accuracy"]},{"damage_healed":0,"gold_gain":0,"player_choice":"Inject Mutagens","damage_taken":0,"relics_obtained":["MutagenicStrength"],"max_hp_gain":0,"max_hp_loss":0,"event_name":"Drug Dealer","floor":20,"gold_loss":0},{"damage_healed":0,"gold_gain":0,"player_choice":"Read","damage_taken":0,"max_hp_gain":0,"max_hp_loss":0,"event_name":"The Library","floor":21,"gold_loss":0,"cards_obtained":["Well Laid Plans"]},{"damage_healed":0,"gold_gain":0,"player_choice":"Paid Fearfully","damage_taken":0,"max_hp_gain":0,"max_hp_loss":0,"event_name":"Masked Bandits","floor":22,"gold_loss":55}],"is_beta":false,"boss_relics":[{"not_picked":["Tiny House","Runic Pyramid"],"picked":"Black Star"}],"items_purged_floors":[11,19],"is_endless":false,"potions_floor_spawned":[2,10],"killed_by":"Book of Stabbing","ascension_level":19}}