{"host":"cvi30shpqg1ukvbr","time":1611757383,"event":{"mods":["Act Like it!","BaseMod","Better Altar","Better Match","Better Note","Better Sensory Stone","Better Skull","Better Third Choice","Conspire","GifTheSpireLib","Hubris","Infinite Spire","Minty Spire (QoL Compilation)","Relic Stats","Replay The Spire","Shop Mod","Spicy Shops","StSLib","Stuff the Spire"],"gold_per_floor":[14,28,41,55,66,66,97,97,97,131,131,465,475,486,486,583,583,596,696,709,709,719,754,754,778,778,814,460,486,686,728,728,838,838,866,82,102,119,145,145,172,206,206,206,234,234,258,281,281,281],"floor_reached":51,"language":"ENG","playtime":3217,"items_purged":[],"score":875,"play_id":"51aa8508-c23f-4d1d-8c87-e6893ba4706f","local_time":"20210127232303","is_ascension_mode":true,"campfire_choices":[{"data":"Bash","floor":6.0,"key":"SMITH"},{"data":"Flex","floor":8.0,"key":"SMITH"},{"data":"Barricade","floor":15.0,"key":"SMITH"},{"floor":24.0,"key":"REST"},{"floor":32,"key":"REST"},{"data":"Double Tap","floor":40,"key":"SMITH"},{"data":"Rupture","floor":40,"key":"SMITH"},{"floor":46,"key":"REST"},{"floor":49,"key":"REST"}],"circlet_count":0,"master_deck":["Strike_R","Strike_R","Strike_R","Strike_R","Strike_R","Defend_R","Defend_R","Defend_R","Defend_R","Bash+1","Hemokinesis","Flex+1","Flame Barrier","Shrug It Off","Feel No Pain","Headbutt","Headbutt","Burn","Barricade+1","Flex","Double Tap+1","Pommel Strike+1","Flame Barrier","Headbutt","Burning Pact+1","StuffTheSpire:Slingshot+1","Blood for Blood","Disarm","Rupture+1","Dark Embrace","Bludgeon","Disarm+1","Feel No Pain","Power Through","Massacre+1","hubris:Envy","infinitespire:Pacifist","infinitespire:DeathsTouch","ReplayTheSpireMod:Limb From Limb","Entrench","True Grit+1","StuffTheSpire:Pyroclast"],"relics":["Burning Blood","Bag of Preparation","StrikeDummy","Quantum Egg","Old Coin","Painkiller Herb","infinitespire:Broken Mirror","CeramicFish","conspire:Dentures","Pet Ghost","Replay:Arrowhead","Du-Vu Doll","conspire:SlowCooker","hubris:GlazedTorus","PreservedInsect","ReplayTheSpireMod:Lightbulb","Replay:Rubber Ducky","hubris:FunFungus"],"acts_visited":["Exordium","TheCity","TheBeyond"],"potions_floor_usage":[27,31,39,50,50],"damage_taken":[{"damage":2.0,"enemies":"Small Slimes","floor":1.0,"turns":4.0},{"damage":5.0,"enemies":"Jaw Worm","floor":2.0,"turns":3.0},{"damage":0.0,"enemies":"2 Louse","floor":3.0,"turns":2.0},{"damage":4.0,"enemies":"Blue Slaver","floor":4.0,"turns":4.0},{"damage":13.0,"enemies":"Exordium Thugs","floor":5.0,"turns":5.0},{"damage":30.0,"enemies":"Gremlin Nob","floor":7.0,"turns":5.0},{"damage":14.0,"enemies":"Lagavulin","floor":10.0,"turns":5.0},{"damage":14.0,"enemies":"Gremlin Nob","floor":12.0,"turns":3.0},{"damage":7.0,"enemies":"Large Slime","floor":13.0,"turns":8.0},{"damage":9.0,"enemies":"2 Fungi Beasts","floor":14.0,"turns":4.0},{"damage":33.0,"enemies":"Fading Forest","floor":16.0,"turns":11.0},{"damage":4.0,"enemies":"Spheric Guardian","floor":18.0,"turns":3.0},{"damage":14.0,"enemies":"Shell Parasite","floor":20.0,"turns":5.0},{"damage":30.0,"enemies":"Snake Plant","floor":22.0,"turns":4.0},{"damage":36.0,"enemies":"Slavers","floor":23.0,"turns":7.0},{"damage":12.0,"enemies":"Snecko","floor":25.0,"turns":5.0},{"damage":12,"enemies":"Gremlin Leader","floor":27,"turns":6},{"damage":0,"enemies":"Centurion and Healer","floor":29,"turns":6},{"damage":27,"enemies":"Slavers","floor":31,"turns":5},{"damage":31,"enemies":"conspire:MysteriousRune","floor":33,"turns":12},{"damage":26,"enemies":"Orb Walker","floor":35,"turns":4},{"damage":0,"enemies":"3 Shapes","floor":37,"turns":7},{"damage":46,"enemies":"Transient","floor":38,"turns":5},{"damage":6,"enemies":"Jaw Worm Horde","floor":39,"turns":4},{"damage":15,"enemies":"Giant Head","floor":42,"turns":9},{"damage":11,"enemies":"Spire Growth","floor":45,"turns":4},{"damage":0,"enemies":"4 Shapes","floor":47,"turns":13},{"damage":52,"enemies":"Transient","floor":48,"turns":5},{"damage":25,"enemies":"hubris:GrandSnecko","floor":50,"turns":12}],"seed_played":"3984337393162471106","potions_obtained":[{"floor":2.0,"key":"SpeedPotion"},{"floor":4.0,"key":"Milkshake"},{"floor":10.0,"key":"Dexterity Potion"},{"floor":16.0,"key":"Weak Potion"},{"floor":22.0,"key":"Elixir"},{"floor":25.0,"key":"BlessingOfTheForge"},{"floor":27,"key":"ColorlessPotion"},{"floor":35,"key":"Energy Potion"},{"floor":38,"key":"PowerPotion"},{"floor":39,"key":"FearPotion"},{"floor":48,"key":"PowerPotion"}],"is_trial":false,"path_per_floor":["M","M","M","M","M","R","E","R","T","E","?","E","M","M","R","B",null,"?","?","?","?","?","E","T","?","T","E","T","?","?","E","T","B",null,"?","T","?","?","?","T","?","E","T","?","?","T","?","?","T","B",null],"character_chosen":"IRONCLAD","items_purchased":["Replay:Arrowhead","Disarm","hubris:GlazedTorus","PreservedInsect","Feel No Pain","ReplayTheSpireMod:Lightbulb"],"campfire_rested":4,"item_purchase_floors":[28,28,36,36,36,36],"current_hp_per_floor":[96,96,96,96,89,89,65,65,65,57,57,49,48,45,45,43,96,96,96,88,88,64,34,62,56,56,50,50,56,56,35,63,38,96,76,76,82,42,42,42,42,33,33,33,30,58,92,47,75,63],"gold":281,"neow_bonus":"TWENTY_PERCENT_HP_BONUS","is_daily":false,"chose_seed":false,"campfire_upgraded":5,"win_rate":0.0,"timestamp":1611757383,"path_taken":["M","M","M","M","M","R","E","R","T","E","?","E","M","M","R","BOSS","?","?","?","?","?","E","T","?","T","E","T","?","?","E","T","BOSS","?","T","?","?","?","T","?","E","T","?","?","T","?","?","T","BOSS"],"items_purchased_type":["Relic","Card","Relic","Relic","Card","Relic"],"build_version":"2020-12-22","purchased_purges":0,"victory":true,"max_hp_per_floor":[96,96,96,96,96,96,96,96,96,96,96,96,96,96,96,96,96,96,96,96,96,96,96,96,96,96,96,96,96,96,96,96,96,96,96,96,96,96,96,96,96,96,96,96,96,96,96,96,96,96],"relic_stats":{"counters":[29,170],"CeramicFish":162,"PreservedInsect":125,"Bag of Preparation":[46],"obtain_stats":[{"conspire:Dentures":26,"Quantum Egg":10,"CeramicFish":23,"Painkiller Herb":17,"conspire:SlowCooker":34,"PreservedInsect":36,"Bag of Preparation":7,"Burning Blood":0,"Pet Ghost":27,"Replay:Arrowhead":28,"Old Coin":12,"Replay:Rubber Ducky":42,"Du-Vu Doll":31,"infinitespire:Broken Mirror":21,"hubris:FunFungus":43,"StrikeDummy":9,"ReplayTheSpireMod:Lightbulb":36,"hubris:GlazedTorus":36},{"conspire:Dentures":16,"Quantum Egg":7,"CeramicFish":15,"Painkiller Herb":11,"conspire:SlowCooker":20,"PreservedInsect":21,"Bag of Preparation":6,"Burning Blood":0,"Pet Ghost":17,"Replay:Arrowhead":17,"Old Coin":8,"Replay:Rubber Ducky":25,"Du-Vu Doll":19,"infinitespire:Broken Mirror":13,"hubris:FunFungus":25,"StrikeDummy":6,"ReplayTheSpireMod:Lightbulb":21,"hubris:GlazedTorus":21},{"conspire:Dentures":78,"Quantum Egg":28,"CeramicFish":73,"Painkiller Herb":54,"conspire:SlowCooker":107,"PreservedInsect":111,"Bag of Preparation":23,"Burning Blood":0,"Pet Ghost":84,"Replay:Arrowhead":84,"Old Coin":31,"Replay:Rubber Ducky":136,"Du-Vu Doll":95,"infinitespire:Broken Mirror":62,"hubris:FunFungus":136,"StrikeDummy":23,"ReplayTheSpireMod:Lightbulb":111,"hubris:GlazedTorus":111}],"Burning Blood":159},"card_choices":[{"not_picked":["Havoc","Headbutt"],"picked":"Hemokinesis","floor":1.0},{"not_picked":["Dual Wield","Perfected Strike"],"picked":"Flex","floor":2.0},{"not_picked":["Twin Strike","Run Through"],"picked":"Flame Barrier","floor":3.0},{"not_picked":["Impervious","Life Link"],"picked":"Shrug It Off","floor":4.0},{"not_picked":["Shrug It Off","Cleave"],"picked":"Feel No Pain","floor":5.0},{"not_picked":["Thunderclap","hubris:ReadiedAction"],"picked":"Headbutt","floor":7.0},{"not_picked":["Clash","Warcry"],"picked":"Headbutt","floor":10.0},{"not_picked":["Flame Barrier","Wild Strike"],"picked":"Barricade","floor":12.0},{"not_picked":["Abandon","Life Link","StuffTheSpire:RockThrow"],"picked":"SKIP","floor":13.0},{"not_picked":["Anger","Havoc"],"picked":"Flex","floor":14.0},{"not_picked":["hubris:StunningStrike","conspire:HitWhereItHurts"],"picked":"Double Tap","floor":16.0},{"not_picked":["hubris:SharpeningStone+1","Headbutt"],"picked":"Pommel Strike+1","floor":18.0},{"not_picked":["Reckless Charge","Massacre"],"picked":"Flame Barrier","floor":20.0},{"not_picked":["ReplayTheSpireMod:Strike From Hell+1","Warcry"],"picked":"Headbutt","floor":22.0},{"not_picked":["Offering","Combust"],"picked":"Burning Pact+1","floor":23.0},{"not_picked":["Clothesline","ReplayTheSpireMod:Strike From Hell+1"],"picked":"StuffTheSpire:Slingshot+1","floor":25.0},{"not_picked":["Pommel Strike+1","ReplayTheSpireMod:Corrosion Curse"],"picked":"Blood for Blood","floor":27},{"not_picked":["Rampage+1","Clash"],"picked":"Rupture","floor":29},{"not_picked":["Iron Wave","hubris:SharpeningStone+1"],"picked":"Dark Embrace","floor":31},{"not_picked":["Exhume","Eclipse"],"picked":"Bludgeon","floor":33},{"not_picked":["True Grit","Dark Embrace+1"],"picked":"Disarm+1","floor":35},{"not_picked":["Abandon+1","Flex"],"picked":"Power Through","floor":37},{"not_picked":["StuffTheSpire:RagingBull+1","Pommel Strike","hubris:ReadiedAction"],"picked":"SKIP","floor":38},{"not_picked":["Cleave+1","infinitespire:OneForAll"],"picked":"Massacre+1","floor":39},{"not_picked":["Replay:Fractal Strike","ReplayTheSpireMod:??????????????????????"],"picked":"infinitespire:DeathsTouch","floor":41},{"not_picked":["Pommel Strike","Bludgeon"],"picked":"ReplayTheSpireMod:Limb From Limb","floor":42},{"not_picked":["Sword Boomerang+1","conspire:Charge+1"],"picked":"Entrench","floor":45},{"not_picked":["Power Through+1","Headbutt"],"picked":"True Grit+1","floor":47},{"not_picked":["Shrug It Off","Clash"],"picked":"StuffTheSpire:Pyroclast","floor":48}],"player_experience":1825830,"relics_obtained":[{"floor":7.0,"key":"Bag of Preparation"},{"floor":9.0,"key":"StrikeDummy"},{"floor":10.0,"key":"Quantum Egg"},{"floor":12.0,"key":"Old Coin"},{"floor":23.0,"key":"CeramicFish"},{"floor":26.0,"key":"conspire:Dentures"},{"floor":27,"key":"Pet Ghost"},{"floor":31,"key":"Du-Vu Doll"},{"floor":42,"key":"Replay:Rubber Ducky"},{"floor":43,"key":"hubris:FunFungus"}],"event_choices":[{"damage_healed":57.0,"max_hp_gain":0.0,"max_hp_loss":96.0,"gold_gain":0.0,"event_name":"betterThird:BetterShining","player_choice":"Embrace Burn","floor":11.0,"gold_loss":0.0,"damage_taken":0.0},{"damage_healed":0.0,"max_hp_gain":0.0,"max_hp_loss":0.0,"gold_gain":100.0,"event_name":"Golden Shrine","player_choice":"Pray","floor":19.0,"gold_loss":0.0,"damage_taken":0.0},{"damage_healed":0.0,"max_hp_gain":0.0,"max_hp_loss":0.0,"gold_gain":0.0,"event_name":"WeMeetAgain","player_choice":"Gave Potion","floor":21.0,"gold_loss":0.0,"damage_taken":0.0,"relics_obtained":["infinitespire:Broken Mirror"]},{"damage_healed":0,"gold_gain":200,"player_choice":"Gold","damage_taken":0,"max_hp_gain":0,"max_hp_loss":0,"event_name":"Wheel of Change","floor":30,"gold_loss":0},{"damage_healed":0,"gold_gain":0,"player_choice":"Bought 0 Potions","damage_taken":0,"max_hp_gain":0,"max_hp_loss":0,"event_name":"The Woman in Blue","floor":44,"gold_loss":0}],"is_beta":false,"boss_relics":[{"not_picked":["Replay:Bronze Core","Runic Dome"],"picked":"Painkiller Herb"},{"not_picked":["Runic Pyramid","Electric Blood"],"picked":"conspire:SlowCooker"}],"items_purged_floors":[],"is_endless":false,"potions_floor_spawned":[2,4,10,12,16,22,25,27,35,38,39,48],"ascension_level":1}}