{"host":"xmr2g8b7eju0288o","time":1611776116,"event":{"mods":["AchievementEnabler","BaseMod","Colored Map","Colored Powertips","KOR Keyword Fix","Minty Spire (QoL Compilation)","Quick Restart","Spicy Shops","StSLib","SuperFastMode"],"gold_per_floor":[129,168,90,140,188,290,130,208,208,292,347,383,419,419,419],"floor_reached":14,"language":"KOR","playtime":351,"items_purged":[],"score":220,"play_id":"4097c8a8-c35c-4265-a97e-480e0f6ae8da","local_time":"20210128043516","daily_mods":["Heirloom","DeadlyEvents","Elite Swarm","Midas"],"is_ascension_mode":true,"campfire_choices":[],"circlet_count":0,"master_deck":["AscendersBane","Strike_G","Strike_G","Strike_G","Strike_G","Strike_G","Defend_G","Defend_G","Defend_G","Defend_G","Defend_G","Survivor","Neutralize","Poisoned Stab","Slice","Deadly Poison","After Image+1","Escape Plan","Dagger Spray"],"relics":["Ring of the Snake","StoneCalendar","ClockworkSouvenir","Mercury Hourglass","Strawberry","Pear","Frozen Egg 2","Anchor","Snake Skull"],"acts_visited":["Exordium"],"potions_floor_usage":[14],"damage_taken":[{"damage":1.0,"enemies":"Jaw Worm","floor":1.0,"turns":7.0},{"damage":1.0,"enemies":"Cultist","floor":2.0,"turns":3.0},{"damage":0.0,"enemies":"2 Louse","floor":5.0,"turns":2.0},{"damage":22.0,"enemies":"3 Sentries","floor":6.0,"turns":5.0},{"damage":20.0,"enemies":"Gremlin Nob","floor":8.0,"turns":4.0},{"damage":9.0,"enemies":"Lagavulin","floor":10.0,"turns":6.0},{"damage":4.0,"enemies":"Blue Slaver","floor":12.0,"turns":3.0},{"damage":2.0,"enemies":"Lots of Slimes","floor":13.0,"turns":3.0},{"damage":17,"enemies":"3 Sentries","floor":14,"turns":2}],"seed_played":"-8134472614139091291","potions_obtained":[{"floor":1.0,"key":"SpeedPotion"},{"floor":2.0,"key":"SteroidPotion"},{"floor":13.0,"key":"Dexterity Potion"}],"is_trial":true,"path_per_floor":["M","M","$","?","M","E","$","E","T","E","T","M","M","E"],"character_chosen":"THE_SILENT","items_purchased":["ClockworkSouvenir","Strawberry"],"campfire_rested":0,"item_purchase_floors":[3,7],"current_hp_per_floor":[58,57,57,51,51,29,36,26,26,17,17,13,11,0,0],"gold":419,"neow_bonus":"","is_daily":false,"chose_seed":false,"campfire_upgraded":0,"win_rate":0.0,"timestamp":1611776116,"path_taken":["M","M","$","?","?","E","$","E","T","E","?","M","M","E"],"items_purchased_type":["Relic","Relic"],"build_version":"2020-12-22","purchased_purges":0,"victory":false,"max_hp_per_floor":[66,66,66,66,66,66,73,83,83,83,83,83,83,83,83],"card_choices":[{"not_picked":["Tactician","Quick Slash"],"picked":"Poisoned Stab","floor":1.0},{"not_picked":["Well Laid Plans","Sucker Punch"],"picked":"Slice","floor":2.0},{"not_picked":["Blade Dance","Slice"],"picked":"Deadly Poison","floor":5.0},{"not_picked":["Phantasmal Killer","Bullet Time","Grand Finale"],"picked":"SKIP","floor":6.0},{"not_picked":["Storm of Steel","Tools of the Trade","Envenom"],"picked":"SKIP","floor":8.0},{"not_picked":["Tools of the Trade+1","Phantasmal Killer"],"picked":"After Image+1","floor":10.0},{"not_picked":["Riddle With Holes","Expertise"],"picked":"Escape Plan","floor":12.0},{"not_picked":["Acrobatics","Flechettes"],"picked":"Dagger Spray","floor":13.0}],"player_experience":88746,"relics_obtained":[{"floor":6.0,"key":"Mercury Hourglass"},{"floor":8.0,"key":"Pear"},{"floor":9.0,"key":"Frozen Egg 2"},{"floor":10.0,"key":"Anchor"},{"floor":11.0,"key":"Snake Skull"}],"event_choices":[{"damage_healed":0.0,"max_hp_gain":0.0,"max_hp_loss":0.0,"gold_gain":50.0,"event_name":"FaceTrader","player_choice":"Touch","floor":4.0,"gold_loss":0.0,"damage_taken":6.0}],"is_beta":false,"boss_relics":[],"items_purged_floors":[],"is_endless":true,"potions_floor_spawned":[1,2,13],"killed_by":"3 Sentries","ascension_level":20}}