{"host":"aukiz5jlacd3g5yc","time":1611730383,"event":{"mods":["2.2 Compatiblity","BaseMod","Bestiary","Colored Map","Colored Powertips","Downfall","GifTheSpireLib","Minty Spire (QoL Compilation)","Permanent Neow","Quick Restart","Random Character Button","Rare Cards Sparkle","Relic Sorter","Relic Stats","Replay The Spire","StSLib","everything is the same but u backflip on backflip","slay the spire mod where everything is the same but ironclad has a cowboy hat"],"gold_per_floor":[110,110,285,300,18,18,47,59,71,114,72,86,118,118,118,219,219,232,232,84,101,147,147,177,21,21,56,56,73,88,88,88,193,193,212,212,212,226,238,238,238,238],"floor_reached":41,"language":"ENG","playtime":1343,"items_purged":["Doubt"],"score":494,"play_id":"18e2291d-2e21-428d-87aa-3db96f5756b4","local_time":"20210127005303","is_ascension_mode":true,"campfire_choices":[{"data":"Fiend Fire","floor":6,"key":"SMITH"},{"data":"Perfected Strike","floor":8,"key":"SMITH"},{"data":"Armaments","floor":15,"key":"SMITH"},{"data":"Corruption","floor":23,"key":"SMITH"},{"data":"Pot Of Greed","floor":28,"key":"SMITH"},{"data":"Pot Of Greed","floor":32,"key":"SMITH"},{"data":"Languid","floor":40,"key":"PURGE"}],"circlet_count":0,"master_deck":["Strike_R","Strike_R","Strike_R","Strike_R","Strike_R","Defend_R","Defend_R","Defend_R","Defend_R+1","Bash","Armaments+1","Perfected Strike+1","Fiend Fire+1","Pummel","Feel No Pain+1","Disarm+1","Juggernaut+1","Corruption+1","Perfected Strike+1","Pot Of Greed","Pot Of Greed+1","Wild Strike","Sword Boomerang+1","Feel No Pain","Decay","Juggernaut","Pot Of Greed+1","Impervious","CurseOfTheBell","Pommel Strike+1","Dark Shackles","Feel No Pain+1","Whirlwind"],"relics":["sneckomod:SneckoTalon","MawBank","Mango","Bottled Flame","Potion Belt","Cursed Key","MutagenicStrength","Grinning Jar","Self Forming Clay","InkBottle","Sling","Bottled Lightning","Vajra","Ring of Hypnosis","Ring of Fury","Calling Bell","Regal Pillow","Kunai","Peace Pipe"],"acts_visited":["Exordium","TheCity","TheBeyond"],"potions_floor_usage":[16,18,30,30,33,33,33],"damage_taken":[{"damage":6,"enemies":"2 Louse","floor":1,"turns":3},{"damage":7,"enemies":"Jaw Worm","floor":4,"turns":4},{"damage":6,"enemies":"Gremlin Nob","floor":7,"turns":3},{"damage":9,"enemies":"Replay:BlueRogue","floor":10,"turns":2},{"damage":0,"enemies":"Cultist","floor":12,"turns":1},{"damage":9,"enemies":"3 Sentries","floor":13,"turns":7},{"damage":8,"enemies":"Hexaghost","floor":16,"turns":7},{"damage":10,"enemies":"Spheric Guardian","floor":18,"turns":3},{"damage":13,"enemies":"3 Byrds","floor":21,"turns":6},{"damage":28,"enemies":"Book of Stabbing","floor":24,"turns":5},{"damage":0,"enemies":"Gremlin Leader","floor":27,"turns":2},{"damage":0,"enemies":"Centurion and Healer","floor":29,"turns":3},{"damage":0,"enemies":"Shelled Parasite and Fungi","floor":30,"turns":1},{"damage":22,"enemies":"Automaton","floor":33,"turns":6},{"damage":0,"enemies":"Orb Walker","floor":35,"turns":2},{"damage":44,"enemies":"3 Shapes","floor":38,"turns":4},{"damage":29,"enemies":"Writhing Mass","floor":39,"turns":5},{"damage":31,"enemies":"Giant Head","floor":41,"turns":7}],"seed_played":"-7133178335350429660","potions_obtained":[{"floor":1,"key":"Swift Potion"},{"floor":7,"key":"DistilledChaos"},{"floor":12,"key":"AttackPotion"},{"floor":22,"key":"champ:CounterPotion"},{"floor":24,"key":"Fire Potion"},{"floor":27,"key":"Fire Potion"},{"floor":30,"key":"Regen Potion"}],"is_trial":false,"path_per_floor":["M","?","?","M","$","R","E","R","T","E","$","M","E","?","R","B",null,"M","?","$","M","?","R","E","$","T","E","R","M","M","?","R","B",null,"M","?","?","M","M","R","E"],"character_chosen":"IRONCLAD","items_purchased":["Perfected Strike","Fiend Fire","Feel No Pain+1","Grinning Jar","Sling"],"campfire_rested":0,"item_purchase_floors":[5,5,11,20,25],"current_hp_per_floor":[74,74,74,67,67,67,61,61,75,66,66,66,57,38,38,30,94,84,84,84,71,48,48,20,20,20,20,20,20,20,20,20,13,94,94,94,94,50,21,21,0,0],"gold":238,"neow_bonus":"BOSS_RELIC","is_daily":false,"chose_seed":false,"campfire_upgraded":6,"win_rate":0.0,"timestamp":1611730383,"path_taken":["M","?","?","?","$","R","E","R","T","E","?","M","E","?","R","BOSS","M","?","$","M","?","R","E","$","T","E","R","M","?","?","R","BOSS","M","?","?","M","M","R","E"],"items_purchased_type":["Card","Card","Card","Relic","Relic"],"build_version":"2020-12-22","purchased_purges":1,"victory":false,"max_hp_per_floor":[80,80,80,80,80,80,80,80,94,94,94,94,94,94,94,94,94,94,94,94,94,94,94,94,94,94,94,94,94,94,94,94,94,94,94,94,94,94,94,94,94,94],"relic_stats":{"Peace Pipe":1,"Regal Pillow":0,"counters":[18,71],"Self Forming Clay":[45],"Kunai":[3],"MawBank":48,"Cursed Key":1,"obtain_stats":[{"Potion Belt":13,"Regal Pillow":34,"Ring of Hypnosis":31,"Self Forming Clay":22,"Vajra":27,"Mango":9,"sneckomod:SneckoTalon":0,"MawBank":7,"Cursed Key":17,"Sling":25,"Burning Blood":0,"Calling Bell":34,"Peace Pipe":34,"Bottled Flame":10,"MutagenicStrength":19,"Ring of Fury":31,"Bottled Lightning":26,"Kunai":34,"Grinning Jar":20,"InkBottle":24},{"Potion Belt":6,"Regal Pillow":14,"Ring of Hypnosis":13,"Self Forming Clay":9,"Vajra":11,"Mango":3,"sneckomod:SneckoTalon":0,"MawBank":3,"Cursed Key":7,"Sling":10,"Burning Blood":0,"Calling Bell":14,"Peace Pipe":14,"Bottled Flame":4,"MutagenicStrength":8,"Ring of Fury":13,"Bottled Lightning":10,"Kunai":14,"Grinning Jar":8,"InkBottle":10},{"Potion Belt":20,"Regal Pillow":53,"Ring of Hypnosis":47,"Self Forming Clay":36,"Vajra":43,"Mango":10,"sneckomod:SneckoTalon":0,"MawBank":10,"Cursed Key":27,"Sling":41,"Burning Blood":0,"Calling Bell":53,"Peace Pipe":53,"Bottled Flame":12,"MutagenicStrength":30,"Ring of Fury":47,"Bottled Lightning":41,"Kunai":53,"Grinning Jar":30,"InkBottle":41}],"InkBottle":[10]},"card_choices":[{"not_picked":["Feel No Pain","Flex","Clash"],"picked":"SKIP","floor":1},{"not_picked":["Sever Soul","ReplayTheSpireMod:Stacked"],"picked":"Armaments","floor":4},{"not_picked":["Havoc","ReplayTheSpireMod:Corrosion Curse","Dropkick"],"picked":"SKIP","floor":7},{"not_picked":["Burning Pact","Iron Wave"],"picked":"Pummel","floor":10},{"not_picked":["Blood for Blood","Clothesline"],"picked":"Disarm","floor":12},{"not_picked":["Shrug It Off","Demon Form"],"picked":"Juggernaut","floor":13},{"not_picked":["Berserk","Reaper"],"picked":"Corruption","floor":16},{"not_picked":["Shrug It Off","Run Through"],"picked":"Perfected Strike+1","floor":18},{"not_picked":["Warcry","Armaments"],"picked":"Wild Strike","floor":21},{"not_picked":["Cleave+1","Burning Pact"],"picked":"Sword Boomerang+1","floor":22},{"not_picked":["ReplayTheSpireMod:Strike From Hell","True Grit"],"picked":"Feel No Pain","floor":24},{"not_picked":["Havoc+1","Iron Wave"],"picked":"Juggernaut","floor":27},{"not_picked":["Blood for Blood","Body Slam+1","Replay:Undeath\u0027s Touch"],"picked":"SKIP","floor":29},{"not_picked":["Body Slam","Sword Boomerang","Headbutt"],"picked":"SKIP","floor":30},{"not_picked":["Replay:Many Hands","Bludgeon"],"picked":"Impervious","floor":33},{"not_picked":["Havoc+1","Metallicize+1"],"picked":"Pommel Strike+1","floor":35},{"not_picked":["Violence","Swift Strike"],"picked":"Dark Shackles","floor":36},{"not_picked":["Havoc","Clash"],"picked":"Feel No Pain+1","floor":38},{"not_picked":["Life Link","Anger"],"picked":"Whirlwind","floor":39}],"player_experience":357150,"relics_obtained":[{"floor":7,"key":"MawBank"},{"floor":9,"key":"Mango"},{"floor":10,"key":"Bottled Flame"},{"floor":13,"key":"Potion Belt"},{"floor":22,"key":"Self Forming Clay"},{"floor":24,"key":"InkBottle"},{"floor":26,"key":"Bottled Lightning"},{"floor":27,"key":"Vajra"},{"floor":31,"key":"Ring of Hypnosis"},{"floor":31,"key":"Ring of Fury"},{"floor":34,"key":"Regal Pillow"},{"floor":34,"key":"Kunai"},{"floor":34,"key":"Peace Pipe"}],"event_choices":[{"damage_healed":0,"gold_gain":175,"player_choice":"AGREE","damage_taken":0,"max_hp_gain":0,"max_hp_loss":0,"event_name":"Liars Game","floor":3,"gold_loss":0,"cards_obtained":["Doubt"]},{"damage_healed":0,"gold_gain":0,"player_choice":"Entered Light","damage_taken":19,"max_hp_gain":0,"max_hp_loss":0,"event_name":"Shining Light","floor":14,"gold_loss":0,"cards_upgraded":["Disarm","Juggernaut"]},{"damage_healed":0,"gold_gain":0,"player_choice":"Inject Mutagens","damage_taken":0,"relics_obtained":["MutagenicStrength"],"max_hp_gain":0,"max_hp_loss":0,"event_name":"Drug Dealer","floor":19,"gold_loss":0},{"damage_healed":0,"gold_gain":0,"player_choice":"Memory 1","damage_taken":0,"max_hp_gain":0,"max_hp_loss":0,"event_name":"SensoryStone","floor":36,"gold_loss":0},{"damage_healed":0,"gold_gain":0,"player_choice":"Ignored","damage_taken":0,"max_hp_gain":0,"max_hp_loss":0,"event_name":"Tomb of Lord Red Mask","floor":37,"gold_loss":0}],"is_beta":false,"boss_relics":[{"not_picked":["Tiny House","Fusion Hammer"],"picked":"Cursed Key"},{"not_picked":["Replay:Wanted Poster","Astrolabe"],"picked":"Calling Bell"}],"items_purged_floors":[5],"is_endless":false,"potions_floor_spawned":[1,7,12,24,27,30],"killed_by":"Giant Head","ascension_level":1}}