{"host":"y3tiaki6s4thc4y7","time":1611720932,"event":{"mods":["100% Spire Juice","2.2 Compatiblity","Act Like it!","Aspiration","BaseMod","Better Synergies","CapriCore","Challenge The Spire","ChefMod","Chen","Conspire","Halation","Hubris","Infinite Spire","Koishi","Marisa????????","Mimic Mod","Minty Spire (QoL Compilation)","Reimu??????","Relic Sorter","Remilia??????","Replay The Spire","Shop Mod","StSLib","The Immortal","The Marked","Unknown Chances","Yakumo Yukari mod"],"gold_per_floor":[119,138,138,150,150,180,195,195,276,291,291,10,28,28,28,128,128,141,158,177,190,190,190,225,225,225],"floor_reached":25,"language":"ENG","playtime":1429,"items_purged":["Strike_MRS","Strike_MRS"],"score":250,"play_id":"dbc2973a-4f84-464c-844b-e5feffccc9e6","local_time":"20210126221532","is_ascension_mode":false,"campfire_choices":[{"data":"StarDustReverie","floor":8,"key":"SMITH"},{"floor":11,"key":"REST"},{"floor":15,"key":"REST"},{"data":"PowerUp","floor":23,"key":"SMITH"}],"circlet_count":0,"master_deck":["Strike_MRS","Strike_MRS","Defend_MRS","Defend_MRS","Defend_MRS","Defend_MRS","MasterSpark","UpSweep","UnstableBomb","Singularity","Decay","StarDustReverie+1","PowerUp+1","Acceleration","FairyDestructionRay","MysteriousBeam","MillisecondPulsars","PowerUp","UnstableBomb+1","PowerUp","PowerUp+1"],"relics":["MiniHakkero","Lantern","hubris:MysteriousPyramids","halation:Thesaurus","Vajra","hubris:Towel","hubris:ScarierMask","Mercury Hourglass"],"acts_visited":["Exordium","TheCity"],"potions_floor_usage":[16,20],"damage_taken":[{"damage":5,"enemies":"Small Slimes","floor":1,"turns":3},{"damage":6,"enemies":"Cultist","floor":2,"turns":3},{"damage":5,"enemies":"2 Louse","floor":4,"turns":2},{"damage":34,"enemies":"Gremlin Nob","floor":6,"turns":4},{"damage":0,"enemies":"Exordium Wildlife","floor":7,"turns":3},{"damage":10,"enemies":"Looter","floor":10,"turns":2},{"damage":0,"enemies":"2 Fungi Beasts","floor":13,"turns":1},{"damage":54,"enemies":"The Guardian","floor":16,"turns":5},{"damage":0,"enemies":"Spheric Guardian","floor":18,"turns":1},{"damage":8,"enemies":"conspire:FuzzyDice","floor":19,"turns":2},{"damage":11,"enemies":"Snecko","floor":20,"turns":4},{"damage":12,"enemies":"Centurion and Healer","floor":21,"turns":2},{"damage":68,"enemies":"Gremlin Leader","floor":24,"turns":5},{"damage":13,"enemies":"conspire:HollyBat","floor":25,"turns":5}],"seed_played":"-6954104590611071034","potions_obtained":[{"floor":6,"key":"SneckoOil"},{"floor":7,"key":"ZuzhouPotion:ReiMu"},{"floor":10,"key":"Strength Potion"},{"floor":18,"key":"SmokeBomb"},{"floor":24,"key":"SpeedPotion"}],"is_trial":false,"path_per_floor":["M","M","?","M","$","E","M","R","T","M","R","$","M","?","R","B",null,"M","M","M","M","?","R","E","M"],"character_chosen":"MARISA","items_purchased":["Lantern","MysteriousBeam","halation:Thesaurus"],"campfire_rested":2,"item_purchase_floors":[5,12,12],"current_hp_per_floor":[77,71,71,66,51,17,17,17,17,7,31,31,31,31,55,1,82,82,74,63,51,78,78,10,0,0],"gold":225,"neow_bonus":"TEN_PERCENT_HP_BONUS","is_daily":false,"chose_seed":false,"campfire_upgraded":2,"win_rate":0.0,"timestamp":1611720932,"path_taken":["M","M","?","?","?","E","M","R","T","M","R","$","M","?","R","BOSS","M","M","M","M","?","R","E","M"],"items_purchased_type":["Relic","Card","Relic"],"build_version":"2020-12-22","purchased_purges":2,"victory":false,"max_hp_per_floor":[82,82,82,82,82,82,82,82,82,82,82,82,82,82,82,82,82,82,82,82,82,82,82,82,82,82],"card_choices":[{"not_picked":["SprinkleStarSeal","WitchOfGreed"],"picked":"UnstableBomb","floor":1},{"not_picked":["GravityBeat","Acceleration"],"picked":"Singularity","floor":2},{"not_picked":["FairyDestructionRay","StarlightTyphoon"],"picked":"StarDustReverie","floor":4},{"not_picked":["EnergyFlow","LuminesStrike"],"picked":"PowerUp","floor":6},{"not_picked":["WitchLeyline","ShootTheMoon"],"picked":"Acceleration","floor":7},{"not_picked":["DoubleSpark","GrandCross"],"picked":"FairyDestructionRay","floor":10},{"not_picked":["DeepEcoloBomb","Orbital","WitchOfGreed"],"picked":"SKIP","floor":13},{"not_picked":["BlazingStar","MaximisePower"],"picked":"MillisecondPulsars","floor":16},{"not_picked":["MagicChant","Acceleration"],"picked":"PowerUp","floor":18},{"not_picked":["DarkSpark","AlicesGift"],"picked":"UnstableBomb+1","floor":19},{"not_picked":["NonDirectionalLaser+1","EnergyRecoil","GravityBeat"],"picked":"SKIP","floor":20},{"not_picked":["OneTimeOff","DoubleSpark+1"],"picked":"PowerUp","floor":21},{"not_picked":["AlicesGift","DarkMatter"],"picked":"PowerUp+1","floor":24}],"player_experience":134126,"relics_obtained":[{"floor":6,"key":"aspiration:PocketMushroom"},{"floor":9,"key":"hubris:MysteriousPyramids"},{"floor":24,"key":"Mercury Hourglass"}],"event_choices":[{"damage_healed":0,"gold_gain":0,"player_choice":"Cursed","damage_taken":0,"max_hp_gain":0,"max_hp_loss":0,"event_name":"Wheel of Change","floor":3,"gold_loss":0,"cards_obtained":["Decay"]},{"damage_healed":27,"gold_gain":0,"player_choice":"Heal","damage_taken":0,"max_hp_gain":0,"max_hp_loss":0,"event_name":"The Library","floor":22,"gold_loss":0}],"is_beta":false,"boss_relics":[{"not_picked":["Replay:Grab Bag","hubris:HollowSoul"],"picked":"hubris:ScarierMask"}],"items_purged_floors":[5,12],"is_endless":false,"potions_floor_spawned":[6,7,10,18,19,24],"killed_by":"conspire:HollyBat","ascension_level":0}}