{"host":"58njlu7hme3ojrlz","time":1611711330,"event":{"mods":["Act Like it!","Arknights The Spire","BaseMod","Block Reminder","Colored Map","Colored Powertips","DeckTracker","Downfall","Gensokyo","Hallownest","Highlight Path","Marisa????????","Minty Spire (QoL Compilation)","Relic Sorter","StSLib","The Alterego","The Bug Knight","The Servant 0.9.4","The Wild Card"],"gold_per_floor":[113,113,126,46,64,64,2,0,75,89,401,483,483,500,500,595,595,612,629,629,341,341,341],"floor_reached":22,"language":"ENG","playtime":4109,"items_purged":["Strike_S"],"score":176,"play_id":"4088609e-4938-4e10-aa8f-938cb9402c39","local_time":"20210127083530","is_ascension_mode":false,"campfire_choices":[{"data":"BestPractice","floor":6.0,"key":"SMITH"},{"floor":15.0,"key":"REST"}],"circlet_count":0,"master_deck":["Strike_S","Strike_S","Strike_S","Defend_S","Defend_S","Defend_S","Defend_S","KidneyShot","Exchange","SilverBlades","BestPractice+1","FlawlessForm","Starlight","WasteNot","LightFlow","Starlight","Spin","Duplication","Ricochet","Moonlight+1","Night Terror","Luminosity","BestPractice+1"],"relics":["Uniform","StoneMask","Question Card","Darkstone Periapt","DollysMirror"],"acts_visited":["Exordium","Gensokyo:Gensokyo"],"potions_floor_usage":[18,22],"damage_taken":[{"damage":0.0,"enemies":"Gensokyo:Python","floor":1.0,"turns":4.0},{"damage":0.0,"enemies":"Gensokyo:2_Kodama","floor":3.0,"turns":5.0},{"damage":4.0,"enemies":"Gensokyo:3_Fairies","floor":5.0,"turns":5.0},{"damage":14.0,"enemies":"Gensokyo:Kitsune","floor":10.0,"turns":5.0},{"damage":27.0,"enemies":"Gensokyo:3_Kodama","floor":11.0,"turns":9.0},{"damage":3.0,"enemies":"Gensokyo:5_Fairies","floor":14.0,"turns":4.0},{"damage":13.0,"enemies":"Gensokyo:Kokoro","floor":16.0,"turns":9.0},{"damage":13,"enemies":"Gensokyo:AngelMirror","floor":18,"turns":5},{"damage":14,"enemies":"Gensokyo:2_Gloops","floor":19,"turns":6},{"damage":54,"enemies":"Gensokyo:Slime_Group","floor":22,"turns":4}],"seed_played":"-2673043094500964714","potions_obtained":[{"floor":3.0,"key":"EntropicBrew"},{"floor":5.0,"key":"PowerPotion"},{"floor":16.0,"key":"Fire Potion"},{"floor":18,"key":"Guardian:BlockOnCardUsePotion"},{"floor":19,"key":"Regen Potion"}],"is_trial":false,"path_per_floor":["M","?","M","$","M","R","COS","?","T","M","M","T","?","M","R","B",null,"M","M","?","$","M"],"character_chosen":"THE_SERVANT","items_purchased":["FlawlessForm","Luminosity","DollysMirror"],"campfire_rested":1,"item_purchase_floors":[4,21,21],"current_hp_per_floor":[71,71,71,71,67,67,67,68,68,54,27,27,27,24,45,32,71,61,53,46,46,0,0],"gold":341,"neow_bonus":"TEN_PERCENT_HP_BONUS","is_daily":false,"chose_seed":false,"campfire_upgraded":1,"win_rate":0.0,"timestamp":1611711330,"path_taken":["M","?","?","$","M","R","COS","?","T","M","M","?","?","M","R","BOSS","M","M","?","?","M"],"items_purchased_type":["Card","Card","Relic"],"build_version":"2020-12-22","purchased_purges":1,"victory":false,"max_hp_per_floor":[71,71,71,71,71,71,71,71,71,71,71,71,71,71,71,71,71,72,74,74,74,75,75],"card_choices":[{"not_picked":["Replace","Unruled"],"picked":"SilverBlades","floor":1.0},{"not_picked":["BottledTime","Ricochet"],"picked":"BestPractice","floor":3.0},{"not_picked":["InstantArmor","SurpressingFire"],"picked":"Starlight","floor":5.0},{"not_picked":["Duplication","Spin","TimeWarp"],"picked":"WasteNot","floor":10.0},{"not_picked":["FloweringNight","PendulumOfEternity","Sunlight"],"picked":"LightFlow","floor":11.0},{"not_picked":["Potential","TimeWarp","BottledTime"],"picked":"Starlight","floor":11.0},{"not_picked":["Potential","ShatteredReality","Defy"],"picked":"Spin","floor":14.0},{"not_picked":["FlawlessForm","Solidify","ForgedInTime"],"picked":"Duplication","floor":16.0},{"not_picked":["Shuttle","Alleviate","Advance"],"picked":"Ricochet","floor":18},{"not_picked":["Rearm","Ricochet","Starlight"],"picked":"Moonlight+1","floor":19}],"player_experience":104489,"relics_obtained":[{"floor":9.0,"key":"Question Card"},{"floor":12.0,"key":"Darkstone Periapt"}],"event_choices":[],"is_beta":false,"boss_relics":[{"not_picked":["SlaversCollar","Busted Crown"],"picked":"StoneMask"}],"items_purged_floors":[21],"is_endless":false,"potions_floor_spawned":[3,5,16,18,19],"killed_by":"Gensokyo:Slime_Group","ascension_level":0}}