{"host":"qxeepl7ydvsgmfdb","time":1611722018,"event":{"mods":["AchievementEnabler","BaseMod","Colored Powertips","Minty Spire (QoL Compilation)","Quick Restart","slay the spire mod where everything is the same but ironclad has a cowboy hat"],"gold_per_floor":[111,111,111,111,129,129,162,162,185,223,241,148,183,199,199,324,324,343,268,118,142,166,166,210,210,283,11,27,27,27],"floor_reached":29,"language":"ENG","playtime":1012,"items_purged":[],"score":468,"play_id":"a76aba7f-ad58-4647-b299-bf982eb56ffd","local_time":"20210126233338","is_ascension_mode":true,"campfire_choices":[{"data":"Distraction","floor":6.0,"key":"SMITH"},{"floor":15.0,"key":"REST"},{"floor":23.0,"key":"REST"}],"circlet_count":0,"master_deck":["AscendersBane","Strike_G","Strike_G","Strike_G","Defend_G","Defend_G","Defend_G","Defend_G","Defend_G","Survivor","Neutralize+1","Deadly Poison+1","Distraction+1","Dagger Spray+1","Noxious Fumes","Deflect","A Thousand Cuts","Backstab","Cloak And Dagger","Slice","Blade Dance","All Out Attack+1"],"relics":["Ring of the Snake","NeowsBlessing","Golden Idol","Blood Vial","Vajra","Pear","Strawberry","HoveringKite","Snake Skull","Shovel","The Courier","Thread and Needle"],"acts_visited":["Exordium","TheCity"],"potions_floor_usage":[29],"damage_taken":[{"damage":0.0,"enemies":"Jaw Worm","floor":1.0,"turns":1.0},{"damage":0.0,"enemies":"2 Louse","floor":5.0,"turns":1.0},{"damage":0.0,"enemies":"3 Sentries","floor":7.0,"turns":1.0},{"damage":26.0,"enemies":"Gremlin Nob","floor":10.0,"turns":5.0},{"damage":4.0,"enemies":"Small Slimes","floor":11.0,"turns":3.0},{"damage":4.0,"enemies":"3 Sentries","floor":13.0,"turns":2.0},{"damage":13.0,"enemies":"Exordium Thugs","floor":14.0,"turns":5.0},{"damage":36.0,"enemies":"Slime Boss","floor":16.0,"turns":10.0},{"damage":18.0,"enemies":"Shell Parasite","floor":18.0,"turns":5.0},{"damage":34.0,"enemies":"Spheric Guardian","floor":21.0,"turns":6.0},{"damage":36.0,"enemies":"Shelled Parasite and Fungi","floor":22.0,"turns":7.0},{"damage":44.0,"enemies":"Gremlin Leader","floor":24.0,"turns":7.0},{"damage":6.0,"enemies":"Centurion and Healer","floor":28.0,"turns":8.0},{"damage":20,"enemies":"Cultist and Chosen","floor":29,"turns":5}],"seed_played":"-4452647708028492933","potions_obtained":[{"floor":5.0,"key":"Regen Potion"},{"floor":7.0,"key":"Dexterity Potion"},{"floor":14.0,"key":"AttackPotion"},{"floor":16.0,"key":"Swift Potion"},{"floor":21.0,"key":"Regen Potion"},{"floor":28.0,"key":"Block Potion"}],"is_trial":false,"path_per_floor":["M","?","?","?","M","R","E","?","T","E","M","$","E","M","R","B",null,"M","?","$","M","M","R","E","?","T","$","M","M"],"character_chosen":"THE_SILENT","items_purchased":["Noxious Fumes","Deflect","Snake Skull","Thread and Needle","Block Potion"],"campfire_rested":2,"item_purchase_floors":[12,12,20,27,27],"current_hp_per_floor":[63,46,46,46,46,46,46,46,46,32,30,30,35,24,50,16,69,53,53,53,21,27,53,11,11,11,11,7,0,0],"gold":27,"neow_bonus":"THREE_ENEMY_KILL","is_daily":false,"chose_seed":false,"campfire_upgraded":1,"win_rate":0.0,"timestamp":1611722018,"path_taken":["M","?","?","?","?","R","E","?","T","E","?","?","E","M","R","BOSS","M","?","$","M","M","R","E","?","T","$","?","M"],"items_purchased_type":["Card","Card","Relic","Relic","Potion"],"build_version":"2020-12-22","purchased_purges":0,"victory":false,"max_hp_per_floor":[70,70,70,70,70,70,70,70,70,80,80,80,87,87,87,87,87,87,87,87,87,87,87,87,87,87,87,87,87,87],"card_choices":[{"not_picked":["Blade Dance","Heel Hook"],"picked":"Deadly Poison","floor":1.0},{"not_picked":["PiercingWail","Dagger Throw"],"picked":"Distraction","floor":5.0},{"not_picked":["Underhanded Strike","Terror"],"picked":"Dagger Spray","floor":7.0},{"not_picked":["Adrenaline","Prepared","PiercingWail"],"picked":"SKIP","floor":10.0},{"not_picked":["Dagger Throw","Flying Knee","Backflip"],"picked":"SKIP","floor":11.0},{"not_picked":["Deflect","Outmaneuver","Acrobatics"],"picked":"SKIP","floor":13.0},{"not_picked":["Blur","Sucker Punch","Outmaneuver"],"picked":"SKIP","floor":14.0},{"not_picked":["Burst","Bullet Time"],"picked":"A Thousand Cuts","floor":16.0},{"not_picked":["PiercingWail","Dagger Throw","Prepared"],"picked":"SKIP","floor":18.0},{"not_picked":["Deflect","Flying Knee+1"],"picked":"Backstab","floor":21.0},{"not_picked":["Sucker Punch+1","PiercingWail"],"picked":"Cloak And Dagger","floor":22.0},{"not_picked":["Backflip","Concentrate+1"],"picked":"Slice","floor":24.0},{"not_picked":["Bane","Dagger Throw"],"picked":"All Out Attack+1","floor":28.0}],"player_experience":227543,"relics_obtained":[{"floor":7.0,"key":"Blood Vial"},{"floor":9.0,"key":"Vajra"},{"floor":10.0,"key":"Pear"},{"floor":13.0,"key":"Strawberry"},{"floor":24.0,"key":"Shovel"},{"floor":26.0,"key":"The Courier"}],"event_choices":[{"damage_healed":0.0,"max_hp_gain":0.0,"max_hp_loss":0.0,"gold_gain":0.0,"event_name":"Golden Idol","player_choice":"Take Damage","floor":2.0,"gold_loss":0.0,"damage_taken":17.0,"relics_obtained":["Golden Idol"]},{"damage_healed":0.0,"max_hp_gain":0.0,"max_hp_loss":0.0,"gold_gain":0.0,"event_name":"Living Wall","player_choice":"Grow","floor":3.0,"gold_loss":0.0,"damage_taken":0.0,"cards_upgraded":["Deadly Poison"]},{"damage_healed":0.0,"max_hp_gain":0.0,"max_hp_loss":0.0,"gold_gain":0.0,"event_name":"Upgrade Shrine","player_choice":"Upgraded","floor":4.0,"gold_loss":0.0,"damage_taken":0.0,"cards_upgraded":["Neutralize"]},{"damage_healed":0.0,"max_hp_gain":0.0,"max_hp_loss":0.0,"gold_gain":0.0,"event_name":"Accursed Blacksmith","player_choice":"Forge","floor":8.0,"gold_loss":0.0,"damage_taken":0.0,"cards_upgraded":["Dagger Spray"]},{"cards_removed":["Strike_G"],"damage_healed":0.0,"max_hp_gain":0.0,"max_hp_loss":0.0,"gold_gain":0.0,"event_name":"Beggar","player_choice":"Gave Gold","floor":19.0,"gold_loss":75.0,"damage_taken":0.0},{"damage_healed":0.0,"max_hp_gain":0.0,"max_hp_loss":0.0,"gold_gain":0.0,"cards_transformed":["Strike_G"],"event_name":"Transmorgrifier","player_choice":"Transformed","floor":25.0,"gold_loss":0.0,"damage_taken":0.0,"cards_obtained":["Blade Dance"]}],"is_beta":false,"boss_relics":[{"not_picked":["Sozu","Fusion Hammer"],"picked":"HoveringKite"}],"items_purged_floors":[],"is_endless":false,"potions_floor_spawned":[5,7,14,16,21,28],"killed_by":"Cultist and Chosen","ascension_level":11}}