{"host":"szp1d6dso4pv7ddl","time":1611714146,"event":{"mods":["AchievementEnabler","Alarm Clock","BaseMod","Bestiary","Block Reminder","Colored Map","Colored Powertips","Curses Come First","Dark Map","Displayed Cursed Tome","Highlight Path","Minty Spire (QoL Compilation)","Permanent Neow","Quick Restart","Relic Sorter","Relic Stats","StSLib","Synergy Search"],"gold_per_floor":[14,14,35,60,60,60,101,101,126,126,147,167,192,216,216,216,216],"floor_reached":16,"language":"ENG","playtime":2389,"items_purged":[],"score":125,"play_id":"7257961d-3625-4962-ad56-2e676f477191","local_time":"20210126182226","is_ascension_mode":true,"campfire_choices":[{"data":"Eruption","floor":6.0,"key":"SMITH"},{"data":"Adaptation","floor":8.0,"key":"SMITH"},{"floor":10.0,"key":"REST"},{"floor":15,"key":"REST"}],"circlet_count":0,"master_deck":["Strike_P","Strike_P","Strike_P","Strike_P","Defend_P","Defend_P","Defend_P","Defend_P","Eruption+1","Vigilance","EmptyFist","Evaluate","JustLucky","Adaptation+1","Nirvana","EmptyMind","MentalFortress","JustLucky","Halt"],"relics":["PureWater","Lizard Tail","Golden Idol","Tiny Chest","Dream Catcher"],"acts_visited":["Exordium"],"potions_floor_usage":[16,16],"damage_taken":[{"damage":3.0,"enemies":"Jaw Worm","floor":1.0,"turns":6.0},{"damage":0.0,"enemies":"2 Louse","floor":3.0,"turns":3.0},{"damage":0.0,"enemies":"Cultist","floor":4.0,"turns":3.0},{"damage":14.0,"enemies":"Gremlin Nob","floor":7.0,"turns":3.0},{"damage":7,"enemies":"Large Slime","floor":11,"turns":5},{"damage":1,"enemies":"Exordium Wildlife","floor":12,"turns":3},{"damage":8,"enemies":"Blue Slaver","floor":13,"turns":3},{"damage":0,"enemies":"3 Louse","floor":14,"turns":2},{"damage":114,"enemies":"Hexaghost","floor":16,"turns":16}],"seed_played":"-3059327409002005716","potions_obtained":[{"floor":1.0,"key":"Weak Potion"},{"floor":4.0,"key":"Swift Potion"},{"floor":11,"key":"PowerPotion"}],"is_trial":false,"path_per_floor":["M","?","M","M","?","R","E","R","T","R","M","M","M","M","R","B"],"character_chosen":"WATCHER","items_purchased":[],"campfire_rested":2,"item_purchase_floors":[],"current_hp_per_floor":[69,51,51,51,56,56,42,42,42,65,58,57,49,49,72,0,0],"gold":216,"neow_bonus":"ONE_RARE_RELIC","is_daily":false,"chose_seed":false,"campfire_upgraded":2,"win_rate":0.0,"timestamp":1611714146,"path_taken":["M","?","M","M","?","R","E","R","T","R","M","M","M","M","R","BOSS"],"items_purchased_type":[],"build_version":"2020-12-22","purchased_purges":0,"victory":false,"max_hp_per_floor":[72,72,72,72,77,77,77,77,77,77,77,77,77,77,77,77,77],"relic_stats":{"Lizard Tail":38,"Dream Catcher":2,"counters":[9,44],"Golden Idol":35,"Tiny Chest":0,"obtain_stats":[{"Lizard Tail":0,"Dream Catcher":9,"Golden Idol":2,"Tiny Chest":7,"PureWater":0},{"Lizard Tail":0,"Dream Catcher":4,"Golden Idol":1,"Tiny Chest":4,"PureWater":0},{"Lizard Tail":0,"Dream Catcher":15,"Golden Idol":6,"Tiny Chest":15,"PureWater":0}]},"card_choices":[{"not_picked":["Perseverance","SandsOfTime"],"picked":"EmptyFist","floor":1.0},{"not_picked":["Sanctity","CarveReality"],"picked":"Evaluate","floor":3.0},{"not_picked":["SandsOfTime","CutThroughFate"],"picked":"JustLucky","floor":4.0},{"not_picked":["Indignation","Consecrate"],"picked":"Adaptation","floor":7.0},{"not_picked":["SashWhip","ClearTheMind"],"picked":"Nirvana","floor":10.0},{"not_picked":["Conclude","Consecrate"],"picked":"EmptyMind","floor":11},{"not_picked":["Protect","Evaluate"],"picked":"MentalFortress","floor":12},{"not_picked":["WreathOfFlame","Swivel","SignatureMove"],"picked":"SKIP","floor":13},{"not_picked":["SignatureMove","Evaluate"],"picked":"JustLucky","floor":14},{"not_picked":["Evaluate","Consecrate"],"picked":"Halt","floor":15}],"player_experience":1287250,"relics_obtained":[{"floor":7.0,"key":"Tiny Chest"},{"floor":9.0,"key":"Dream Catcher"}],"event_choices":[{"damage_healed":0.0,"max_hp_gain":0.0,"max_hp_loss":0.0,"gold_gain":0.0,"event_name":"Golden Idol","player_choice":"Take Damage","floor":2.0,"gold_loss":0.0,"damage_taken":18.0,"relics_obtained":["Golden Idol"]},{"damage_healed":0.0,"max_hp_gain":5.0,"max_hp_loss":0.0,"gold_gain":0.0,"event_name":"Big Fish","player_choice":"Donut","floor":5.0,"gold_loss":0.0,"damage_taken":0.0}],"is_beta":false,"boss_relics":[],"items_purged_floors":[],"is_endless":false,"potions_floor_spawned":[1,4,11],"killed_by":"Hexaghost","ascension_level":4}}