{"host":"9viy3memdfgcf4vy","time":1611768441,"event":{"mods":["BaseMod","Colored Map","Downfall","Minty Spire (QoL Compilation)","StSLib"],"gold_per_floor":[0,20,20,37,110,95,145,145,130,130,145,157,157,157,170,275,275,275,288,302,302,139,139,163,193,213,213,213,229,129,129,143,245,245,245,260,260,279,298,198,224,240,268,278,178,197,231,231,243,243,243,268,64,64,64,64],"floor_reached":57,"language":"ENG","playtime":6255,"items_purged":["Pride","Injury"],"score":1807,"play_id":"099b9458-462d-41ef-9622-9fdf437c60c4","local_time":"20210127192721","is_ascension_mode":true,"campfire_choices":[{"data":"Slimebound:Split","floor":1,"key":"SMITH"},{"data":"Slimebound:DuplicatedForm","floor":8,"key":"SMITH"},{"data":"Slimebound:LevelUp","floor":10,"key":"SMITH"},{"data":"Slimebound:TagTeam","floor":18,"key":"SMITH"},{"floor":23,"key":"REST"},{"data":"Slimebound:SlimeBarrage","floor":30,"key":"SMITH"},{"floor":35,"key":"RECALL"},{"data":"Slimebound:LeadByExample","floor":40,"key":"SMITH"},{"floor":45,"key":"REST"},{"floor":54,"key":"REST"}],"circlet_count":0,"master_deck":["AscendersBane","Slimebound:Strike_Slimebound+1","Slimebound:Strike_Slimebound","Slimebound:Strike_Slimebound+1","Slimebound:Tackle","Slimebound:Defend_Slimebound+1","Slimebound:Defend_Slimebound","Slimebound:Defend_Slimebound","Slimebound:Defend_Slimebound","Slimebound:Split+1","Slimebound:CorrosiveSpit+1","Slimebound:HauntingLick","Slimebound:SlimeSpikes+1","Slimebound:DuplicatedForm+1","Slimebound:LevelUp+1","Slimebound:TagTeam+1","Slimebound:LivingWall+1","Slimebound:FormOfPuddle","Slimebound:SlimeBarrage+1","Slimebound:SamplingLick","Slimebound:LevelUp+1","Slimebound:Nibble","Slimebound:SamplingLick+1","Slimebound:RallyTheTroops","Slimebound:LeadByExample+1","Flash of Steel","Parasite","Parasite","Slimebound:Recollect+1","Slimebound:SplitLeeching+1","Slimebound:LevelUp","expansioncontent:DashGenerateEvil","Flash of Steel"],"relics":["Slimebound:AbsorbEndCombat","Ice Cream","Mercury Hourglass","Bottled Lightning","Nunchaku","Cursed Key","downfall:RedIOU","Bag of Preparation","Whetstone","Pear","champ:DeflectingBracers","downfall:HeartBlessingGreen","Busted Crown","Membership Card","Orichalcum","downfall:HeartBlessingRed","Calipers","downfall:HeartBlessingBlue","Blue Candle","InkBottle"],"acts_visited":["Exordium","TheCity","TheBeyond","TheEnding"],"potions_floor_usage":[16,16,25,26,29,43,52,56],"damage_taken":[{"damage":5,"enemies":"2 Louse","floor":2,"turns":2},{"damage":2,"enemies":"Jaw Worm","floor":4,"turns":3},{"damage":3,"enemies":"downfall:FleeingMerchant","floor":6,"turns":4},{"damage":29,"enemies":"downfall:FleeingMerchant","floor":9,"turns":4},{"damage":0,"enemies":"Cultist","floor":11,"turns":3},{"damage":10,"enemies":"Exordium Wildlife","floor":12,"turns":4},{"damage":28,"enemies":"2 Fungi Beasts","floor":15,"turns":3},{"damage":33,"enemies":"IC_STATUS_ARCHETYPE","floor":16,"turns":8},{"damage":34,"enemies":"3 Byrds","floor":19,"turns":3},{"damage":34,"enemies":"Centurion and Healer","floor":20,"turns":4},{"damage":15,"enemies":"downfall:FleeingMerchant","floor":22,"turns":4},{"damage":45,"enemies":"Book of Stabbing","floor":25,"turns":6},{"damage":25,"enemies":"Snake Plant","floor":26,"turns":5},{"damage":22,"enemies":"3 Cultists","floor":29,"turns":3},{"damage":24,"enemies":"Cultist and Chosen","floor":32,"turns":4},{"damage":29,"enemies":"DF_ARCHETYPE_CLAW","floor":33,"turns":6},{"damage":18,"enemies":"3 Darklings","floor":36,"turns":4},{"damage":19,"enemies":"3 Shapes","floor":38,"turns":4},{"damage":0,"enemies":"downfall:FleeingMerchant","floor":39,"turns":2},{"damage":15,"enemies":"Writhing Mass","floor":42,"turns":4},{"damage":55,"enemies":"Nemesis","floor":43,"turns":3},{"damage":0,"enemies":"4 Shapes","floor":44,"turns":4},{"damage":18,"enemies":"Jaw Worm Horde","floor":46,"turns":3},{"damage":15,"enemies":"Giant Head","floor":47,"turns":7},{"damage":15,"enemies":"Maw","floor":49,"turns":4},{"damage":31,"enemies":"SI_POISON_ARCHETYPE","floor":50,"turns":7},{"damage":62,"enemies":"downfall:CharBossMerchant","floor":52,"turns":9},{"damage":22,"enemies":"downfall:NeowBoss","floor":55,"turns":10},{"damage":56,"enemies":"downfall:NeowBossFinal","floor":56,"turns":9}],"seed_played":"3261171375921757730","potions_obtained":[{"floor":11,"key":"SteroidPotion"},{"floor":12,"key":"DuplicationPotion"},{"floor":15,"key":"Block Potion"},{"floor":16,"key":"champ:CounterPotion"},{"floor":25,"key":"SpeedPotion"},{"floor":26,"key":"Energy Potion"},{"floor":33,"key":"Regen Potion"},{"floor":43,"key":"Ancient Potion"},{"floor":44,"key":"EssenceOfSteel"},{"floor":47,"key":"DuplicationPotion"},{"floor":52,"key":"sneckomod:MuddlingPotion"}],"is_trial":false,"path_per_floor":["R","M","?","M","T","$","T","R","$","R","M","M","?","?","M","B",null,"R","M","M","?","$","R","T","E","M","?","?","M","R","?","M","B",null,"R","M","?","M","$","R","T","M","E","M","R","M","E","?","M","B",null,"E","$","R","B","B",null],"character_chosen":"SLIMEBOUND","items_purchased":["Bag of Preparation","Membership Card","Slimebound:LeadByExample","Orichalcum","Flash of Steel","Slimebound:LevelUp","expansioncontent:DashGenerateEvil","Flash of Steel"],"campfire_rested":3,"item_purchase_floors":[22,39,39,39,39,53,53,53],"current_hp_per_floor":[59,56,49,51,51,56,56,56,44,44,48,44,44,44,35,25,55,55,36,21,21,29,48,48,34,30,30,30,31,31,31,26,20,61,61,62,62,62,66,66,66,74,39,45,80,68,76,76,84,71,82,43,43,68,69,36],"gold":64,"neow_bonus":"ONE_RARE_RELIC","is_daily":false,"chose_seed":false,"campfire_upgraded":6,"win_rate":0.0,"timestamp":1611768441,"path_taken":["R","M","?","M","?","?","T","R","$","R","M","?","?","?","M","BOSS","R","M","M","?","$","R","T","E","M","?","?","?","R","?","M","BOSS","R","M","?","M","$","R","T","M","E","?","R","M","E","?","M","BOSS","E","$","R","BOSS","BOSS"],"items_purchased_type":["Relic","Relic","Card","Relic","Card","Card","Card","Card"],"build_version":"2020-12-22","purchased_purges":2,"victory":true,"max_hp_per_floor":[65,65,65,65,65,65,65,65,65,65,65,65,65,65,65,65,65,65,65,65,65,65,65,65,75,75,75,75,75,75,75,75,75,75,75,75,75,75,75,75,75,75,75,75,85,85,85,85,85,85,85,85,85,85,85,85],"card_choices":[{"not_picked":["Slimebound:Schlurp","Slimebound:ComboTackle"],"picked":"Slimebound:HauntingLick","floor":2},{"not_picked":["Slimebound:LivingWall","Slimebound:ForwardTackle"],"picked":"Slimebound:SlimeSpikes","floor":4},{"not_picked":["Slimebound:ComboTackle","Slimebound:SpikyOuterGoop"],"picked":"Slimebound:DuplicatedForm","floor":6},{"not_picked":["Slimebound:SplitSpecialist","Slimebound:HauntingLick"],"picked":"Slimebound:LevelUp","floor":9},{"not_picked":["Slimebound:BestDefense","Slimebound:SplitAcid","Slimebound:Recollect"],"picked":"SKIP","floor":11},{"not_picked":["Slimebound:SlimeBrawl","Slimebound:GoopSpray","Slimebound:LeechEnergy"],"picked":"SKIP","floor":12},{"not_picked":["Slimebound:HauntingLick","Slimebound:PressTheAttack","Slimebound:ComboTackle"],"picked":"SKIP","floor":15},{"not_picked":["Slimebound:LeechLife","Slimebound:SelfFormingGoo"],"picked":"Slimebound:TagTeam","floor":16},{"not_picked":["Slimebound:SlimeSpikes","Slimebound:RollThrough"],"picked":"Slimebound:LivingWall+1","floor":19},{"not_picked":["Slimebound:SamplingLick","Slimebound:ForwardTackle+1"],"picked":"Slimebound:FormOfPuddle","floor":20},{"not_picked":["Slimebound:ComboTackle","Slimebound:SplitBruiser"],"picked":"Slimebound:SlimeBarrage","floor":22},{"not_picked":["Slimebound:FinishingTackle+1","Slimebound:LivingWall"],"picked":"Slimebound:SamplingLick","floor":25},{"not_picked":["Slimebound:TongueLash+1","Slimebound:SplitMire+1"],"picked":"Slimebound:LevelUp","floor":26},{"not_picked":["Slimebound:LeechingTouch+1","Slimebound:LivingWall+1"],"picked":"Slimebound:Nibble","floor":29},{"not_picked":["Slimebound:DivideAndConquer+1","Slimebound:PressTheAttack+1"],"picked":"Slimebound:SamplingLick+1","floor":32},{"not_picked":["Slimebound:WasteNot","Slimebound:PrepareCrush"],"picked":"Slimebound:RallyTheTroops","floor":33},{"not_picked":["Slimebound:LivingWall"],"picked":"SKIP","floor":36},{"not_picked":["Slimebound:SlimeSpikes"],"picked":"SKIP","floor":38},{"not_picked":["Slimebound:SplitAcid"],"picked":"SKIP","floor":39},{"not_picked":[],"picked":"Slimebound:Recollect+1","floor":42},{"not_picked":[],"picked":"Slimebound:SplitLeeching+1","floor":43},{"not_picked":["Slimebound:FlameTackle"],"picked":"SKIP","floor":44},{"not_picked":["Slimebound:PressTheAttack"],"picked":"SKIP","floor":46},{"not_picked":["Slimebound:Overexert"],"picked":"SKIP","floor":47},{"not_picked":["Slimebound:SlimeSpikes"],"picked":"SKIP","floor":49},{"not_picked":["Slimebound:LivingWall"],"picked":"SKIP","floor":52}],"player_experience":406264,"relics_obtained":[{"floor":5,"key":"Bottled Lightning"},{"floor":7,"key":"Omamori"},{"floor":24,"key":"Whetstone"},{"floor":25,"key":"Pear"},{"floor":43,"key":"Calipers"},{"floor":47,"key":"Blue Candle"},{"floor":52,"key":"InkBottle"}],"event_choices":[{"damage_healed":0,"gold_gain":0,"player_choice":"Success","damage_taken":7,"relics_obtained":["Mercury Hourglass"],"max_hp_gain":0,"max_hp_loss":0,"event_name":"Scrap Ooze","floor":3,"gold_loss":0},{"damage_healed":0,"gold_gain":0,"player_choice":"Box","damage_taken":0,"relics_obtained":["Nunchaku"],"max_hp_gain":0,"max_hp_loss":0,"event_name":"Big Fish","floor":14,"gold_loss":0,"cards_obtained":["Regret"]},{"damage_healed":0,"gold_gain":0,"player_choice":"Stole Relic","damage_taken":0,"relics_obtained":["champ:DeflectingBracers"],"max_hp_gain":0,"max_hp_loss":0,"event_name":"Addict","floor":28,"gold_loss":0,"cards_obtained":["Pride"]},{"damage_healed":0,"gold_gain":0,"player_choice":"Forge","damage_taken":0,"max_hp_gain":0,"max_hp_loss":0,"event_name":"Accursed Blacksmith","floor":37,"gold_loss":0,"cards_upgraded":["Slimebound:LevelUp"]}],"is_beta":false,"boss_relics":[{"not_picked":["Philosopher\u0027s Stone","Slimebound:AbsorbEndCombatUpgraded"],"picked":"Cursed Key"},{"not_picked":["bronze:MakeshiftBattery","Slimebound:TarBlob"],"picked":"Busted Crown"}],"items_purged_floors":[39,53],"is_endless":false,"potions_floor_spawned":[11,12,15,16,25,26,33,43,44,46,47,52],"ascension_level":11}}