{"host":"t0dtoggyaif518ut","time":1611737122,"event":{"mods":["AchievementEnabler","BaseMod","Best Route Mod","Bestiary","Better Altar","Better Match","Better Note","Better Sensory Stone","Better Silent Start","Better Skull","Better Third Choice","Better Vampires","Block Reminder","Colored Powertips","Dark Map","Displayed Cursed Tome","Energized Spire","Gold Saver","Ironclad Rager","Minty Spire (QoL Compilation)","Practice Mode","Quick Restart","RNG Fix","Random Character Button","Relic Stats","Reworked Bosses","StSLib","Treasure Hunter"],"gold_per_floor":[540,465,73,93,93,93,103,103,103,138,138,151,163,177,177,254,254,273,273,29,64,64,64,64],"floor_reached":23,"language":"RUS","playtime":2488,"items_purged":["Strike_R"],"score":338,"play_id":"94a6566b-5723-42d4-b30b-e850ec5247fd","local_time":"20210127154522","is_ascension_mode":true,"campfire_choices":[{"data":"Limit Break","floor":6,"key":"SMITH"},{"floor":8,"key":"RECALL"},{"data":"Pommel Strike","floor":11,"key":"SMITH"},{"floor":15,"key":"REST"}],"circlet_count":0,"master_deck":["AscendersBane","Strike_R","Strike_R","Defend_R+1","Defend_R","Defend_R","Bash","Clothesline","Limit Break+1","Blind+1","Headbutt","Pommel Strike+1","Iron Wave","Immolate","TH:PixieDust","Flex","Limit Break+1","Whirlwind+1"],"relics":["Black Blood","War Paint","Bottled Flame","HornCleat"],"acts_visited":["Exordium","TheCity"],"potions_floor_usage":[16,21,22],"damage_taken":[{"damage":7,"enemies":"Jaw Worm","floor":1,"turns":5},{"damage":2,"enemies":"Cultist","floor":4,"turns":4},{"damage":1,"enemies":"2 Louse","floor":7,"turns":5},{"damage":49,"enemies":"Lagavulin","floor":10,"turns":9},{"damage":7,"enemies":"Blue Slaver","floor":12,"turns":4},{"damage":6,"enemies":"3 Louse","floor":13,"turns":3},{"damage":0,"enemies":"Looter","floor":14,"turns":4},{"damage":61,"enemies":"The Guardian","floor":16,"turns":21},{"damage":22,"enemies":"Chosen","floor":18,"turns":5},{"damage":11,"enemies":"2 Thieves","floor":21,"turns":4},{"damage":15,"enemies":"Snecko","floor":22,"turns":4},{"damage":64,"enemies":"Gremlin Leader","floor":23,"turns":7}],"seed_played":"7968258093816721541","potions_obtained":[{"floor":10,"key":"SmokeBomb"},{"floor":13,"key":"ColorlessPotion"},{"floor":14,"key":"BloodPotion"},{"floor":16,"key":"ColorlessPotion"},{"floor":21,"key":"AttackPotion"}],"is_trial":false,"path_per_floor":["M","?","$","M","?","R","M","R","T","E","R","M","M","M","R","B",null,"M","?","$","M","M","E"],"character_chosen":"IRONCLAD","items_purchased":["Limit Break","Blind","War Paint","HornCleat"],"campfire_rested":1,"item_purchase_floors":[3,3,3,20],"current_hp_per_floor":[67,67,67,71,64,64,69,69,69,26,26,25,25,31,53,13,60,50,50,50,51,48,0,0],"gold":64,"neow_bonus":"REMOVE_CARD","is_daily":false,"chose_seed":false,"campfire_upgraded":2,"win_rate":0.0,"timestamp":1611737122,"path_taken":["M","?","$","?","?","R","M","R","T","E","R","M","M","M","R","BOSS","M","?","?","?","M","E"],"items_purchased_type":["Card","Card","Relic","Relic"],"build_version":"2020-12-22","purchased_purges":1,"victory":false,"max_hp_per_floor":[75,75,75,75,75,75,75,75,75,75,75,75,75,75,75,75,75,75,75,75,75,75,75,75],"relic_stats":{"counters":[12,75],"Black Blood":84,"War Paint":["Blind","Defend_R"],"obtain_stats":[{"Bottled Flame":10,"HornCleat":20,"Black Blood":17,"War Paint":3,"Burning Blood":0},{"Bottled Flame":4,"HornCleat":9,"Black Blood":8,"War Paint":1,"Burning Blood":0},{"Bottled Flame":23,"HornCleat":60,"Black Blood":55,"War Paint":5,"Burning Blood":0}]},"card_choices":[{"not_picked":["Perfected Strike","Warcry"],"picked":"Clothesline","floor":1},{"not_picked":["Combust","Intimidate","Clothesline"],"picked":"SKIP","floor":4},{"not_picked":["True Grit","Iron Wave"],"picked":"Headbutt","floor":7},{"not_picked":["TH:DeckOfManyThings","TH:EnergyPotion"],"picked":"SKIP","floor":9},{"not_picked":["Sword Boomerang","Hemokinesis"],"picked":"Pommel Strike","floor":10},{"not_picked":["TH:TreasureMap","TH:DeckOfManyThings"],"picked":"SKIP","floor":10},{"not_picked":["TH:TreasureMap","TH:DeckOfManyThings"],"picked":"SKIP","floor":10},{"not_picked":["True Grit","Havoc","Perfected Strike"],"picked":"SKIP","floor":12},{"not_picked":["Havoc","Second Wind","Hemokinesis"],"picked":"SKIP","floor":13},{"not_picked":["Intimidate","Perfected Strike"],"picked":"Iron Wave","floor":14},{"not_picked":["Offering","Fiend Fire"],"picked":"Immolate","floor":16},{"not_picked":["TH:TreasureMap"],"picked":"TH:PixieDust","floor":16},{"not_picked":["Havoc","Wild Strike"],"picked":"Flex","floor":18},{"not_picked":["Wild Strike+1","Rage"],"picked":"Whirlwind+1","floor":21}],"player_experience":310905,"relics_obtained":[{"floor":10,"key":"Bottled Flame"}],"event_choices":[{"cards_removed":["Defend_R"],"damage_healed":0,"gold_gain":0,"player_choice":"Card Removal","damage_taken":0,"max_hp_gain":0,"max_hp_loss":0,"event_name":"The Cleric","floor":2,"gold_loss":75},{"cards_removed":["Strike_R"],"damage_healed":0,"gold_gain":0,"player_choice":"Card Removal","damage_taken":7,"max_hp_gain":0,"max_hp_loss":0,"event_name":"Golden Wing","floor":5,"gold_loss":0},{"damage_healed":0,"gold_gain":0,"player_choice":"Copied","damage_taken":0,"max_hp_gain":0,"max_hp_loss":0,"event_name":"Duplicator","floor":19,"gold_loss":0,"cards_obtained":["Limit Break"]}],"is_beta":false,"boss_relics":[{"not_picked":["SacredBark","Runic Pyramid"],"picked":"Black Blood"}],"items_purged_floors":[3],"is_endless":false,"potions_floor_spawned":[10,13,14,16,21,22],"killed_by":"Gremlin Leader","ascension_level":15}}