{"host":"j61pjxqytd94o6ng","time":1611726424,"event":{"mods":["BaseMod","Bestiary","Colored Map","Colored Powertips","Curses Come First","Minty Spire (QoL Compilation)","StSLib"],"gold_per_floor":[119,136,150,162,182,211,211,211,211],"floor_reached":8,"language":"ENG","playtime":779,"items_purged":[],"score":96,"play_id":"1ee11ca3-0c03-4eab-9ffe-e75f322cf1d9","local_time":"20210126224704","is_ascension_mode":true,"campfire_choices":[{"data":"Armaments","floor":7,"key":"SMITH"}],"circlet_count":0,"master_deck":["AscendersBane","Strike_R","Strike_R","Strike_R","Strike_R","Strike_R","Defend_R","Defend_R","Defend_R","Defend_R","Bash","Pummel","Armaments+1","Power Through","Rampage","Seeing Red"],"relics":["Burning Blood","Happy Flower"],"acts_visited":["Exordium"],"potions_floor_usage":[4,4,6],"damage_taken":[{"damage":0.0,"enemies":"2 Louse","floor":1.0,"turns":3.0},{"damage":0.0,"enemies":"Small Slimes","floor":2.0,"turns":3.0},{"damage":4.0,"enemies":"Jaw Worm","floor":3.0,"turns":4.0},{"damage":29,"enemies":"Large Slime","floor":4,"turns":6},{"damage":20,"enemies":"Looter","floor":5,"turns":4},{"damage":14,"enemies":"3 Sentries","floor":6,"turns":9},{"damage":44,"enemies":"Lagavulin","floor":8,"turns":8}],"seed_played":"-5375447941446963982","potions_obtained":[{"floor":1.0,"key":"SkillPotion"},{"floor":3.0,"key":"ColorlessPotion"},{"floor":5,"key":"Strength Potion"}],"is_trial":false,"path_per_floor":["M","M","M","M","M","E","R","E"],"character_chosen":"IRONCLAD","items_purchased":[],"campfire_rested":0,"item_purchase_floors":[],"current_hp_per_floor":[86,88,88,65,51,43,43,0,0],"gold":211,"neow_bonus":"TEN_PERCENT_HP_BONUS","is_daily":false,"chose_seed":false,"campfire_upgraded":1,"win_rate":0.0,"timestamp":1611726424,"path_taken":["M","M","M","M","M","E","R","E"],"items_purchased_type":[],"build_version":"2020-12-22","purchased_purges":0,"victory":false,"max_hp_per_floor":[88,88,88,88,88,88,88,88,88],"card_choices":[{"not_picked":["Blood for Blood","Warcry"],"picked":"Pummel","floor":1.0},{"not_picked":["Evolve","Flex"],"picked":"Armaments","floor":2.0},{"not_picked":["Sword Boomerang","Thunderclap"],"picked":"Power Through","floor":3.0},{"not_picked":["Anger","Fire Breathing"],"picked":"Rampage","floor":4},{"not_picked":["Perfected Strike","Second Wind","Dropkick"],"picked":"SKIP","floor":5},{"not_picked":["Carnage","Sword Boomerang"],"picked":"Seeing Red","floor":6}],"player_experience":536873,"relics_obtained":[{"floor":6,"key":"Happy Flower"}],"event_choices":[],"is_beta":false,"boss_relics":[],"items_purged_floors":[],"is_endless":false,"potions_floor_spawned":[1,3,5],"killed_by":"Lagavulin","ascension_level":12}}