{"host":"qrt7o4dq2qslzw13","time":1611760253,"event":{"mods":["BaseMod","Colored Map","Colored Powertips","Minty Spire (QoL Compilation)","Quick Restart","Replay The Spire","Shop Mod","StSLib","SuperFastMode"],"gold_per_floor":[116,116,116,136,155,155,170,3,71,106,106,46,46,46,46,62,62,191,191,215,239,239],"floor_reached":21,"language":"ENG","playtime":479,"items_purged":[],"score":233,"play_id":"60002b6e-5852-4ec2-b210-1c72049958b1","local_time":"20210127101053","is_ascension_mode":true,"campfire_choices":[{"data":"CarveReality","floor":6.0,"key":"SMITH"},{"data":"Eruption","floor":15.0,"key":"SMITH"},{"data":"Injury","floor":17.0,"key":"PURGE"}],"circlet_count":0,"master_deck":["Strike_P+1","Strike_P","Strike_P","Defend_P","Defend_P","Defend_P","Defend_P","Eruption+1","Vigilance","CarveReality+1","Replay:DivineShield","Replay:Battleflow+1","Replay:ManipulateFuture","ReplayTheSpireMod:Faulty Equipment","Replay:BasicMightCard+1","Poisoned Strike","SandsOfTime","LessonLearned","Fasting2+1","FollowUp","Ragnarok","Replay:Vibes+1"],"relics":["PureWater","Golden Idol","ReplayTheSpireMod:CursedCoin","ReplayTheSpireMod:Shallot","Dream Catcher","Runic Pyramid"],"acts_visited":["Exordium","TheCity"],"potions_floor_usage":[18,18,20],"damage_taken":[{"damage":0.0,"enemies":"Jaw Worm","floor":1.0,"turns":2.0},{"damage":3.0,"enemies":"Small Slimes","floor":4.0,"turns":2.0},{"damage":0.0,"enemies":"Cultist","floor":5.0,"turns":2.0},{"damage":10.0,"enemies":"Gremlin Gang","floor":7.0,"turns":2.0},{"damage":1.0,"enemies":"Gremlin Nob","floor":10.0,"turns":3.0},{"damage":0.0,"enemies":"Red Slaver","floor":16.0,"turns":4.0},{"damage":41,"enemies":"Hexaghost","floor":18,"turns":9},{"damage":10,"enemies":"3 Byrds","floor":20,"turns":5},{"damage":41,"enemies":"Spheric Guardian","floor":21,"turns":6}],"seed_played":"2411018616738787005","potions_obtained":[{"floor":5.0,"key":"Ambrosia"},{"floor":10.0,"key":"FearPotion"},{"floor":16.0,"key":"BottledMiracle"},{"floor":18,"key":"SkillPotion"}],"is_trial":false,"path_per_floor":["M","?","?","M","M","R","M","$","T","E","?","$","PTL","PTL","R","M","R_BF","B",null,"M","M"],"character_chosen":"WATCHER","items_purchased":["ReplayTheSpireMod:CursedCoin","Replay:BasicMightCard","Poisoned Strike","SandsOfTime","Fasting2+1"],"campfire_rested":0,"item_purchase_floors":[8,8,8,8,12],"current_hp_per_floor":[65,58,58,55,55,55,45,45,45,44,44,44,44,44,44,44,44,3,55,45,4,4],"gold":239,"neow_bonus":"RANDOM_EVENT","is_daily":false,"chose_seed":false,"campfire_upgraded":2,"win_rate":0.0,"timestamp":1611760253,"path_taken":["M","?","?","M","M","R","M","?","T","E","?","$","PTL","PTL","R","M","R_BF","BOSS","M","M"],"items_purchased_type":["Relic","Card","Card","Card","Card"],"build_version":"2020-12-22","purchased_purges":0,"victory":false,"max_hp_per_floor":[72,72,72,72,72,72,72,72,72,72,72,72,72,72,72,72,72,72,72,72,72,72],"card_choices":[{"not_picked":["FollowUp","Replay:ManipulateFuture"],"picked":"CarveReality","floor":1.0},{"not_picked":["LikeWater","Perseverance"],"picked":"Replay:DivineShield","floor":4.0},{"not_picked":["TalkToTheHand","WreathOfFlame"],"picked":"Replay:Battleflow","floor":5.0},{"not_picked":["WheelKick","Replay:Hum"],"picked":"Replay:ManipulateFuture","floor":7.0},{"not_picked":["WheelKick","Adaptation"],"picked":"LessonLearned","floor":10.0},{"not_picked":["CrushJoints","Replay:Cycle"],"picked":"FollowUp","floor":16.0},{"not_picked":["Judgement","MasterReality"],"picked":"Ragnarok","floor":18},{"not_picked":["Wallop","Protect+1"],"picked":"Replay:Vibes+1","floor":20}],"player_experience":597615,"relics_obtained":[{"floor":9.0,"key":"ReplayTheSpireMod:Shallot"},{"floor":10.0,"key":"Dream Catcher"}],"event_choices":[{"cards_removed":["Strike_P"],"damage_healed":0.0,"max_hp_gain":0.0,"max_hp_loss":0.0,"gold_gain":0.0,"event_name":"Golden Wing","player_choice":"Card Removal","floor":2.0,"gold_loss":0.0,"damage_taken":7.0},{"damage_healed":0.0,"max_hp_gain":0.0,"max_hp_loss":0.0,"gold_gain":0.0,"event_name":"Golden Idol","player_choice":"Take Wound","floor":3.0,"gold_loss":0.0,"damage_taken":0.0,"relics_obtained":["Golden Idol"],"cards_obtained":["Injury"]},{"damage_healed":0.0,"max_hp_gain":0.0,"max_hp_loss":0.0,"gold_gain":0.0,"event_name":"Upgrade Shrine","player_choice":"Upgraded","floor":11.0,"gold_loss":0.0,"damage_taken":0.0,"cards_upgraded":["Replay:BasicMightCard"]}],"is_beta":false,"boss_relics":[{"not_picked":["Velvet Choker","Coffee Dripper"],"picked":"Runic Pyramid"}],"items_purged_floors":[],"is_endless":false,"potions_floor_spawned":[5,10,16,18],"killed_by":"Spheric Guardian","ascension_level":6}}