{"host":"qbjtml023iza03hb","time":1611779549,"event":{"mods":["AchievementEnabler","BaseMod","Hermit","Minty Spire (QoL Compilation)","StSLib","The Animator","The Cursed"],"gold_per_floor":[276,276,287,312,587,587,676,676,725,750,785,827,827,853,853,990,1015,1046,1067,1138,1138,759,759,778,803,853,853,803,820,851,877,877,1036,1061,1092,692,705,705,741,741,741,830,880,919,956,995,995,886,886,914,914,939,666,754,827,852,852,852,962,1094,1094,848,1007,1109,1109,865,1056,1056,1072,1072],"floor_reached":69,"language":"FRA","playtime":9451,"items_purged":["animator:Strike","animator:Defend"],"score":991,"play_id":"715283b3-fc31-4b69-9317-6d8ed2d11c49","local_time":"20210127213229","is_ascension_mode":false,"campfire_choices":[{"data":"animator:Father","floor":6.0,"key":"SMITH"},{"data":"animator:Chris","floor":8.0,"key":"SMITH"},{"data":"animator:Shimakaze","floor":13.0,"key":"SMITH"},{"floor":15.0,"key":"REST"},{"floor":23,"key":"REST"},{"data":"animator:GoblinSlayer","floor":27,"key":"SMITH"},{"data":"animator:CowGirl","floor":32,"key":"SMITH"},{"data":"animator:Nanami","floor":40,"key":"SMITH"},{"floor":49,"key":"RECALL"},{"floor":52,"key":"DIG"},{"floor":68,"key":"REST"}],"circlet_count":0,"master_deck":["animator:Strike_Kancolle+1","animator:Defend_Kancolle+1","animator:Shimakaze+1","animator:Spearman+1","animator:Gilgamesh+11","animator:Viivi+1","animator:Chris+1","animator:CowGirl+1","animator:Nanami+1","animator:UneriGinkaku+1","animator:GoblinSlayer+1","animator:Greed+1","animator:Darkness+1","animator:Chris+1","animator:Chris+1","animator:Raven","animator:Greed+1","animator:Sloth+1","animator:Mitsurugi+1","animator:Envy+1","animator:HououinKyouma+1","animator:Shuna+1","animator:Kaijin+1","animator:Shichika+1","animator:Verdia+1","animator:CowGirl+1","animator:GuildGirl+1","animator:GuildGirl+1","animator:Darkness+1","animator:MisaKurobane+1","animator:HigakiRinne"],"relics":["animator:TheEruzaStone","animator:AncientMedallion"],"acts_visited":["Exordium","TheCity","TheBeyond","TheEnding","EYB:TheUnnamedReign"],"potions_floor_usage":[24,31,33,50,50,50,50,59,60,67,67,69,69],"damage_taken":[{"damage":0.0,"enemies":"Cultist","floor":1.0,"turns":1.0},{"damage":0.0,"enemies":"Small Slimes","floor":3.0,"turns":1.0},{"damage":0.0,"enemies":"2 Louse","floor":4.0,"turns":1.0},{"damage":32.0,"enemies":"Gremlin Nob","floor":7.0,"turns":4.0},{"damage":0.0,"enemies":"Large Slime","floor":10.0,"turns":2.0},{"damage":0.0,"enemies":"Blue Slaver","floor":11.0,"turns":1.0},{"damage":3.0,"enemies":"Lots of Slimes","floor":12.0,"turns":5.0},{"damage":12.0,"enemies":"3 Louse","floor":14.0,"turns":3.0},{"damage":12.0,"enemies":"Hexaghost","floor":16.0,"turns":6.0},{"damage":26.0,"enemies":"2 Thieves","floor":18.0,"turns":4.0},{"damage":2.0,"enemies":"Chosen","floor":19.0,"turns":3.0},{"damage":8,"enemies":"Masked Bandits","floor":20,"turns":4},{"damage":0,"enemies":"Snecko","floor":24,"turns":2},{"damage":0,"enemies":"Snake Plant","floor":29,"turns":2},{"damage":0,"enemies":"Cultist and Chosen","floor":30,"turns":3},{"damage":0,"enemies":"Snecko","floor":31,"turns":2},{"damage":19,"enemies":"Champ","floor":33,"turns":8},{"damage":0,"enemies":"Orb Walker","floor":35,"turns":3},{"damage":7,"enemies":"3 Darklings","floor":37,"turns":4},{"damage":0,"enemies":"Transient","floor":39,"turns":5},{"damage":6,"enemies":"Giant Head","floor":42,"turns":8},{"damage":0,"enemies":"Maw","floor":44,"turns":5},{"damage":0,"enemies":"Jaw Worm Horde","floor":45,"turns":6},{"damage":0,"enemies":"4 Shapes","floor":46,"turns":5},{"damage":0,"enemies":"Time Eater","floor":50,"turns":10},{"damage":0,"enemies":"animator:UNNAMED_CULTIST_1","floor":54,"turns":9},{"damage":3,"enemies":"animator:UNNAMED_HAT","floor":55,"turns":18},{"damage":32,"enemies":"animator:UNNAMED_CULTIST_2","floor":59,"turns":11},{"damage":0,"enemies":"animator:TRIPLE_LAGAVULIN","floor":60,"turns":10},{"damage":25,"enemies":"animator:ULTIMATE_CUBE","floor":63,"turns":11},{"damage":12,"enemies":"animator:ULTIMATE_WISP","floor":67,"turns":9},{"damage":136,"enemies":"animator:TheUnnamed","floor":69,"turns":11}],"seed_played":"1158792088018946981","potions_obtained":[{"floor":1.0,"key":"Block Potion"},{"floor":7.0,"key":"GamblersBrew"},{"floor":12.0,"key":"PowerPotion"},{"floor":20,"key":"DuplicationPotion"},{"floor":24,"key":"Strength Potion"},{"floor":29,"key":"CultistPotion"},{"floor":33,"key":"SteroidPotion"},{"floor":39,"key":"SteroidPotion"},{"floor":45,"key":"Dexterity Potion"},{"floor":46,"key":"EssenceOfSteel"},{"floor":54,"key":"animator:FalseLifePotion"},{"floor":55,"key":"animator:FalseLifePotion"},{"floor":59,"key":"animator:FalseLifePotion"},{"floor":60,"key":"animator:FalseLifePotion"},{"floor":63,"key":"animator:FalseLifePotion"},{"floor":67,"key":"animator:FalseLifePotion"}],"is_trial":false,"path_per_floor":["M","?","M","M","?","R","E","R","T","M","M","M","R","M","R","B",null,"M","M","?","?","$","R","M","T","T","R","?","M","M","M","R","B",null,"M","$","M","?","M","R","$","E","T","M","M","M","?","$","R","B",null,"R","??","M","M","T","?","$","M","M","?","$","E","T","?","$","E","R","B"],"character_chosen":"THE_ANIMATOR","items_purchased":["DollysMirror","Bag of Preparation","TungstenRod","animator:HououinKyouma","animator:Kaijin","animator:AncientMedallion","animator:AncientMedallion"],"campfire_rested":3,"item_purchase_floors":[22,22,36,36,48,62,66],"current_hp_per_floor":[66,66,66,66,66,66,9,15,15,16,16,14,23,11,32,20,40,14,12,4,4,4,28,28,28,28,40,40,41,41,41,41,22,41,41,41,34,34,34,41,41,35,35,35,35,35,35,35,41,41,41,41,98,98,96,96,96,96,67,71,71,71,54,54,54,54,62,91,0,0],"gold":1072,"neow_bonus":"THREE_ENEMY_KILL","is_daily":false,"chose_seed":false,"campfire_upgraded":6,"win_rate":0.0,"timestamp":1611779549,"path_taken":["M","?","?","M","?","R","E","R","T","M","M","M","R","M","R","BOSS","M","?","?","?","$","R","M","?","T","R","?","?","M","M","R","BOSS","M","$","M","?","?","R","?","E","T","M","M","M","?","$","R","BOSS","R","??","M","M","T","?","$","M","M","?","$","E","T","?","$","E","R","BOSS"],"items_purchased_type":["Relic","Relic","Relic","Card","Card","Relic","Relic"],"build_version":"2020-12-22","purchased_purges":2,"victory":false,"max_hp_per_floor":[66,66,66,66,66,66,38,38,38,39,39,40,40,40,40,40,40,40,40,40,40,40,40,40,40,40,40,40,41,41,41,41,41,41,41,41,41,41,41,41,41,41,41,41,41,41,41,41,41,41,41,41,98,98,99,99,99,99,99,99,99,99,99,99,99,99,99,99,99,99],"card_choices":[{"not_picked":["animator:Darkness","animator:Shion"],"picked":"animator:Spearman","floor":1.0},{"not_picked":["animator:Ciel","animator:RoyMustang"],"picked":"animator:Viivi","floor":3.0},{"not_picked":["animator:Vanir","animator:Elsword"],"picked":"animator:Father","floor":4.0},{"not_picked":["animator:Vanir","animator:Megumin"],"picked":"animator:Chris","floor":7.0},{"not_picked":["animator:Darkness","animator:Spearman"],"picked":"animator:CowGirl","floor":10.0},{"not_picked":["animator:Laby","animator:Shion"],"picked":"animator:Nanami","floor":11.0},{"not_picked":["animator:Millim","animator:Elsword"],"picked":"animator:UneriGinkaku","floor":12.0},{"not_picked":["animator:Envy","animator:SwordMaiden"],"picked":"animator:GoblinSlayer","floor":16.0},{"not_picked":["animator:Elsword","animator:Pride"],"picked":"animator:Chris","floor":18.0},{"not_picked":["animator:Emonzaemon","animator:Ciel"],"picked":"animator:Chris+1","floor":19.0},{"not_picked":["animator:DwarfShaman","animator:Hakurou"],"picked":"animator:Raven","floor":20},{"not_picked":["animator:Millim","animator:Fredrika","animator:Chung+1"],"picked":"SKIP","floor":24},{"not_picked":["animator:WinryRockbell","animator:ElricEdward"],"picked":"animator:Sloth","floor":29},{"not_picked":["animator:Vanir+1","animator:Millim"],"picked":"animator:Mitsurugi+1","floor":30},{"not_picked":["animator:Kazuma","animator:DwarfShaman","animator:Megumin+1"],"picked":"SKIP","floor":31},{"not_picked":["animator:AcuraShin","animator:Eve"],"picked":"animator:Envy","floor":33},{"not_picked":["animator:Hakurou"],"picked":"SKIP","floor":35},{"not_picked":["animator:DwarfShaman"],"picked":"SKIP","floor":39},{"not_picked":["animator:Souei"],"picked":"SKIP","floor":42},{"not_picked":["animator:ZankiKiguchi"],"picked":"SKIP","floor":44},{"not_picked":[],"picked":"animator:Shuna+1","floor":46},{"not_picked":["animator:Verdia+1","animator:AcuraTooru"],"picked":"animator:CowGirl+1","floor":54},{"not_picked":["animator:Ciel","animator:MaesHughes"],"picked":"animator:GuildGirl","floor":55},{"not_picked":["animator:Ain+1","animator:Witch","animator:Shion+1"],"picked":"SKIP","floor":59},{"not_picked":["animator:Mitsurugi","animator:Gillette"],"picked":"animator:GuildGirl","floor":60},{"not_picked":["animator:Elsword+1","animator:Guy"],"picked":"animator:Darkness+1","floor":63},{"not_picked":["animator:MamizouFutatsuiwa","animator:NononJakuzure"],"picked":"animator:MisaKurobane","floor":65},{"not_picked":["animator:Emonzaemon","animator:Azekura+1"],"picked":"animator:HigakiRinne","floor":67}],"player_experience":459539,"relics_obtained":[{"floor":7.0,"key":"Eternal Feather"},{"floor":20,"key":"Red Mask"},{"floor":25,"key":"Matryoshka"},{"floor":26,"key":"Omamori"},{"floor":26,"key":"The Courier"},{"floor":42,"key":"Ginger"},{"floor":43,"key":"Potion Belt"},{"floor":43,"key":"Shovel"},{"floor":52,"key":"Paper Frog"},{"floor":53,"key":"animator:TheEruzaStone"},{"floor":56,"key":"animator:AncientMedallion"},{"floor":63,"key":"animator:AncientMedallion"},{"floor":64,"key":"animator:AncientMedallion"},{"floor":67,"key":"animator:AncientMedallion"}],"event_choices":[{"cards_removed":["animator:Strike"],"damage_healed":0.0,"max_hp_gain":0.0,"max_hp_loss":0.0,"gold_gain":0.0,"event_name":"NoteForYourself","player_choice":"Took Card","floor":2.0,"gold_loss":0.0,"damage_taken":0.0,"cards_obtained":["animator:Gilgamesh"]},{"damage_healed":0.0,"max_hp_gain":0.0,"max_hp_loss":0.0,"gold_gain":275.0,"event_name":"Golden Shrine","player_choice":"Desecrate","floor":5.0,"gold_loss":0.0,"damage_taken":0.0,"cards_obtained":["Regret"]},{"damage_healed":0,"gold_gain":0,"player_choice":"Fought Bandits","damage_taken":0,"max_hp_gain":0,"max_hp_loss":0,"event_name":"Masked Bandits","floor":20,"gold_loss":0},{"damage_healed":0,"gold_gain":0,"player_choice":"Ignored","damage_taken":0,"max_hp_gain":0,"max_hp_loss":0,"event_name":"Cursed Tome","floor":21,"gold_loss":0},{"damage_healed":0,"gold_gain":0,"player_choice":"Bet on Owner","damage_taken":0,"max_hp_gain":0,"max_hp_loss":0,"event_name":"The Joust","floor":28,"gold_loss":50},{"damage_healed":0,"gold_gain":0,"player_choice":"Upgraded","damage_taken":0,"max_hp_gain":0,"max_hp_loss":0,"event_name":"Upgrade Shrine","floor":38,"gold_loss":0,"cards_upgraded":["animator:HououinKyouma"]},{"damage_healed":0,"gold_gain":0,"player_choice":"Memory 1","damage_taken":0,"max_hp_gain":0,"max_hp_loss":0,"event_name":"SensoryStone","floor":47,"gold_loss":0},{"damage_healed":0,"gold_gain":0,"player_choice":"Memory 1","damage_taken":0,"max_hp_gain":0,"max_hp_loss":0,"event_name":"SensoryStone","floor":65,"gold_loss":0}],"is_beta":false,"boss_relics":[{"not_picked":["animator:RacePiece","Sozu"],"picked":"Astrolabe"},{"not_picked":["Fusion Hammer","SacredBark"],"picked":"Busted Crown"}],"items_purged_floors":[22,48],"is_endless":false,"potions_floor_spawned":[1,7,12,20,24,29,33,39,45,46,55],"killed_by":"animator:TheUnnamed","ascension_level":0}}