{"host":"i29s15dsg0c43zmx","time":1611781008,"event":{"mods":["AchievementEnabler","BaseMod","Colored Map","Minty Spire (QoL Compilation)","StSLib","The Death Knight"],"gold_per_floor":[110,110,60,60,70,70,84,104,185,213,213,163,163,238,238,366,366,382,382,382,382,399,399,411,411,435,435,13,33,63,63,63,160,160,175,16,16,26,46,72,87,137,137,137,154,165,165,165,165,165,165],"floor_reached":50,"language":"ENG","playtime":2404,"items_purged":[],"score":518,"play_id":"00fa0446-17f1-4dfd-8447-5fa44f06ff58","local_time":"20210127215648","is_ascension_mode":false,"campfire_choices":[{"data":"Eruption","floor":6,"key":"SMITH"},{"data":"Scrawl","floor":13,"key":"SMITH"},{"data":"BattleHymn","floor":15,"key":"SMITH"},{"data":"Vigilance","floor":23,"key":"SMITH"},{"floor":27,"key":"REST"},{"data":"Crescendo","floor":32,"key":"SMITH"},{"floor":44,"key":"REST"},{"data":"SandsOfTime","floor":47,"key":"SMITH"},{"floor":49,"key":"REST"}],"circlet_count":0,"master_deck":["Strike_P","Defend_P+1","Defend_P+1","Defend_P+1","Defend_P+1","Eruption+1","Vigilance+1","Scrawl+1","FollowUp","Consecrate+1","BattleHymn+1","Crescendo+1","MasterReality+1","FearNoEvil+1","DevaForm+1","SandsOfTime+1","BattleHymn+1","ClearTheMind+1","EmptyBody+1","EmptyFist","Judgement+1","DeusExMachina+1","EmptyBody+1","EmptyFist","Parasite","Vengeance+1"],"relics":["PureWater","Omamori","Frozen Egg 2","Letter Opener","Bloody Idol","Philosopher\u0027s Stone","Meat on the Bone","Dream Catcher","Toxic Egg 2","Red Mask","Nunchaku","Busted Crown","Potion Belt","Mango","Bottled Tornado"],"acts_visited":["Exordium","TheCity","TheBeyond"],"potions_floor_usage":[16,33,39,40,41,46,50],"damage_taken":[{"damage":0,"enemies":"2 Louse","floor":1,"turns":4},{"damage":0,"enemies":"Cultist","floor":5,"turns":2},{"damage":0,"enemies":"Small Slimes","floor":7,"turns":2},{"damage":0,"enemies":"2 Fungi Beasts","floor":8,"turns":2},{"damage":10,"enemies":"Lagavulin","floor":10,"turns":4},{"damage":42,"enemies":"Hexaghost","floor":16,"turns":6},{"damage":15,"enemies":"2 Thieves","floor":18,"turns":3},{"damage":3,"enemies":"Spheric Guardian","floor":22,"turns":3},{"damage":23,"enemies":"Snake Plant","floor":24,"turns":3},{"damage":0,"enemies":"Centurion and Healer","floor":29,"turns":5},{"damage":10,"enemies":"Masked Bandits","floor":30,"turns":3},{"damage":44,"enemies":"Champ","floor":33,"turns":7},{"damage":19,"enemies":"3 Shapes","floor":35,"turns":3},{"damage":0,"enemies":"Orb Walker","floor":38,"turns":2},{"damage":11,"enemies":"3 Darklings","floor":39,"turns":3},{"damage":51,"enemies":"Giant Head","floor":40,"turns":7},{"damage":3,"enemies":"Jaw Worm Horde","floor":41,"turns":3},{"damage":28,"enemies":"Mind Bloom Boss Battle","floor":42,"turns":5},{"damage":19,"enemies":"Writhing Mass","floor":45,"turns":5},{"damage":17,"enemies":"4 Shapes","floor":46,"turns":3},{"damage":93,"enemies":"Time Eater","floor":50,"turns":7}],"seed_played":"8489712559319570878","potions_obtained":[{"floor":2,"key":"Strength Potion"},{"floor":2,"key":"CultistPotion"},{"floor":2,"key":"EssenceOfSteel"},{"floor":5,"key":"ColorlessPotion"},{"floor":24,"key":"Block Potion"},{"floor":39,"key":"Regen Potion"},{"floor":40,"key":"Swift Potion"},{"floor":45,"key":"DuplicationPotion"},{"floor":46,"key":"Fruit Juice"}],"is_trial":false,"path_per_floor":["M","?","$","?","M","R","M","M","T","E","?","?","R","?","R","B",null,"M","?","?","T","M","R","M","?","T","R","$","M","?","?","R","B",null,"M","$","?","M","M","E","M","?","T","R","M","M","R","?","R","B"],"character_chosen":"WATCHER","items_purchased":["FollowUp","Toxic Egg 2","BattleHymn+1","ClearTheMind+1","EmptyBody+1","DeusExMachina+1"],"campfire_rested":3,"item_purchase_floors":[3,28,28,28,28,36],"current_hp_per_floor":[72,72,72,72,72,72,72,72,72,62,62,62,62,51,51,9,72,57,36,36,36,50,50,44,44,49,70,70,72,67,67,67,40,72,58,58,37,42,48,19,33,36,36,61,59,64,64,64,91,0,0],"gold":165,"neow_bonus":"TRANSFORM_CARD","is_daily":false,"chose_seed":false,"campfire_upgraded":6,"win_rate":0.0,"timestamp":1611781008,"path_taken":["M","?","?","?","?","R","M","M","T","E","?","?","R","?","R","BOSS","M","?","?","?","M","R","?","?","T","R","$","?","?","?","R","BOSS","M","$","?","M","M","E","M","?","T","R","M","M","R","?","R","BOSS"],"items_purchased_type":["Card","Relic","Card","Card","Card","Card"],"build_version":"2020-12-22","purchased_purges":0,"victory":false,"max_hp_per_floor":[72,72,72,72,72,72,72,72,72,72,72,72,72,72,72,72,72,72,72,72,72,72,72,72,72,72,72,72,72,72,72,72,72,72,72,72,72,72,72,72,72,86,86,86,86,91,91,91,91,91,91],"card_choices":[{"not_picked":["Evaluate","Fasting2","SashWhip"],"picked":"SKIP","floor":1},{"not_picked":["Crescendo","JustLucky"],"picked":"Consecrate","floor":5},{"not_picked":["FlyingSleeves","Swivel","Wireheading"],"picked":"SKIP","floor":7},{"not_picked":["SpiritShield","WaveOfTheHand"],"picked":"BattleHymn","floor":8},{"not_picked":["Fasting2+1","CrushJoints"],"picked":"Crescendo","floor":10},{"not_picked":["Alpha","Omniscience"],"picked":"MasterReality+1","floor":16},{"not_picked":["PathToVictory+1","FlyingSleeves"],"picked":"FearNoEvil","floor":18},{"not_picked":["Crescendo+1","Tantrum+1","JustLucky"],"picked":"SKIP","floor":22},{"not_picked":["WheelKick+1","FollowUp"],"picked":"DevaForm+1","floor":24},{"not_picked":["Tantrum","Crescendo"],"picked":"SandsOfTime","floor":27},{"not_picked":["Prostrate+1","JustLucky"],"picked":"EmptyFist","floor":29},{"not_picked":["Wish+1","SpiritShield+1"],"picked":"Judgement+1","floor":33},{"not_picked":[],"picked":"Consecrate+1","floor":35},{"not_picked":[],"picked":"EmptyBody+1","floor":38},{"not_picked":["SashWhip+1"],"picked":"SKIP","floor":39},{"not_picked":[],"picked":"EmptyFist","floor":40},{"not_picked":["EmptyBody+1"],"picked":"SKIP","floor":41},{"not_picked":["Worship+1"],"picked":"SKIP","floor":45},{"not_picked":[],"picked":"Vengeance+1","floor":46}],"player_experience":88565,"relics_obtained":[{"floor":9,"key":"Frozen Egg 2"},{"floor":10,"key":"Letter Opener"},{"floor":21,"key":"Meat on the Bone"},{"floor":26,"key":"Dream Catcher"},{"floor":30,"key":"Red Mask"},{"floor":40,"key":"Potion Belt"},{"floor":42,"key":"Mango"},{"floor":43,"key":"Bottled Tornado"}],"event_choices":[{"damage_healed":0,"gold_gain":0,"player_choice":"Got Potions","damage_taken":0,"max_hp_gain":0,"max_hp_loss":0,"event_name":"Lab","floor":2,"gold_loss":0},{"damage_healed":0,"gold_gain":0,"player_choice":"Gave Potion","damage_taken":0,"relics_obtained":["Omamori"],"max_hp_gain":0,"max_hp_loss":0,"event_name":"WeMeetAgain","floor":4,"gold_loss":0},{"damage_healed":0,"gold_gain":0,"player_choice":"Take Wound","damage_taken":0,"relics_obtained":["Golden Idol"],"max_hp_gain":0,"max_hp_loss":0,"event_name":"Golden Idol","floor":11,"gold_loss":0,"cards_obtained":["Injury"]},{"cards_removed":["Strike_P"],"damage_healed":0,"gold_gain":0,"player_choice":"Card Removal","damage_taken":0,"max_hp_gain":0,"max_hp_loss":0,"event_name":"The Cleric","floor":12,"gold_loss":50},{"damage_healed":0,"gold_gain":75,"player_choice":"Gather Gold","damage_taken":11,"max_hp_gain":0,"max_hp_loss":0,"event_name":"World of Goop","floor":14,"gold_loss":0},{"damage_healed":0,"gold_gain":0,"player_choice":"Gave Idol","damage_taken":0,"relics_obtained":["Bloody Idol"],"max_hp_gain":0,"max_hp_loss":0,"event_name":"Forgotten Altar","floor":20,"relics_lost":["Golden Idol"],"gold_loss":0},{"cards_removed":["Strike_P"],"damage_healed":0,"gold_gain":0,"player_choice":"Card Removal","damage_taken":0,"max_hp_gain":0,"max_hp_loss":0,"event_name":"Wheel of Change","floor":25,"gold_loss":0},{"damage_healed":0,"gold_gain":0,"player_choice":"Fought Bandits","damage_taken":0,"max_hp_gain":0,"max_hp_loss":0,"event_name":"Masked Bandits","floor":30,"gold_loss":0},{"damage_healed":0,"gold_gain":0,"player_choice":"Stole Relic","damage_taken":0,"relics_obtained":["Nunchaku"],"max_hp_gain":0,"max_hp_loss":0,"event_name":"Addict","floor":31,"gold_loss":0,"cards_obtained":["Shame"]},{"damage_healed":0,"gold_gain":0,"player_choice":"Fight","damage_taken":0,"max_hp_gain":0,"max_hp_loss":0,"event_name":"MindBloom","floor":42,"gold_loss":0},{"cards_removed":["Consecrate"],"damage_healed":0,"gold_gain":0,"player_choice":"Removed Attack","damage_taken":0,"max_hp_gain":0,"max_hp_loss":0,"event_name":"Falling","floor":48,"gold_loss":0}],"is_beta":false,"boss_relics":[{"not_picked":["Runic Dome","Velvet Choker"],"picked":"Philosopher\u0027s Stone"},{"not_picked":["Black Star","Coffee Dripper"],"picked":"Busted Crown"}],"items_purged_floors":[],"is_endless":false,"potions_floor_spawned":[5,24,29,30,39,40,45,46],"killed_by":"Time Eater","ascension_level":0}}