{"host":"sh8ot41fo7a0kahq","time":1611756488,"event":{"mods":["ATMod(°¢èªMod)","BaseMod","Better Third Choice","Colored Powertips","Displayed Cursed Tome","Minty Spire (QoL Compilation)","Quick Restart","Spicy Shops","StSLib","UnlockEverythingMod","¡¾ÒÅÎï¿¨ÅÆ¡¿REMEMod"],"gold_per_floor":[116,191,38,38,50,80,92,122,170,189,201,227,80,95,95,196,196,209,109,123,138,164,164,164,195,222,240,240,240,240],"floor_reached":29,"language":"ZHS","playtime":657,"items_purged":["Defend_P","Strike_P"],"score":442,"play_id":"22f60490-2994-4668-adbf-a96ac98a2b61","local_time":"20210127220808","is_ascension_mode":true,"campfire_choices":[{"data":"Eruption","floor":15.0,"key":"SMITH"},{"data":"AT_Desolate","floor":23.0,"key":"SMITH"}],"circlet_count":0,"master_deck":["Strike_P","Strike_P","Strike_P+1","Defend_P","Defend_P","Eruption+1","Vigilance","AT_Desolate+1","Ragnarok","AT_ChampionKick","Adaptation","Tantrum+1","FlurryOfBlows","InnerPeace+1","FearNoEvil","BowlingBash","LessonLearned","AT_DivineConfetti+1","AT_OneInchPunch"],"relics":["PureWater","AT_ATBox","REME_ComplimentaryCards","NeowsBlessing","AT_GuinsooRageblade","AT_SunfireAegis","AT_EbonyIvory","AT_Manta","Medical Kit","REME_DuelDisc","Red Mask","Enchiridion","MealTicket","Juzu Bracelet"],"acts_visited":["Exordium","TheCity"],"potions_floor_usage":[],"damage_taken":[{"damage":0.0,"enemies":"Jaw Worm","floor":1.0,"turns":1.0},{"damage":0.0,"enemies":"Small Slimes","floor":5.0,"turns":1.0},{"damage":0.0,"enemies":"3 Sentries","floor":6.0,"turns":1.0},{"damage":0.0,"enemies":"Cultist","floor":7.0,"turns":3.0},{"damage":0.0,"enemies":"Lagavulin","floor":8.0,"turns":4.0},{"damage":0.0,"enemies":"Large Slime","floor":10.0,"turns":1.0},{"damage":1.0,"enemies":"Looter","floor":11.0,"turns":2.0},{"damage":0.0,"enemies":"Gremlin Nob","floor":12.0,"turns":2.0},{"damage":0.0,"enemies":"Exordium Thugs","floor":14.0,"turns":2.0},{"damage":20.0,"enemies":"The Guardian","floor":16.0,"turns":3.0},{"damage":17.0,"enemies":"2 Thieves","floor":18.0,"turns":2.0},{"damage":13.0,"enemies":"3 Byrds","floor":20.0,"turns":2.0},{"damage":0.0,"enemies":"Snecko","floor":21.0,"turns":2.0},{"damage":0.0,"enemies":"Masked Bandits","floor":22.0,"turns":2.0},{"damage":14.0,"enemies":"Book of Stabbing","floor":25.0,"turns":3.0},{"damage":0.0,"enemies":"Chosen and Byrds","floor":27.0,"turns":2.0},{"damage":0.0,"enemies":"Colosseum Slavers","floor":28.0,"turns":1.0},{"damage":12,"enemies":"3 Cultists","floor":29,"turns":2}],"seed_played":"-1252365787100039237","potions_obtained":[{"floor":5.0,"key":"Explosive Potion"},{"floor":7.0,"key":"REME_GoldPotion"},{"floor":10.0,"key":"Weak Potion"},{"floor":11.0,"key":"SpeedPotion"},{"floor":21.0,"key":"ColorlessPotion"}],"is_trial":false,"path_per_floor":["M","?","$","?","M","E","M","E","T","M","M","E","$","M","R","B",null,"M","$","M","M","?","R","?","E","T","M","?","M"],"character_chosen":"WATCHER","items_purchased":["AT_ChampionKick","Medical Kit"],"campfire_rested":0,"item_purchase_floors":[3,13],"current_hp_per_floor":[65,54,54,54,54,54,54,54,54,54,53,53,53,53,53,33,62,45,45,32,32,32,32,16,2,2,2,2,0,0],"gold":240,"neow_bonus":"THREE_ENEMY_KILL","is_daily":false,"chose_seed":false,"campfire_upgraded":2,"win_rate":0.0,"timestamp":1611756488,"path_taken":["M","?","$","?","M","E","M","E","T","M","M","E","$","M","R","BOSS","M","?","M","M","?","R","?","E","T","M","?","M"],"items_purchased_type":["Card","Relic"],"build_version":"2020-12-22","purchased_purges":2,"victory":false,"max_hp_per_floor":[72,72,72,72,72,72,72,72,72,72,72,72,72,72,72,72,72,72,72,72,72,72,72,72,72,72,72,72,72,72],"card_choices":[{"not_picked":["REME_MusicOfDeath","FollowUp","FlyingSleeves"],"picked":"SKIP","floor":1.0},{"not_picked":["PathToVictory","EmptyBody","JustLucky"],"picked":"SKIP","floor":5.0},{"not_picked":["Weave","EmptyMind"],"picked":"Adaptation","floor":6.0},{"not_picked":["EmptyBody","LikeWater"],"picked":"Tantrum","floor":7.0},{"not_picked":["EmptyFist","FlyingSleeves"],"picked":"FlurryOfBlows","floor":8.0},{"not_picked":["EmptyBody","PathToVictory","Collect"],"picked":"SKIP","floor":10.0},{"not_picked":["BowlingBash","EmptyFist"],"picked":"InnerPeace","floor":11.0},{"not_picked":["AT_RealFormLess","InnerPeace"],"picked":"FearNoEvil","floor":12.0},{"not_picked":["ForeignInfluence","EmptyBody"],"picked":"BowlingBash","floor":14.0},{"not_picked":["REME_EmptyShield","Vault"],"picked":"LessonLearned","floor":16.0},{"not_picked":["ReachHeaven","Collect+1","Consecrate"],"picked":"SKIP","floor":18.0},{"not_picked":["FlurryOfBlows","Perseverance","Meditate"],"picked":"SKIP","floor":20.0},{"not_picked":["Consecrate","BowlingBash","DeceiveReality+1"],"picked":"SKIP","floor":21.0},{"not_picked":["ClearTheMind","Halt+1"],"picked":"AT_DivineConfetti+1","floor":22.0},{"not_picked":["WaveOfTheHand+1","ForeignInfluence","Consecrate"],"picked":"SKIP","floor":25.0},{"not_picked":["AT_OneInchPunch","Halt","ClearTheMind+1"],"picked":"SKIP","floor":27.0},{"not_picked":["Halt","ClearTheMind+1"],"picked":"AT_OneInchPunch","floor":27.0}],"player_experience":329190,"relics_obtained":[{"floor":6.0,"key":"AT_GuinsooRageblade"},{"floor":8.0,"key":"AT_SunfireAegis"},{"floor":9.0,"key":"AT_EbonyIvory"},{"floor":12.0,"key":"AT_Manta"},{"floor":22.0,"key":"Red Mask"},{"floor":25.0,"key":"MealTicket"},{"floor":26.0,"key":"Juzu Bracelet"}],"event_choices":[{"damage_healed":0.0,"max_hp_gain":0.0,"max_hp_loss":0.0,"gold_gain":75.0,"event_name":"betterThird:BetterGoop","player_choice":"Gold","floor":2.0,"gold_loss":0.0,"damage_taken":11.0},{"cards_removed":["Defend_P"],"damage_healed":0.0,"max_hp_gain":0.0,"max_hp_loss":0.0,"gold_gain":0.0,"event_name":"Bonfire Elementals","player_choice":"Offered Basic","floor":4.0,"gold_loss":0.0,"damage_taken":0.0},{"damage_healed":0.0,"max_hp_gain":0.0,"max_hp_loss":0.0,"gold_gain":0.0,"event_name":"Masked Bandits","player_choice":"Fought Bandits","floor":22.0,"gold_loss":0.0,"damage_taken":0.0},{"damage_healed":0.0,"max_hp_gain":0.0,"max_hp_loss":0.0,"gold_gain":0.0,"event_name":"Cursed Tome","player_choice":"Obtained Book","floor":24.0,"gold_loss":0.0,"damage_taken":16.0},{"damage_healed":0.0,"max_hp_gain":0.0,"max_hp_loss":0.0,"gold_gain":0.0,"event_name":"Colosseum","player_choice":"Fight","floor":28.0,"gold_loss":0.0,"damage_taken":0.0},{"damage_healed":0.0,"max_hp_gain":0.0,"max_hp_loss":0.0,"gold_gain":0.0,"event_name":"Colosseum","player_choice":"Fled From Nobs","floor":28.0,"gold_loss":0.0,"damage_taken":0.0}],"is_beta":false,"boss_relics":[{"not_picked":["REME_DemonsWealth","Astrolabe"],"picked":"REME_DuelDisc"}],"items_purged_floors":[3,19],"is_endless":false,"potions_floor_spawned":[5,7,10,11,18,21,25],"killed_by":"3 Cultists","ascension_level":6}}