{"host":"yqa5il53nhlo2jdd","time":1611720627,"event":{"mods":["AchievementEnabler","Arknights The Spire","BaseMod","BetterRewards","Minty Spire (QoL Compilation)","StSLib","[IsaacMod]ÒÔÈö¼âËþ"],"gold_per_floor":[36,36,103,62,82,82,98,130,130,130,130,130,30,30,30,101,101,119,119,119,119,132,132,132,132,132,147,159,159,159,159],"floor_reached":30,"language":"ZHS","playtime":1150,"items_purged":["ats:Strike V","ats:Defend"],"score":414,"play_id":"876a70bb-f6ff-44c9-9034-729724de01a9","local_time":"20210127121027","is_ascension_mode":true,"campfire_choices":[{"data":"BloodyBrimstone","floor":6.0,"key":"SMITH"},{"data":"ats:Emotion Absorption","floor":10.0,"key":"SMITH"},{"data":"ats:Neurotoxin","floor":12.0,"key":"SMITH"},{"data":"ats:Shell Defense","floor":15.0,"key":"SMITH"},{"data":"ats:Armor Crushing Shot","floor":23,"key":"SMITH"},{"floor":29,"key":"REST"}],"circlet_count":0,"master_deck":["AscendersBane","ats:Strike S","ats:Armor Crushing Shot+1","ats:Defend","ats:Defend","ats:Emotion Absorption+1","BloodyBrimstone+1","ats:Shell Defense+1","ats:Neurotoxin+1"],"relics":["ats:Sanity","HushsDoor","BelialBook","ats:Originium","BloodDonationMachine","ats:Lavender","GuppysPaw","Empty Cage","Enchiridion","Meat on the Bone","Pantograph"],"acts_visited":["Exordium","TheCity"],"potions_floor_usage":[30],"damage_taken":[{"damage":0.0,"enemies":"Cultist","floor":1.0,"turns":2.0},{"damage":0.0,"enemies":"Jaw Worm","floor":5.0,"turns":4.0},{"damage":0.0,"enemies":"Small Slimes","floor":7.0,"turns":1.0},{"damage":12.0,"enemies":"Lagavulin","floor":8.0,"turns":5.0},{"damage":4,"enemies":"The Guardian","floor":16,"turns":13},{"damage":25,"enemies":"Shell Parasite","floor":18,"turns":6},{"damage":0,"enemies":"3 Byrds","floor":22,"turns":1},{"damage":6,"enemies":"Cultist and Chosen","floor":27,"turns":7},{"damage":26,"enemies":"Snake Plant","floor":28,"turns":4},{"damage":65,"enemies":"Book of Stabbing","floor":30,"turns":7}],"seed_played":"-6930695876375287491","potions_obtained":[{"floor":1.0,"key":"GamblersBrew"},{"floor":28,"key":"SpeedPotion"}],"is_trial":false,"path_per_floor":["M","?","?","$","M","R","M","E","T","R","$","R","$","T","R","B",null,"M","?","$","$","M","R","?","T","T","M","M","R","E"],"character_chosen":"DOCTOR_CLASS","items_purchased":["ats:Neurotoxin"],"campfire_rested":1,"item_purchase_floors":[4],"current_hp_per_floor":[64,64,49,49,49,49,49,43,43,43,43,43,43,43,43,56,56,50,50,50,50,50,50,29,29,29,46,25,38,0,0],"gold":159,"neow_bonus":"","is_daily":false,"chose_seed":false,"campfire_upgraded":5,"win_rate":0.0,"timestamp":1611720627,"path_taken":["M","?","?","?","M","R","M","E","T","R","$","R","$","?","R","BOSS","M","?","?","$","M","R","?","?","T","?","M","R","E"],"items_purchased_type":["Card"],"build_version":"2020-12-22","purchased_purges":2,"victory":false,"max_hp_per_floor":[68,68,68,68,65,65,62,59,59,59,59,59,59,59,59,56,56,53,53,53,53,50,50,50,50,50,47,44,44,41,41],"card_choices":[{"not_picked":[],"picked":"BloodyBrimstone","floor":0.0},{"not_picked":["ats:Blood Oath","ats:Assault Order"],"picked":"ats:Shell Defense","floor":1.0},{"not_picked":["ats:Charging Defense","ats:Spore Proliferation","ats:Roar Of Ursus"],"picked":"SKIP","floor":5.0},{"not_picked":["ats:Powerful Strike","ats:Mental Burst","ats:Demon Strength"],"picked":"SKIP","floor":7.0},{"not_picked":["ats:Powerful Strike","ats:Mental Burst","ats:Demon Strength"],"picked":"SKIP","floor":7.0},{"not_picked":["ats:Closed Bolt Burst Fire","ats:Flexible Camouflage","ats:Cat Scratch"],"picked":"SKIP","floor":8.0},{"not_picked":["ats:Mental Burst","ats:Ignite","ats:Shell Defense"],"picked":"SKIP","floor":18},{"not_picked":["ats:Encircling Forest","ats:Blood Oath+1","ats:Hammer On"],"picked":"SKIP","floor":22},{"not_picked":["ats:Absolute Focus","ats:Sunburst","ats:Guard Mode"],"picked":"SKIP","floor":27},{"not_picked":["ats:Sunburst+1","ats:Powerful Strike","ats:Magnetic Hammer+1"],"picked":"SKIP","floor":28}],"player_experience":716048,"relics_obtained":[{"floor":8.0,"key":"ats:Originium"},{"floor":8.0,"key":"BloodDonationMachine"},{"floor":9.0,"key":"ats:Lavender"},{"floor":14.0,"key":"GuppysPaw"},{"floor":24,"key":"Enchiridion"},{"floor":25,"key":"Meat on the Bone"},{"floor":26,"key":"Pantograph"}],"event_choices":[{"damage_healed":0.0,"max_hp_gain":0.0,"max_hp_loss":0.0,"gold_gain":0.0,"event_name":"The Cleric","player_choice":"Leave","floor":2.0,"gold_loss":0.0,"damage_taken":0.0},{"cards_removed":["ats:Strike C"],"damage_healed":0,"gold_gain":0,"player_choice":"Elegance","damage_taken":0,"max_hp_gain":0,"max_hp_loss":0,"event_name":"Back to Basics","floor":19,"gold_loss":0},{"damage_healed":0,"gold_gain":0,"player_choice":"Obtained Book","damage_taken":21,"max_hp_gain":0,"max_hp_loss":0,"event_name":"Cursed Tome","floor":24,"gold_loss":0}],"is_beta":false,"boss_relics":[{"not_picked":["Coffee Dripper","Snecko Eye"],"picked":"Empty Cage"},{"not_picked":[]}],"items_purged_floors":[0,13],"is_endless":false,"potions_floor_spawned":[1,28],"killed_by":"Book of Stabbing","ascension_level":17}}