{"host":"3uci9gpt6cwo3y1o","time":1611732992,"event":{"mods":["Aspiration","BaseMod","Energized Spire","Minty Spire (QoL Compilation)","MostiFishMod","Relic Filter Mod","Replay The Spire","StSLib","TestMod","¡¾ÒÅÎï¿¨ÅÆ¡¿REMEMod"],"gold_per_floor":[112,162,176,194,211,242,258,258,284,295,295,334,334,373,373,392,392],"floor_reached":16,"language":"ZHS","playtime":717,"items_purged":[],"score":294,"play_id":"e7afe0d5-4fe1-4f13-a861-ec09c4d8439e","local_time":"20210127153632","is_ascension_mode":true,"campfire_choices":[{"data":"Berserk","floor":8,"key":"SMITH"},{"data":"Neutralize","floor":11,"key":"SMITH"},{"floor":15,"key":"RECALL"}],"circlet_count":0,"master_deck":["AscendersBane","Strike_G","Strike_G","Strike_G","Strike_G","Strike_G","Defend_G","Defend_G","Defend_G","Defend_G","Defend_G","Survivor","Neutralize+1","Dagger Spray","Escape Plan","Backflip","Escape Plan","Escape Plan"],"relics":["Ring of the Snake","DaveBox","testmod-TestBox","REME_ComplimentaryCards","CombinedTypeHook","testmod-InjuryResistance","aspiration:Nostalgia","Burning Blood","SynthV:TestCard","testmod-Acrobat","Smiling Mask","Pet Ghost","Boot"],"acts_visited":["Exordium"],"potions_floor_usage":[3,16],"damage_taken":[{"damage":0,"enemies":"2 Louse","floor":1,"turns":2},{"damage":1,"enemies":"Cultist","floor":3,"turns":3},{"damage":0,"enemies":"Jaw Worm","floor":4,"turns":3},{"damage":0,"enemies":"Gremlin Gang","floor":5,"turns":2},{"damage":17,"enemies":"Replay:BlueRogue","floor":6,"turns":5},{"damage":0,"enemies":"Looter","floor":7,"turns":2},{"damage":0,"enemies":"2 Fungi Beasts","floor":10,"turns":2},{"damage":2,"enemies":"Gremlin Nob","floor":12,"turns":3},{"damage":0,"enemies":"Replay:BlueRogue","floor":14,"turns":3},{"damage":34,"enemies":"Fading Forest","floor":16,"turns":10}],"seed_played":"-8534365807155858125","potions_obtained":[{"floor":3,"key":"REME_GoldPotion"},{"floor":4,"key":"AttackPotion"},{"floor":7,"key":"Elixir"}],"is_trial":false,"path_per_floor":["M","?","M","M","M","E","M","R","T","M","R","E","?","E","R","B"],"character_chosen":"THE_SILENT","items_purchased":[],"campfire_rested":0,"item_purchase_floors":[],"current_hp_per_floor":[65,65,66,66,66,55,61,61,61,66,66,66,76,76,76,42,42],"gold":392,"neow_bonus":"NOSTALGIA","is_daily":false,"chose_seed":false,"campfire_upgraded":2,"win_rate":0.0,"timestamp":1611732992,"path_taken":["M","?","M","?","M","E","M","R","T","M","R","E","?","E","R","BOSS"],"items_purchased_type":[],"build_version":"2020-12-22","purchased_purges":0,"victory":false,"max_hp_per_floor":[66,66,66,66,66,66,66,66,66,66,66,66,76,76,76,76,76],"card_choices":[{"not_picked":["PiercingWail","Poisoned Stab"],"picked":"Dagger Spray","floor":1},{"not_picked":["Dagger Spray","Blade Dance","Deflect","Outmaneuver"],"picked":"Escape Plan","floor":3},{"not_picked":["REME_ShadowStrike","MostiFishMod:PerfectParry","Reflex","Leg Sweep"],"picked":"Backflip","floor":4},{"not_picked":["Quick Slash","Dagger Throw","PiercingWail","Sneak Up","Masterful Stab"],"picked":"SKIP","floor":5},{"not_picked":["Infinite Blades","MostiFishMod:PerfectParry","MostiFishMod:InvigoratingSolution","Replay:Poison Smokescreen","Accuracy"],"picked":"SKIP","floor":6},{"not_picked":["MostiFishMod:PerfectParry","Cloak And Dagger","Eviscerate","REME_LeechingPoison","Deadly Poison"],"picked":"SKIP","floor":7},{"not_picked":["Backflip","Dodge and Roll","ReplayTheSpireMod:Speed Training","PiercingWail","ReplayTheSpireMod:Shiv Toss"],"picked":"SKIP","floor":10},{"not_picked":["ReplayTheSpireMod:Tripwire","Bane","Dagger Spray","Acrobatics"],"picked":"Escape Plan","floor":12},{"not_picked":["Dagger Spray","MostiFishMod:PerfectParry","MostiFishMod:PoisonShield","Quick Slash"],"picked":"Escape Plan","floor":14}],"player_experience":878905,"relics_obtained":[{"floor":1,"key":"SynthV:TestCard"},{"floor":6,"key":"testmod-Acrobat"},{"floor":9,"key":"Smiling Mask"},{"floor":12,"key":"Pet Ghost"},{"floor":14,"key":"Boot"}],"event_choices":[{"damage_healed":0,"gold_gain":50,"player_choice":"Pray","damage_taken":0,"max_hp_gain":0,"max_hp_loss":0,"event_name":"Golden Shrine","floor":2,"gold_loss":0},{"cards_removed":["Berserk"],"damage_healed":0,"gold_gain":0,"player_choice":"Offered Rare","damage_taken":0,"max_hp_gain":10,"max_hp_loss":0,"event_name":"Bonfire Elementals","floor":13,"gold_loss":0}],"is_beta":false,"boss_relics":[],"items_purged_floors":[],"is_endless":false,"potions_floor_spawned":[3,4,7],"killed_by":"Fading Forest","ascension_level":20}}