{"host":"ojezjkpqju62j8xy","time":1611751063,"event":{"mods":["ATMod(°¢èªMod)","Act Like it!","Aspiration","BaseMod","Conspire","Minty Spire (QoL Compilation)","Pale of the Ancients","Replay The Spire","Spicy Shops","StSLib","[GremlinLeader]The Maniac","¡¾ÒÅÎï¿¨ÅÆ¡¿REMEMod"],"gold_per_floor":[116,141,141,157,157,188,188,188,188],"floor_reached":8,"language":"ZHS","playtime":285,"items_purged":[],"score":84,"play_id":"888ebc41-8f03-4547-a351-5a4de3293107","local_time":"20210127203743","is_ascension_mode":true,"campfire_choices":[{"floor":7,"key":"REST"}],"circlet_count":0,"master_deck":["AscendersBane","Strike_B","Strike_B","Strike_B","Defend_B","Defend_B","Defend_B","Defend_B","Zap","AT_DrawKnifeCut","REME_BodyOfCthun","Thunder Strike","Conserve Battery","Redo","Echo Form+1","Pot Of Greed","Pot Of Greed","Panic Button"],"relics":["Cracked Core","AT_ATBox","REME_ComplimentaryCards","Grinning Jar"],"acts_visited":["Exordium"],"potions_floor_usage":[6],"damage_taken":[{"damage":0,"enemies":"Cultist","floor":1,"turns":3},{"damage":12,"enemies":"Jaw Worm","floor":4,"turns":3},{"damage":38,"enemies":"3 Sentries","floor":6,"turns":7},{"damage":72,"enemies":"Gremlin Nob","floor":8,"turns":4}],"seed_played":"-6545641876361123484","potions_obtained":[{"floor":1,"key":"Energy Potion"},{"floor":6,"key":"LifebloodPotion"}],"is_trial":false,"path_per_floor":["M","T","?","M","?","E","R","E"],"character_chosen":"DEFECT","items_purchased":[],"campfire_rested":1,"item_purchase_floors":[],"current_hp_per_floor":[68,68,68,56,56,18,40,0,0],"gold":188,"neow_bonus":"ONE_RANDOM_RARE_CARD","is_daily":false,"chose_seed":false,"campfire_upgraded":0,"win_rate":0.0,"timestamp":1611751063,"path_taken":["M","?","?","?","?","E","R","E"],"items_purchased_type":[],"build_version":"2020-12-22","purchased_purges":0,"victory":false,"max_hp_per_floor":[75,75,75,75,75,75,75,75,75],"card_choices":[{"not_picked":["BasicCrystalCard","AT_WarpDrive"],"picked":"Conserve Battery","floor":1},{"not_picked":["REME_DataAnalysis","ReplayGash"],"picked":"Redo","floor":4},{"not_picked":["AT_WarpDrive","Streamline"],"picked":"Panic Button","floor":6}],"player_experience":1394613,"relics_obtained":[{"floor":6,"key":"Grinning Jar"}],"event_choices":[{"cards_removed":["Strike_B"],"damage_healed":0,"gold_gain":0,"player_choice":"Offered Basic","damage_taken":0,"max_hp_gain":0,"max_hp_loss":0,"event_name":"Bonfire Elementals","floor":3,"gold_loss":0}],"is_beta":false,"boss_relics":[],"items_purged_floors":[],"is_endless":false,"potions_floor_spawned":[1,6],"killed_by":"Gremlin Nob","ascension_level":11}}