{"host":"bxd97rc2ofc6op20","time":1611721383,"event":{"mods":["BaseMod","Colored Map","Colored Powertips","Googly Eyes","Highlight Path","Minty Spire (QoL Compilation)","Quick Restart","Rare Cards Sparkle"],"gold_per_floor":[17,31,31,44,55,85,85,114,164,181,181,195,228,241,241,345,345,355,19,19,31,41,41,69,85,85,113,113,123,155,173,173,269,269,289,289,309,320,92,92,92],"floor_reached":40,"language":"ENG","playtime":6163,"items_purged":["Defend_P"],"score":715,"play_id":"7277a42d-cdd0-4da3-8463-b0fc35cf2592","local_time":"20210126202303","is_ascension_mode":true,"campfire_choices":[{"data":"Eruption","floor":7.0,"key":"SMITH"},{"data":"Blasphemy","floor":11.0,"key":"SMITH"},{"data":"TalkToTheHand","floor":15.0,"key":"SMITH"},{"data":"Wallop","floor":23.0,"key":"SMITH"},{"data":"DevaForm","floor":28.0,"key":"SMITH"},{"data":"Protect","floor":32.0,"key":"SMITH"}],"circlet_count":0,"master_deck":["Strike_P","Strike_P","Strike_P","Strike_P","Defend_P","Defend_P","Eruption+1","Vigilance","Collect","CutThroughFate","FearNoEvil","TalkToTheHand+1","Protect+1","Blasphemy+1","Tantrum","ReachHeaven","Wallop+1","DevaForm+1","Protect","ThirdEye","WheelKick","ClearTheMind","Crescendo+1","Weave","Nirvana+1","Wireheading+1","MasterReality","DeceiveReality","FlurryOfBlows+1","LessonLearned"],"relics":["PureWater","CloakClasp","Pen Nib","Singing Bowl","Akabeko","Bronze Scales","Philosopher\u0027s Stone","Yang","HornCleat","Sundial","Ornamental Fan","Regal Pillow","Letter Opener","SacredBark"],"acts_visited":["Exordium","TheCity","TheBeyond"],"potions_floor_usage":[37,40],"damage_taken":[{"damage":0.0,"enemies":"Jaw Worm","floor":1.0,"turns":2.0},{"damage":2.0,"enemies":"Cultist","floor":2.0,"turns":7.0},{"damage":0.0,"enemies":"Small Slimes","floor":4.0,"turns":2.0},{"damage":0.0,"enemies":"3 Louse","floor":5.0,"turns":2.0},{"damage":8.0,"enemies":"Gremlin Nob","floor":6.0,"turns":3.0},{"damage":5.0,"enemies":"Lagavulin","floor":8.0,"turns":7.0},{"damage":0.0,"enemies":"Looter","floor":10.0,"turns":1.0},{"damage":0.0,"enemies":"2 Fungi Beasts","floor":12.0,"turns":2.0},{"damage":0.0,"enemies":"Gremlin Nob","floor":13.0,"turns":2.0},{"damage":0.0,"enemies":"Gremlin Gang","floor":14.0,"turns":2.0},{"damage":0.0,"enemies":"Hexaghost","floor":16.0,"turns":5.0},{"damage":6.0,"enemies":"2 Thieves","floor":18.0,"turns":2.0},{"damage":0.0,"enemies":"Chosen","floor":21.0,"turns":4.0},{"damage":0.0,"enemies":"Snecko","floor":22.0,"turns":3.0},{"damage":4.0,"enemies":"Slavers","floor":24.0,"turns":3.0},{"damage":0.0,"enemies":"Centurion and Healer","floor":25.0,"turns":3.0},{"damage":0.0,"enemies":"Gremlin Leader","floor":27.0,"turns":3.0},{"damage":0.0,"enemies":"Shelled Parasite and Fungi","floor":29.0,"turns":1.0},{"damage":0.0,"enemies":"Book of Stabbing","floor":30.0,"turns":5.0},{"damage":0.0,"enemies":"Cultist and Chosen","floor":31.0,"turns":5.0},{"damage":6.0,"enemies":"Champ","floor":33.0,"turns":7.0},{"damage":0.0,"enemies":"Orb Walker","floor":35.0,"turns":4.0},{"damage":0,"enemies":"3 Darklings","floor":37,"turns":4},{"damage":0,"enemies":"Sphere and 2 Shapes","floor":38,"turns":4},{"damage":100022,"enemies":"Nemesis","floor":40,"turns":6}],"seed_played":"-4251624300361389952","potions_obtained":[{"floor":1.0,"key":"EssenceOfSteel"},{"floor":2.0,"key":"SpeedPotion"},{"floor":8.0,"key":"GamblersBrew"},{"floor":13.0,"key":"Weak Potion"},{"floor":24.0,"key":"EntropicBrew"},{"floor":29.0,"key":"BlessingOfTheForge"},{"floor":33.0,"key":"PowerPotion"},{"floor":37,"key":"SteroidPotion"}],"is_trial":false,"path_per_floor":["M","M","?","M","M","E","R","E","T","M","R","M","E","M","R","B",null,"M","$","T","M","M","R","E","M","T","E","R","M","E","M","R","B",null,"M","?","M","M","$","E"],"character_chosen":"WATCHER","items_purchased":["Yang","ThirdEye","Strength Potion","LessonLearned"],"campfire_rested":0,"item_purchase_floors":[19,19,19,39],"current_hp_per_floor":[72,70,70,70,70,62,62,57,57,57,57,57,57,57,57,57,72,66,66,66,66,66,66,62,62,62,64,64,64,66,66,66,60,76,76,76,78,78,78,0,0],"gold":92,"neow_bonus":"ONE_RARE_RELIC","is_daily":false,"chose_seed":false,"campfire_upgraded":6,"win_rate":0.0,"timestamp":1611721383,"path_taken":["M","M","?","M","M","E","R","E","T","M","R","M","E","M","R","BOSS","M","$","?","M","M","R","E","?","T","E","R","M","E","M","R","BOSS","M","?","M","M","$","E"],"items_purchased_type":["Relic","Card","Potion","Card"],"build_version":"2020-12-22","purchased_purges":1,"victory":false,"max_hp_per_floor":[72,72,72,72,72,72,72,72,72,72,72,72,72,72,72,72,72,72,72,72,72,72,72,72,72,72,74,74,74,76,76,76,76,76,76,76,78,78,78,78,78],"card_choices":[{"not_picked":["Swivel","InnerPeace"],"picked":"Collect","floor":1.0},{"not_picked":["Weave","Collect"],"picked":"CutThroughFate","floor":2.0},{"not_picked":["Prostrate","JustLucky"],"picked":"FlyingSleeves","floor":4.0},{"not_picked":["Prostrate","BowlingBash"],"picked":"FearNoEvil","floor":5.0},{"not_picked":["CrushJoints","PathToVictory"],"picked":"TalkToTheHand","floor":6.0},{"not_picked":["EmptyMind","Consecrate"],"picked":"Protect","floor":8.0},{"not_picked":["ClearTheMind","FearNoEvil"],"picked":"Blasphemy","floor":10.0},{"not_picked":["ReachHeaven","SignatureMove"],"picked":"Tantrum","floor":12.0},{"not_picked":["InnerPeace","Study"],"picked":"ReachHeaven","floor":13.0},{"not_picked":["Indignation","SashWhip"],"picked":"Wallop","floor":14.0},{"not_picked":["DeusExMachina","Ragnarok"],"picked":"DevaForm","floor":16.0},{"not_picked":["CrushJoints+1","FollowUp"],"picked":"Protect","floor":18.0},{"not_picked":["Nirvana","EmptyFist+1"],"picked":"WheelKick","floor":21.0},{"not_picked":["ThirdEye+1","FlurryOfBlows"],"picked":"ClearTheMind","floor":22.0},{"not_picked":["Sanctity","EmptyMind"],"picked":"Crescendo+1","floor":24.0},{"not_picked":["Sanctity","Vault"],"picked":"Weave","floor":25.0},{"not_picked":["InnerPeace+1","Swivel","EmptyFist"],"picked":"Singing Bowl","floor":27.0},{"not_picked":["JustLucky","CrushJoints"],"picked":"Nirvana+1","floor":29.0},{"not_picked":["ThirdEye","Consecrate+1","Worship"],"picked":"Singing Bowl","floor":30.0},{"not_picked":["Crescendo","WheelKick"],"picked":"Wireheading+1","floor":31.0},{"not_picked":["Wish","Blasphemy"],"picked":"MasterReality","floor":33.0},{"not_picked":["ThirdEye+1","Protect"],"picked":"DeceiveReality","floor":35.0},{"not_picked":["FlyingSleeves","PathToVictory+1","BowlingBash+1"],"picked":"Singing Bowl","floor":37},{"not_picked":["Prostrate","BowlingBash"],"picked":"FlurryOfBlows+1","floor":38}],"player_experience":384166,"relics_obtained":[{"floor":6.0,"key":"Pen Nib"},{"floor":8.0,"key":"Singing Bowl"},{"floor":9.0,"key":"Akabeko"},{"floor":13.0,"key":"Bronze Scales"},{"floor":20.0,"key":"HornCleat"},{"floor":24.0,"key":"Sundial"},{"floor":26.0,"key":"Ornamental Fan"},{"floor":27.0,"key":"Regal Pillow"},{"floor":30.0,"key":"Letter Opener"}],"event_choices":[{"cards_removed":["Defend_P"],"damage_healed":0.0,"max_hp_gain":0.0,"max_hp_loss":0.0,"gold_gain":0.0,"event_name":"Purifier","player_choice":"Purged","floor":3.0,"gold_loss":0.0,"damage_taken":0.0},{"cards_removed":["FlyingSleeves"],"damage_healed":0,"gold_gain":0,"player_choice":"Removed Attack","damage_taken":0,"max_hp_gain":0,"max_hp_loss":0,"event_name":"Falling","floor":36,"gold_loss":0}],"is_beta":false,"boss_relics":[{"not_picked":["SlaversCollar","Empty Cage"],"picked":"Philosopher\u0027s Stone"},{"not_picked":["Pandora\u0027s Box","Snecko Eye"],"picked":"SacredBark"}],"items_purged_floors":[39],"is_endless":false,"potions_floor_spawned":[1,2,8,13,24,27,29,33,35,37,38],"killed_by":"Nemesis","ascension_level":3}}