{"host":"ws1rigs6jhqnf67d","time":1611756958,"event":{"mods":["BaseMod","Downfall","Friendly Minions","KinomotoSakuraMod(ƒæ÷Æ±æ”£)","Kiyohime£®«Âºß£©","Lobotomy","LobotomyExtend","Marisa£®ÏF”Í°°ƒß¿Ì…≥£©","Minty Spire (QoL Compilation)","Remilia£®¿Ÿ√◊¿Ú—«£©","StSLib","The Bug Knight","The Senshi","Youmu£®ªÍ∆«—˝√Œ£©","[IsaacMod]“‘»ˆº‚À˛"],"gold_per_floor":[115,125,125,125,142,168,168,183,234,252,265,108,133,144,144,144,144],"floor_reached":16,"language":"ZHS","playtime":645,"items_purged":[],"score":213,"play_id":"d1773b54-70fc-425a-a1a3-36cb9351ab2e","local_time":"20210127221558","is_ascension_mode":true,"campfire_choices":[{"data":"HollowMod:PogoStrike","floor":7,"key":"SMITH"},{"data":"HollowMod:NailStrikeStart","floor":15,"key":"SMITH"}],"circlet_count":0,"master_deck":["HollowMod:NailStrikeStart","HollowMod:NailStrikeStart","HollowMod:NailStrikeStart+1","HollowMod:NailStrikeStart","HollowMod:QuickDashStart","HollowMod:QuickDashStart","HollowMod:QuickDashStart","HollowMod:QuickDashStart","HollowMod:FocusHealStart","HollowMod:PogoStrike+1","HollowMod:CloakDash"],"relics":["HollowMod:VesselMask","HushsDoor","ScarletDevilRocket","BelialBook","LetterFromLob","Frozen Egg 2","Orichalcum","HollowMod:JonisBlessing","HollowMod:IsmasTear"],"acts_visited":["Exordium"],"potions_floor_usage":[11,16,16],"damage_taken":[{"damage":4,"enemies":"Jaw Worm","floor":1,"turns":4},{"damage":1,"enemies":"Cultist","floor":2,"turns":3},{"damage":5,"enemies":"Small Slimes","floor":5,"turns":4},{"damage":0,"enemies":"Gremlin Nob","floor":6,"turns":2},{"damage":18,"enemies":"3 Louse","floor":8,"turns":5},{"damage":2,"enemies":"Looter","floor":10,"turns":3},{"damage":5,"enemies":"Large Slime","floor":11,"turns":8},{"damage":0,"enemies":"Lagavulin","floor":13,"turns":3},{"damage":0,"enemies":"Gremlin Gang","floor":14,"turns":4},{"damage":72,"enemies":"Hexaghost","floor":16,"turns":14}],"seed_played":"-4025123310905636599","potions_obtained":[{"floor":1,"key":"DistilledChaos"},{"floor":5,"key":"DuplicationPotion"},{"floor":14,"key":"Regen Potion"}],"is_trial":false,"path_per_floor":["M","M","?","$","M","E","R","M","T","M","M","$","E","M","R","B"],"character_chosen":"THE_BUGKNIGHT","items_purchased":["HollowMod:JonisBlessing"],"campfire_rested":0,"item_purchase_floors":[12],"current_hp_per_floor":[70,69,69,69,70,75,75,67,67,65,72,72,72,72,72,0,0],"gold":144,"neow_bonus":"RANDOM_COMMON_RELIC","is_daily":false,"chose_seed":false,"campfire_upgraded":2,"win_rate":0.0,"timestamp":1611756958,"path_taken":["M","M","?","$","M","E","R","M","T","M","?","$","E","M","R","BOSS"],"items_purchased_type":["Relic"],"build_version":"2020-12-22","purchased_purges":0,"victory":false,"max_hp_per_floor":[75,75,75,75,75,75,75,75,75,75,75,75,75,75,75,75,75],"card_choices":[{"not_picked":["HollowMod:VengefulVoid","HollowMod:SharpenedShadows"],"picked":"Bomb","floor":1},{"not_picked":["HollowMod:SiblingsSouls","HollowMod:HeavyBlow","HollowMod:Grubsong"],"picked":"SKIP","floor":2},{"not_picked":["HollowMod:HeavyBlow","HollowMod:NewJinnsSoul"],"picked":"Bomb","floor":5},{"not_picked":["HollowMod:SoulEater+1","HollowMod:PureVessel+1","HollowMod:GreatSlash"],"picked":"SKIP","floor":6},{"not_picked":["HollowMod:SoulShaman","HollowMod:DreamGate","HollowMod:ChannelNail"],"picked":"SKIP","floor":8},{"not_picked":["HollowMod:SoulSplash","HollowMod:NewJinnsSoul","HollowMod:HuntersJournal"],"picked":"SKIP","floor":10},{"not_picked":["HollowMod:BrokenVessel+1","HollowMod:InfectedAttack"],"picked":"HollowMod:CloakDash","floor":11},{"not_picked":["HollowMod:HowlingWraiths","HollowMod:PureVessel+1","HollowMod:CycloneSlash"],"picked":"SKIP","floor":13},{"not_picked":["HollowMod:HeavyBlow","HollowMod:VengefulSpirit","HollowMod:DescendingDark"],"picked":"SKIP","floor":14}],"player_experience":952304,"relics_obtained":[{"floor":1,"key":"LetterFromLob"},{"floor":6,"key":"Frozen Egg 2"},{"floor":9,"key":"Orichalcum"},{"floor":13,"key":"HollowMod:IsmasTear"}],"event_choices":[{"damage_healed":0,"gold_gain":0,"player_choice":"Bought 0 Potions","damage_taken":0,"max_hp_gain":0,"max_hp_loss":0,"event_name":"The Woman in Blue","floor":3,"gold_loss":0}],"is_beta":false,"boss_relics":[],"items_purged_floors":[],"is_endless":false,"potions_floor_spawned":[1,5,14],"killed_by":"Hexaghost","ascension_level":6}}