{"host":"dwyzfvnzfcqffr30","time":1611771700,"event":{"mods":["2.2 Compatiblity","Act Like it!","Aspiration","BaseMod","Beaked The Cultist","Better Altar","Better Match","Better Note","Better Sensory Stone","Better Skull","Better Third Choice","Clockwork Mod","Colored Map","Colored Powertips","Conspire","Elementarium","GifTheSpireLib","Halation","Hermit","Hubris","Infinite Spire","Ironclad Rager","Jedi Mod","Menagerie","Mimic Mod","Minty Spire (QoL Compilation)","Permanent Neow","Random Character Button","Reliquary","Replay The Spire","Spicy Shops","Spikes Relics","StSLib","Stuff the Spire","The Construct","The Disciple","The Druid","The Marked","TheFirefly","Trackpad","Wandering Minibosses"],"gold_per_floor":[120,120,147,46,68,98,98,11,11,24,24,24,59,59,59,88,88,202,202,239,239,239,282,282,337,385,267,267,322,370,435,435,499,499,640,640,715,715,531,151,177,234,1273,1405,1454,1087,1199,1199,1199,1305,1305,1320,1320,1320,1633,1782,1797],"floor_reached":58,"language":"ENG","playtime":4365,"items_purged":["Normality","hermit:Strike_Hermit+1","hermit:Strike_Hermit+1","hermit:Combo+1","hermit:Strike_Hermit+1","hermit:Strike_Hermit+1"],"score":2101,"play_id":"b9f15be3-8568-4c12-b648-347c97265869","local_time":"20210127102140","is_ascension_mode":true,"campfire_choices":[{"floor":7,"key":"RECALL"},{"data":"hermit:Dive+1","floor":15,"key":"SMITH"},{"data":"hermit:Scavenge+1","floor":17,"key":"SMITH"},{"floor":32,"key":"REST"},{"data":"hermit:Scavenge+2","floor":34,"key":"SMITH"},{"floor":48,"key":"REST"},{"floor":51,"key":"REST"},{"data":"hermit:BigShot+1","floor":54,"key":"SMITH"}],"circlet_count":0,"master_deck":["hermit:Defend_Hermit+1","hermit:Defend_Hermit+1","hermit:Defend_Hermit+1","hermit:Defend_Hermit+1","hermit:Snapshot+1","hermit:Covet+1","hermit:EyeOfTheStorm+1","MasterReality+1","Apotheosis+1","hubris:EnhanceAbility+1","hermit:Enervate+1","hermit:TakeAim+1","hermit:HeroicBravado+1","hermit:Dive+2","hermit:Headshot+1","hermit:Scavenge+3","hermit:BlackWind+1","infinitespire:NeuralNetwork+1","hermit:BigShot+2","AbeCurse","AscendersBane","hermit:Snipe+1","ReplayTheSpireMod:Brewmster+1","hermit:CalledShot+1","hermit:BigShot+1","Apotheosis+1","hermit:Snipe+1","hermit:Headshot+1","hermit:Ricochet+1","hermit:BigShot+1"],"relics":["hermit:Momento","halation:Prosthetics","Toxic Egg 2","Molten Egg 2","Frozen Egg 2","Quantum Egg","SacredBark","infinitespire:EvilPickle","conspire:InfiniteJournal","Bottled Tornado","hubris:Towel","Membership Card","reliquary:TridentHead","StuffTheSpire:Expresso","StuffTheSpire:Nightcore","hermit:Horseshoe","conspire:GiftBox","Blood Vial","White Beast Statue","Ring of Chaos","Chemical X","trackpad:DisasterInABottle","conspire:TopHat","Elementarium:HuntersSling","trackpad:HandOfMidas","halation:LettersToHer","hubris:TenFootPole","Elementarium:ElementariumTrophy","Abe\u0027s Treasure","BargainBundle","trackpad:RapidFire","jedi:cryingmask","reliquary:SilkGlove","trackpad:AdjectivePendant","Matryoshka","jedi:matchstick","infinitespire:Lucky Rock","reliquary:RosewoodLute","hubris:DisguiseKit","hubris:CuriousFeather","ReplayTheSpireMod:Shallot","Replay:Rubber Ducky","hubris:NiceRug","trackpad:Mousetrap","Quantum Egg","StrikeDummy","StuffTheSpire:Experiment12"],"acts_visited":["Menagerie:Menagerie","Elementarium:Elementarium","TheBeyond","TheEnding"],"potions_floor_usage":[6,16,18,26,29,30,33,33,35,42,42,43,44,44,44,47,52,52,56,56,56,56,56,57,57,57,57],"damage_taken":[{"damage":0,"enemies":"Menagerie:WhisperingWraith","floor":1,"turns":3},{"damage":0,"enemies":"Menagerie:MonstrousExperiment","floor":3,"turns":2},{"damage":0,"enemies":"Menagerie:StygianBoar","floor":5,"turns":3},{"damage":0,"enemies":"Menagerie:Hydra","floor":6,"turns":2},{"damage":1,"enemies":"Menagerie:MENAGERIE_WILDLIFE","floor":10,"turns":2},{"damage":1,"enemies":"Menagerie:MaskedSummoner","floor":13,"turns":10},{"damage":0,"enemies":"Menagerie:Hydra","floor":16,"turns":2},{"damage":0,"enemies":"Menagerie:Suneater","floor":18,"turns":6},{"damage":1,"enemies":"Elementarium:VoidCorruption","floor":20,"turns":4},{"damage":0,"enemies":"Elementarium:Cyclone","floor":23,"turns":6},{"damage":3,"enemies":"Elementarium:WarGolem","floor":25,"turns":5},{"damage":7,"enemies":"Elementarium:STONE_GOLEMS","floor":26,"turns":6},{"damage":13,"enemies":"Elementarium:FIRE_NOBILITY","floor":29,"turns":7},{"damage":0,"enemies":"Elementarium:3_ELEMENTALS","floor":30,"turns":7},{"damage":0,"enemies":"Elementarium:WarGolem","floor":31,"turns":4},{"damage":0,"enemies":"Elementarium:ElementalPortal","floor":33,"turns":6},{"damage":15,"enemies":"Elementarium:PHOENIXES","floor":35,"turns":9},{"damage":16,"enemies":"Orb Walker","floor":37,"turns":4},{"damage":2,"enemies":"3 Darklings","floor":41,"turns":3},{"damage":20,"enemies":"beaked:SuperParasite","floor":42,"turns":5},{"damage":12,"enemies":"Transient","floor":43,"turns":2},{"damage":13,"enemies":"Giant Head","floor":44,"turns":5},{"damage":1,"enemies":"R_Hoarder","floor":47,"turns":4},{"damage":0,"enemies":"Writhing Mass","floor":50,"turns":4},{"damage":0,"enemies":"infinitespire:MassOfShapes","floor":52,"turns":5},{"damage":0,"enemies":"hubris:Merchant","floor":55,"turns":4},{"damage":0,"enemies":"Shield and Spear","floor":56,"turns":4},{"damage":4,"enemies":"The Heart","floor":57,"turns":7}],"seed_played":"-6683989230513428617","potions_obtained":[{"floor":5,"key":"infinitespire:BlackPotion"},{"floor":10,"key":"Strength Potion"},{"floor":13,"key":"jedi:StrikingPotion"},{"floor":20,"key":"Strength Potion"},{"floor":23,"key":"Weak Potion"},{"floor":26,"key":"SpeedPotion"},{"floor":29,"key":"SkillPotion"},{"floor":30,"key":"Block Potion"},{"floor":33,"key":"hermit:Tonic"},{"floor":35,"key":"BlessingOfTheForge"},{"floor":37,"key":"FearPotion"},{"floor":42,"key":"jedi:tentaclejuice"},{"floor":43,"key":"BlessingOfTheForge"},{"floor":44,"key":"Flashbang"},{"floor":56,"key":"hermit:Eclipse"}],"is_trial":false,"path_per_floor":["M","?","M","$","M","E","R","$","T","M","PTL","PTL","E","?","R","E","R","B",null,"M","?","AVR","M","?","E","M","?","T","E","M","E","R","E","R","B",null,"M","?","$","$","M","E","M","E","T","$","E","R","?","M","R","B",null,"R","$","E","B",null],"character_chosen":"HERMIT","items_purchased":["Membership Card","reliquary:TridentHead","hubris:EnhanceAbility+1","StuffTheSpire:Expresso","StuffTheSpire:Nightcore","hermit:TakeAim+1","BargainBundle","trackpad:RapidFire","jedi:cryingmask","reliquary:SilkGlove","ReplayTheSpireMod:Brewmster+1","hermit:CalledShot+1","trackpad:AdjectivePendant","hermit:BigShot+1","Apotheosis+1","Matryoshka","hermit:Snipe+1","hermit:Headshot+1","hubris:CuriousFeather","hermit:BigShot+1","ReplayTheSpireMod:Shallot","PowerPotion"],"campfire_rested":3,"item_purchase_floors":[4,4,4,4,4,8,39,39,39,39,39,39,39,40,40,40,40,40,46,46,46,46],"current_hp_per_floor":[40,40,40,40,40,40,40,40,40,39,39,39,38,40,40,40,40,40,40,39,39,39,40,40,37,32,32,32,21,23,25,37,39,39,25,36,22,22,22,22,22,4,24,13,13,13,14,26,26,28,40,40,40,40,40,40,36],"gold":1797,"neow_bonus":"THREE_CARDS","is_daily":false,"chose_seed":false,"campfire_upgraded":4,"win_rate":0.0,"timestamp":1611771700,"path_taken":["M","?","M","$","?","E","R","?","T","M","PTL","PTL","E","?","R","E","R","BOSS","M","?","AVR","M","?","E","?","?","T","E","M","E","R","E","R","BOSS","M","?","?","$","M","E","M","E","T","$","E","R","?","M","R","BOSS","R","$","E","BOSS"],"items_purchased_type":["Relic","Relic","Card","Relic","Relic","Card","Relic","Relic","Relic","Relic","Card","Card","Relic","Card","Card","Relic","Card","Card","Relic","Card","Relic","Potion"],"build_version":"2020-12-22","purchased_purges":6,"victory":true,"max_hp_per_floor":[40,40,40,40,40,40,40,40,40,40,40,40,40,40,40,40,40,40,40,40,40,40,40,40,40,40,40,40,40,40,40,40,40,40,40,40,40,40,40,40,40,40,40,40,40,40,40,40,40,40,40,40,40,40,40,40,40],"card_choices":[{"not_picked":["hermit:HighCaliber","hermit:GoldenBullet"],"picked":"hermit:EyeOfTheStorm","floor":0},{"not_picked":["hermit:CalledShot+1","hermit:HoleUp+1","hermit:BodyArmor+1"],"picked":"SKIP","floor":1},{"not_picked":["hermit:BodyArmor+1","hermit:ShadowCloak+1","hermit:CalledShot+1"],"picked":"SKIP","floor":3},{"not_picked":["hermit:LowProfile+1","hermit:HoleUp+1","hermit:CalledShot+1"],"picked":"SKIP","floor":5},{"not_picked":["hermit:Feint+1","hermit:GhostlyPresence+1"],"picked":"hermit:Enervate+1","floor":6},{"not_picked":["hermit:EternalForm+1","hermit:Reprieve+1"],"picked":"hermit:HeroicBravado+1","floor":9},{"not_picked":["hermit:EternalForm+1","hermit:Misfire+1"],"picked":"hermit:Dive+1","floor":10},{"not_picked":["hermit:WideOpen+1","hermit:NoHoldsBarred+1"],"picked":"hermit:Headshot+1","floor":13},{"not_picked":["hermit:Ricochet+1","hermit:Manifest+1"],"picked":"hermit:Scavenge+1","floor":16},{"not_picked":["hermit:FromBeyond+1","hermit:Purgatory+1"],"picked":"hermit:BlackWind+1","floor":18},{"not_picked":["hermit:Cheat+1","hermit:Horror+1"],"picked":"hermit:Combo+1","floor":20},{"not_picked":["hermit:Roulette+1","hermit:HeroicBravado+1","hermit:Coalescence+1"],"picked":"SKIP","floor":23},{"not_picked":["hermit:ShadowCloak+1","hermit:BodyArmor+1","hermit:SprayPray+1"],"picked":"SKIP","floor":25},{"not_picked":["hermit:FatalDesire+1","hermit:HighCaliber+1"],"picked":"hermit:BigShot+1","floor":26},{"not_picked":["hermit:Misfire+1","hermit:HighNoon+1","hermit:Deadeye+1"],"picked":"SKIP","floor":29},{"not_picked":["hermit:Vantage+1","hermit:CursedWeapon+1","hermit:HoleUp+1"],"picked":"SKIP","floor":30},{"not_picked":["hermit:BlackWind+1","hermit:Roulette+1","hermit:Shortfuse+1"],"picked":"SKIP","floor":31},{"not_picked":["hermit:Misfire+1","hermit:HeroicBravado+1","hermit:Maintenance+1"],"picked":"SKIP","floor":33},{"not_picked":["hermit:Determination+1","hermit:LoneWolf+1","hermit:BodyArmor+1"],"picked":"SKIP","floor":37},{"not_picked":["hermit:Snipe+1","hermit:Determination+1","hermit:Manifest+1"],"picked":"SKIP","floor":41},{"not_picked":["hermit:SprayPray+1","hermit:Desperado+1"],"picked":"hermit:Ricochet+1","floor":42},{"not_picked":["hermit:Vantage+1","hermit:HighCaliber+1","hermit:Determination+1"],"picked":"SKIP","floor":43},{"not_picked":["hermit:EyeOfTheStorm+1","hermit:TrackingShot+1","hermit:Vantage+1"],"picked":"SKIP","floor":44},{"not_picked":["hermit:ShadowCloak+1","hermit:CalledShot+1","hermit:SprayPray+1","theDruid:BlessedStrike"],"picked":"SKIP","floor":47},{"not_picked":["hermit:Vantage+1","hermit:BodyArmor+1","hermit:Misfire+1","theDruid:Starburst"],"picked":"SKIP","floor":50},{"not_picked":["hermit:ItchyTrigger+1"],"picked":"SKIP","floor":55},{"not_picked":["hermit:Misfire+1"],"picked":"SKIP","floor":55},{"not_picked":["hermit:LoneWolf+1"],"picked":"SKIP","floor":55},{"not_picked":["hermit:Feint+1"],"picked":"SKIP","floor":55},{"not_picked":["hermit:TakeAim+1"],"picked":"SKIP","floor":55},{"not_picked":["Replay:Bootleg Shield Generator+1"],"picked":"SKIP","floor":55},{"not_picked":["Master of Strategy+1"],"picked":"SKIP","floor":55},{"not_picked":["hermit:Manifest+1","hermit:Desperado+1","hermit:Grudge+1","theDruid:Slingshot"],"picked":"SKIP","floor":56}],"player_experience":2265907,"relics_obtained":[{"floor":6,"key":"hermit:Horseshoe"},{"floor":9,"key":"conspire:GiftBox"},{"floor":13,"key":"Blood Vial"},{"floor":16,"key":"White Beast Statue"},{"floor":25,"key":"conspire:TopHat"},{"floor":29,"key":"trackpad:HandOfMidas"},{"floor":31,"key":"halation:LettersToHer"},{"floor":33,"key":"hubris:TenFootPole"},{"floor":42,"key":"jedi:matchstick"},{"floor":44,"key":"infinitespire:Lucky Rock"},{"floor":45,"key":"halation:LettersToHer"},{"floor":45,"key":"reliquary:RosewoodLute"},{"floor":45,"key":"hubris:DisguiseKit"},{"floor":47,"key":"Replay:Rubber Ducky"},{"floor":55,"key":"trackpad:Mousetrap"},{"floor":55,"key":"Quantum Egg"},{"floor":55,"key":"StrikeDummy"},{"floor":56,"key":"StuffTheSpire:Experiment12"}],"event_choices":[{"damage_healed":0,"gold_gain":0,"player_choice":"Simplicity","damage_taken":0,"max_hp_gain":0,"max_hp_loss":8,"event_name":"betterThird:BetterWriting","floor":0,"gold_loss":0},{"damage_healed":0,"gold_gain":0,"player_choice":"Open","damage_taken":0,"relics_obtained":["trackpad:DisasterInABottle"],"max_hp_gain":0,"max_hp_loss":0,"event_name":"Elementarium:TarCoveredCasket","floor":24,"gold_loss":0,"cards_obtained":["Elementarium:StickyTar"]},{"damage_healed":0,"gold_gain":0,"player_choice":"Sling","damage_taken":0,"relics_obtained":["Elementarium:HuntersSling"],"max_hp_gain":0,"max_hp_loss":0,"event_name":"Elementarium:BigGameHunter","floor":27,"gold_loss":118},{"damage_healed":0,"gold_gain":3,"player_choice":"3","damage_taken":0,"max_hp_gain":0,"max_hp_loss":0,"event_name":"betterStone:BetterStone","floor":38,"gold_loss":0,"cards_obtained":["hermit:Snipe"]},{"damage_healed":0,"gold_gain":0,"player_choice":"Ignored","damage_taken":0,"max_hp_gain":0,"max_hp_loss":0,"event_name":"Mysterious Sphere","floor":49,"gold_loss":0}],"is_beta":false,"boss_relics":[{"not_picked":["aspiration:WatcherSkillbook","Velvet Choker"],"picked":"Ring of Chaos"},{"not_picked":["halation:HeavySnake","Cursed Key"],"picked":"Abe\u0027s Treasure"}],"items_purged_floors":[4,8,22,39,39,40],"is_endless":false,"potions_floor_spawned":[5,10,13,18,20,23,25,26,29,30,31,33,35,37,41,42,43,44,47,50,55,56],"ascension_level":8}}