{"host":"vyjryxuuuxkt43k4","time":1611758731,"event":{"mods":["AchievementEnabler","BaseMod","Colored Map","DeckTracker","Keyboard Shortcuts","Minty Spire (QoL Compilation)","Permanent Neow","Quick Restart","Rare Cards Sparkle","StSLib","SuperFastMode","everything is the same but u backflip on backflip"],"gold_per_floor":[365,383,393,444,31,63,78,92,92,112,112,112,143,18,18,97,97,115,77,91,111,111,111],"floor_reached":22,"language":"KOR","playtime":707,"items_purged":["Strike_R"],"score":396,"play_id":"d15c9a8e-1742-439e-9614-86939c1c873e","local_time":"20210127234531","is_ascension_mode":true,"campfire_choices":[{"floor":11.0,"key":"REST"},{"data":"Perfected Strike","floor":15.0,"key":"SMITH"}],"circlet_count":0,"master_deck":["AscendersBane","Strike_R","Strike_R","Defend_R","Defend_R","Defend_R","Defend_R","Perfected Strike+1","Wild Strike","Whirlwind","Trip","Pommel Strike","Disarm","Flame Barrier","Evolve","Dark Embrace","Second Wind","Immolate","Combust+1","Barricade+1","Inflame+1","Spot Weakness","Reckless Charge+1"],"relics":["Burning Blood","Membership Card","Turnip","Unceasing Top","Lizard Tail","Pantograph","Charon\u0027s Ashes","Astrolabe"],"acts_visited":["Exordium","TheCity"],"potions_floor_usage":[21,21],"damage_taken":[{"damage":29.0,"enemies":"Jaw Worm","floor":1.0,"turns":6.0},{"damage":12.0,"enemies":"2 Louse","floor":2.0,"turns":3.0},{"damage":0.0,"enemies":"Cultist","floor":3.0,"turns":2.0},{"damage":10.0,"enemies":"Lagavulin","floor":6.0,"turns":3.0},{"damage":18.0,"enemies":"Red Slaver","floor":7.0,"turns":3.0},{"damage":0.0,"enemies":"Lots of Slimes","floor":8.0,"turns":1.0},{"damage":13.0,"enemies":"Large Slime","floor":10.0,"turns":4.0},{"damage":8.0,"enemies":"Gremlin Nob","floor":13.0,"turns":3.0},{"damage":39.0,"enemies":"The Guardian","floor":16.0,"turns":10.0},{"damage":26.0,"enemies":"2 Thieves","floor":18.0,"turns":3.0},{"damage":46,"enemies":"Shell Parasite","floor":20,"turns":6},{"damage":34,"enemies":"Snecko","floor":21,"turns":6},{"damage":16,"enemies":"Chosen and Byrds","floor":22,"turns":2}],"seed_played":"-4000841769193825858","potions_obtained":[{"floor":3.0,"key":"LiquidMemories"},{"floor":7.0,"key":"DistilledChaos"},{"floor":10.0,"key":"Block Potion"},{"floor":13.0,"key":"Fire Potion"},{"floor":16.0,"key":"Energy Potion"},{"floor":20,"key":"Fire Potion"}],"is_trial":false,"path_per_floor":["M","M","M","?","$","E","M","M","T","M","R","?","E","$","R","B",null,"M","$","M","M","M"],"character_chosen":"IRONCLAD","items_purchased":["Membership Card","Turnip","Trip","Energy Potion","Dark Embrace","Second Wind","DistilledChaos"],"campfire_rested":1,"item_purchase_floors":[5,5,5,5,14,14,14],"current_hp_per_floor":[45,39,45,45,45,41,29,35,35,28,48,48,46,46,46,35,60,40,40,39,11,0,0],"gold":111,"neow_bonus":"TWO_FIFTY_GOLD","is_daily":false,"chose_seed":false,"campfire_upgraded":1,"win_rate":0.0,"timestamp":1611758731,"path_taken":["M","M","M","?","$","E","M","M","T","M","R","?","E","$","R","BOSS","M","?","M","M","?"],"items_purchased_type":["Relic","Relic","Card","Potion","Card","Card","Potion"],"build_version":"2020-12-22","purchased_purges":1,"victory":false,"max_hp_per_floor":[68,68,68,68,68,68,68,68,68,68,68,68,68,68,68,68,68,68,68,68,68,68,68],"card_choices":[{"not_picked":["Uppercut","Thunderclap"],"picked":"Perfected Strike","floor":1.0},{"not_picked":["Warcry","Bloodletting"],"picked":"Wild Strike","floor":2.0},{"not_picked":["Headbutt","Clash"],"picked":"Whirlwind","floor":3.0},{"not_picked":["Hemokinesis","Armaments","Searing Blow"],"picked":"SKIP","floor":6.0},{"not_picked":["Armaments","Uppercut"],"picked":"Pommel Strike","floor":7.0},{"not_picked":["Brutality","Warcry"],"picked":"Disarm","floor":8.0},{"not_picked":["Thunderclap","Body Slam"],"picked":"Flame Barrier","floor":10.0},{"not_picked":["True Grit","Havoc"],"picked":"Evolve","floor":13.0},{"not_picked":["Brutality","Reaper"],"picked":"Immolate","floor":16.0},{"not_picked":["Sword Boomerang","Twin Strike"],"picked":"Spot Weakness","floor":18.0},{"not_picked":["Searing Blow+1","Flex","Combust"],"picked":"SKIP","floor":20},{"not_picked":["Warcry","Uppercut"],"picked":"Reckless Charge+1","floor":21}],"player_experience":420725,"relics_obtained":[{"floor":6.0,"key":"Unceasing Top"},{"floor":9.0,"key":"Lizard Tail"},{"floor":13.0,"key":"Charon\u0027s Ashes"}],"event_choices":[{"damage_healed":0.0,"max_hp_gain":0.0,"max_hp_loss":0.0,"gold_gain":51.0,"event_name":"Golden Wing","player_choice":"Gained Gold","floor":4.0,"gold_loss":0.0,"damage_taken":0.0},{"damage_healed":0.0,"max_hp_gain":0.0,"max_hp_loss":0.0,"gold_gain":0.0,"event_name":"WeMeetAgain","player_choice":"Gave Potion","floor":12.0,"gold_loss":0.0,"damage_taken":0.0,"relics_obtained":["Pantograph"]}],"is_beta":false,"boss_relics":[{"not_picked":["Runic Dome","Busted Crown"],"picked":"Astrolabe"}],"items_purged_floors":[19],"is_endless":false,"potions_floor_spawned":[3,7,10,13,16,20],"killed_by":"Chosen and Byrds","ascension_level":20}}