{"host":"qxeepl7ydvsgmfdb","time":1611753432,"event":{"mods":["AchievementEnabler","BaseMod","Colored Powertips","Minty Spire (QoL Compilation)","Quick Restart","slay the spire mod where everything is the same but ironclad has a cowboy hat"],"gold_per_floor":[117,71,71,1,1,1,29,129,129,144,144,179,179,194,194,294,294,313,342,342,356,356,356,356,382,382,382,396,411,6,36,36,36,36],"floor_reached":33,"language":"ENG","playtime":1041,"items_purged":[],"score":487,"play_id":"de7d7561-398e-473f-9efd-aef7f1493897","local_time":"20210127081712","is_ascension_mode":true,"campfire_choices":[{"data":"Blade Dance","floor":6.0,"key":"SMITH"},{"data":"Noxious Fumes","floor":11.0,"key":"SMITH"},{"data":"Terror","floor":13.0,"key":"SMITH"},{"floor":15.0,"key":"REST"},{"floor":23,"key":"REST"},{"floor":24,"key":"REST"},{"floor":32,"key":"DIG"}],"circlet_count":0,"master_deck":["AscendersBane","Strike_G","Strike_G","Defend_G","Defend_G","Defend_G","Survivor","Neutralize","Noxious Fumes+1","Blade Dance+1","Backstab+1","Cloak And Dagger","Slice","Terror+1","Distraction+1","Corpse Explosion","Poisoned Stab+1","Malaise+1","PiercingWail+1","Deflect","Cloak And Dagger","Distraction","Deflect","Cloak And Dagger"],"relics":["Ring of the Snake","NeowsBlessing","WingedGreaves","Mummified Hand","Vajra","Astrolabe","Red Mask","Shovel","Toy Ornithopter","Bottled Tornado","Lee\u0027s Waffle","Shuriken","Boot","Gambling Chip"],"acts_visited":["Exordium","TheCity"],"potions_floor_usage":[21,21,25,28,33],"damage_taken":[{"damage":0.0,"enemies":"Jaw Worm","floor":1.0,"turns":1.0},{"damage":0.0,"enemies":"Gremlin Nob","floor":7.0,"turns":1.0},{"damage":0.0,"enemies":"2 Louse","floor":10.0,"turns":1.0},{"damage":17.0,"enemies":"Lagavulin","floor":12.0,"turns":4.0},{"damage":0.0,"enemies":"Cultist","floor":14.0,"turns":2.0},{"damage":18.0,"enemies":"The Guardian","floor":16.0,"turns":12.0},{"damage":27.0,"enemies":"2 Thieves","floor":18.0,"turns":3.0},{"damage":32.0,"enemies":"Masked Bandits","floor":19.0,"turns":4.0},{"damage":0,"enemies":"Spheric Guardian","floor":21,"turns":2},{"damage":42,"enemies":"Gremlin Leader","floor":25,"turns":7},{"damage":8,"enemies":"Snecko","floor":28,"turns":5},{"damage":9,"enemies":"Shelled Parasite and Fungi","floor":29,"turns":7},{"damage":11,"enemies":"Slavers","floor":31,"turns":5},{"damage":86,"enemies":"Champ","floor":33,"turns":7}],"seed_played":"-2049757560678502727","potions_obtained":[{"floor":7.0,"key":"ColorlessPotion"},{"floor":10.0,"key":"Energy Potion"},{"floor":12.0,"key":"Dexterity Potion"},{"floor":21,"key":"Weak Potion"},{"floor":25,"key":"Regen Potion"},{"floor":31,"key":"SneckoOil"}],"is_trial":false,"path_per_floor":["M","$","?","$","?","R","E","?","T","M","R","E","R","M","R","B",null,"M","?","?","M","T","R","R","E","T","?","M","M","$","E","R","B"],"character_chosen":"THE_SILENT","items_purchased":["Blade Dance","Backstab","Lee\u0027s Waffle","Shuriken"],"campfire_rested":3,"item_purchase_floors":[2,4,30,30],"current_hp_per_floor":[63,63,56,56,56,56,56,56,56,56,56,39,39,39,60,42,63,36,4,4,4,4,25,46,4,4,4,13,4,77,66,66,0,0],"gold":36,"neow_bonus":"THREE_ENEMY_KILL","is_daily":false,"chose_seed":false,"campfire_upgraded":3,"win_rate":0.0,"timestamp":1611753432,"path_taken":["M","$","?","$","?","R","E","?","T","?","R","E","R","M","R","BOSS","M","?","?","?","?","R","R","E","T","?","M","?","$","E","R","BOSS"],"items_purchased_type":["Card","Card","Relic","Relic"],"build_version":"2020-12-22","purchased_purges":0,"victory":false,"max_hp_per_floor":[70,70,70,70,70,70,70,70,70,70,70,70,70,70,70,70,70,70,70,70,70,70,70,70,70,70,70,70,70,77,77,77,77,77],"card_choices":[{"not_picked":["Quick Slash","Dodge and Roll"],"picked":"Noxious Fumes","floor":1.0},{"not_picked":["Flying Knee","Well Laid Plans"],"picked":"Cloak And Dagger","floor":7.0},{"not_picked":["Bouncing Flask","Masterful Stab"],"picked":"Slice","floor":10.0},{"not_picked":["Cloak And Dagger","Concentrate"],"picked":"Terror","floor":12.0},{"not_picked":["Bullet Time","Deflect"],"picked":"Distraction","floor":14.0},{"not_picked":["Bullet Time","Wraith Form v2"],"picked":"Corpse Explosion","floor":16.0},{"not_picked":["Escape Plan+1","Caltrops"],"picked":"Deflect","floor":18.0},{"not_picked":["PiercingWail+1","Concentrate"],"picked":"Cloak And Dagger","floor":21},{"not_picked":["Infinite Blades","Choke","Backflip"],"picked":"SKIP","floor":25},{"not_picked":["Outmaneuver","Crippling Poison+1","Choke"],"picked":"SKIP","floor":28},{"not_picked":["Well Laid Plans","Underhanded Strike"],"picked":"Deflect","floor":29},{"not_picked":["Setup+1","Quick Slash"],"picked":"Cloak And Dagger","floor":31}],"player_experience":238252,"relics_obtained":[{"floor":7.0,"key":"WingedGreaves"},{"floor":9.0,"key":"Mummified Hand"},{"floor":12.0,"key":"Vajra"},{"floor":19.0,"key":"Red Mask"},{"floor":22,"key":"Shovel"},{"floor":25,"key":"Toy Ornithopter"},{"floor":26,"key":"Bottled Tornado"},{"floor":31,"key":"Boot"},{"floor":32,"key":"Gambling Chip"}],"event_choices":[{"cards_removed":["Strike_G"],"damage_healed":0.0,"max_hp_gain":0.0,"max_hp_loss":0.0,"gold_gain":0.0,"event_name":"Golden Wing","player_choice":"Card Removal","floor":3.0,"gold_loss":0.0,"damage_taken":7.0},{"damage_healed":0.0,"max_hp_gain":0.0,"max_hp_loss":0.0,"gold_gain":0.0,"event_name":"Living Wall","player_choice":"Grow","floor":5.0,"gold_loss":0.0,"damage_taken":0.0,"cards_upgraded":["Backstab"]},{"damage_healed":0.0,"max_hp_gain":0.0,"max_hp_loss":0.0,"gold_gain":100.0,"event_name":"Wheel of Change","player_choice":"Gold","floor":8.0,"gold_loss":0.0,"damage_taken":0.0},{"damage_healed":0.0,"max_hp_gain":0.0,"max_hp_loss":0.0,"gold_gain":0.0,"event_name":"Masked Bandits","player_choice":"Fought Bandits","floor":19.0,"gold_loss":0.0,"damage_taken":0.0},{"damage_healed":0.0,"max_hp_gain":0.0,"max_hp_loss":0.0,"gold_gain":0.0,"event_name":"Upgrade Shrine","player_choice":"Upgraded","floor":20.0,"gold_loss":0.0,"damage_taken":0.0,"cards_upgraded":["Distraction"]},{"damage_healed":0,"gold_gain":0,"cards_transformed":["Defend_G"],"player_choice":"Transformed","damage_taken":0,"max_hp_gain":0,"max_hp_loss":0,"event_name":"Transmorgrifier","floor":27,"gold_loss":0,"cards_obtained":["Distraction"]}],"is_beta":false,"boss_relics":[{"not_picked":["Cursed Key","Velvet Choker"],"picked":"Astrolabe"}],"items_purged_floors":[],"is_endless":false,"potions_floor_spawned":[7,10,12,21,25,31],"killed_by":"Champ","ascension_level":11}}