{"host":"c44ey07ufggfw2m8","time":1611761907,"event":{"mods":["2.2 Compatiblity","BaseMod","Colored Map","DeckTracker","Highlight Path","Keyboard Shortcuts","Minty Spire (QoL Compilation)","Permanent Neow","Quick Restart","StSLib","SuperFastMode","UnlockEverythingMod"],"gold_per_floor":[109,209,227,239,259,289,289,214,237,271,271,19,19,53,53,155,155,167,184,184,184,184,184,202,231,258,274,373,373,397,410,410,510,510,523,523,538,555,234,234,234,234,316,327,339,46,73,92,92,92,92],"floor_reached":50,"language":"KOR","playtime":2342,"items_purged":["Strike_P","Strike_P","Strike_P"],"score":725,"play_id":"755d7766-96cc-454d-8fee-e76b48a72cb4","local_time":"20210128003827","is_ascension_mode":true,"campfire_choices":[{"data":"Judgement","floor":7.0,"key":"SMITH"},{"floor":13.0,"key":"REST"},{"data":"EmptyMind","floor":15.0,"key":"SMITH"},{"data":"Blasphemy","floor":23.0,"key":"SMITH"},{"floor":29.0,"key":"REST"},{"data":"Vault","floor":32.0,"key":"SMITH"},{"data":"Ragnarok","floor":40.0,"key":"SMITH"},{"data":"Adaptation","floor":42.0,"key":"SMITH"},{"floor":49,"key":"REST"}],"circlet_count":0,"master_deck":["Defend_P","Defend_P","Defend_P","Eruption+1","Vigilance","Judgement+1","Adaptation+1","EmptyFist+1","EmptyMind+1","Prostrate","Collect","Sanctity","Crescendo","Evaluate","Blasphemy+1","BattleHymn+1","ClearTheMind+1","Necronomicurse","Halt","WindmillStrike+1","CrushJoints","Vault+1","Ragnarok+1","Halt+1","Crescendo+1","InnerPeace","TalkToTheHand"],"relics":["PureWater","Bag of Preparation","Art of War","Lantern","Pantograph","Whetstone","Runic Pyramid","Necronomicon","Bottled Flame","Anchor","Omamori","Cursed Key","Happy Flower","Letter Opener","Bottled Lightning"],"acts_visited":["Exordium","TheCity","TheBeyond"],"potions_floor_usage":[50],"damage_taken":[{"damage":0.0,"enemies":"Cultist","floor":1.0,"turns":2.0},{"damage":13.0,"enemies":"Small Slimes","floor":3.0,"turns":2.0},{"damage":0.0,"enemies":"2 Louse","floor":4.0,"turns":2.0},{"damage":0.0,"enemies":"Looter","floor":5.0,"turns":2.0},{"damage":26.0,"enemies":"3 Sentries","floor":6.0,"turns":9.0},{"damage":22.0,"enemies":"Lagavulin","floor":10.0,"turns":8.0},{"damage":0.0,"enemies":"Gremlin Nob","floor":14.0,"turns":2.0},{"damage":43.0,"enemies":"Hexaghost","floor":16.0,"turns":9.0},{"damage":0.0,"enemies":"Chosen","floor":18.0,"turns":2.0},{"damage":1.0,"enemies":"3 Byrds","floor":19.0,"turns":3.0},{"damage":3.0,"enemies":"Cultist and Chosen","floor":24.0,"turns":3.0},{"damage":12.0,"enemies":"Gremlin Leader","floor":25.0,"turns":3.0},{"damage":0.0,"enemies":"Shelled Parasite and Fungi","floor":27.0,"turns":2.0},{"damage":0.0,"enemies":"Centurion and Healer","floor":31.0,"turns":3.0},{"damage":29.0,"enemies":"Champ","floor":33.0,"turns":8.0},{"damage":0.0,"enemies":"3 Darklings","floor":35.0,"turns":2.0},{"damage":18.0,"enemies":"3 Shapes","floor":37.0,"turns":4.0},{"damage":17.0,"enemies":"Maw","floor":38.0,"turns":5.0},{"damage":0,"enemies":"Jaw Worm Horde","floor":44,"turns":3},{"damage":0,"enemies":"Spire Growth","floor":45,"turns":2},{"damage":0,"enemies":"Reptomancer","floor":47,"turns":2},{"damage":6,"enemies":"Sphere and 2 Shapes","floor":48,"turns":3},{"damage":65,"enemies":"Time Eater","floor":50,"turns":6}],"seed_played":"6927602961825528217","potions_obtained":[{"floor":3.0,"key":"LiquidBronze"},{"floor":4.0,"key":"SpeedPotion"},{"floor":5.0,"key":"Fire Potion"},{"floor":10.0,"key":"SteroidPotion"},{"floor":18.0,"key":"SkillPotion"},{"floor":22.0,"key":"SneckoOil"},{"floor":31.0,"key":"LiquidBronze"},{"floor":35.0,"key":"BlessingOfTheForge"},{"floor":44,"key":"Ambrosia"}],"is_trial":false,"path_per_floor":["M","?","M","M","M","E","R","$","T","E","?","$","R","E","R","B",null,"M","M","?","?","?","R","M","E","T","M","?","R","T","M","R","B",null,"M","?","M","M","$","R","?","R","T","M","M","$","E","M","R","B"],"character_chosen":"WATCHER","items_purchased":["Pantograph","Happy Flower","StancePotion","EntropicBrew","TalkToTheHand"],"campfire_rested":3,"item_purchase_floors":[12,39,39,46,46],"current_hp_per_floor":[65,65,52,52,52,26,26,26,26,4,4,4,23,23,23,5,50,50,49,38,22,22,22,19,7,7,7,7,28,28,28,28,24,59,59,59,41,24,24,24,24,24,24,24,24,24,24,18,39,0,0],"gold":92,"neow_bonus":"THREE_RARE_CARDS","is_daily":false,"chose_seed":false,"campfire_upgraded":6,"win_rate":0.0,"timestamp":1611761907,"path_taken":["M","?","?","M","M","E","R","?","T","E","?","$","R","E","R","BOSS","M","M","?","?","?","R","?","E","T","?","?","R","?","M","R","BOSS","M","?","?","M","$","R","?","R","T","?","M","$","E","M","R","BOSS"],"items_purchased_type":["Relic","Relic","Potion","Potion","Card"],"build_version":"2020-12-22","purchased_purges":3,"victory":false,"max_hp_per_floor":[65,65,65,65,65,65,65,65,65,65,65,65,65,65,65,65,65,65,65,70,70,70,70,70,70,70,70,70,70,70,70,70,70,70,70,70,70,70,70,70,70,70,70,70,70,70,70,70,70,70,70],"card_choices":[{"not_picked":["DevaForm","SpiritShield"],"picked":"Judgement","floor":0.0},{"not_picked":["CutThroughFate","Halt"],"picked":"Adaptation","floor":1.0},{"not_picked":["PathToVictory","CarveReality"],"picked":"EmptyFist","floor":3.0},{"not_picked":["WindmillStrike","MasterReality"],"picked":"EmptyMind","floor":4.0},{"not_picked":["FlyingSleeves","Protect"],"picked":"Prostrate","floor":5.0},{"not_picked":["FlurryOfBlows","SignatureMove"],"picked":"Collect","floor":6.0},{"not_picked":["Protect","ThirdEye"],"picked":"Sanctity","floor":10.0},{"not_picked":["Swivel","Pray"],"picked":"Evaluate","floor":14.0},{"not_picked":["Alpha","SpiritShield"],"picked":"Blasphemy","floor":16.0},{"not_picked":["WaveOfTheHand","Fasting2"],"picked":"BattleHymn+1","floor":18.0},{"not_picked":["Meditate+1","EmptyBody"],"picked":"ClearTheMind+1","floor":19.0},{"not_picked":["BowlingBash","Prostrate"],"picked":"Halt","floor":24.0},{"not_picked":["Alpha","EmptyFist"],"picked":"WindmillStrike+1","floor":25.0},{"not_picked":["JustLucky","LikeWater"],"picked":"CrushJoints","floor":27.0},{"not_picked":["EmptyFist","CutThroughFate"],"picked":"Vault","floor":31.0},{"not_picked":["Blasphemy","Omniscience"],"picked":"Ragnarok","floor":33.0},{"not_picked":["PathToVictory","EmptyFist"],"picked":"Halt+1","floor":35.0},{"not_picked":["JustLucky+1","CutThroughFate+1"],"picked":"Crescendo+1","floor":37.0},{"not_picked":["SandsOfTime+1","Alpha","Wireheading+1"],"picked":"SKIP","floor":38.0},{"not_picked":["Wireheading","FollowUp+1","Sanctity"],"picked":"SKIP","floor":44},{"not_picked":["FlurryOfBlows+1","Crescendo+1"],"picked":"InnerPeace","floor":45},{"not_picked":["Wireheading","BowlingBash+1","PathToVictory"],"picked":"SKIP","floor":47},{"not_picked":["CrushJoints+1","EmptyBody","FlurryOfBlows+1"],"picked":"SKIP","floor":48}],"player_experience":77943,"relics_obtained":[{"floor":6.0,"key":"Bag of Preparation"},{"floor":9.0,"key":"Art of War"},{"floor":10.0,"key":"Lantern"},{"floor":14.0,"key":"Whetstone"},{"floor":21.0,"key":"Necronomicon"},{"floor":25.0,"key":"Bottled Flame"},{"floor":26.0,"key":"Anchor"},{"floor":30.0,"key":"Omamori"},{"floor":43.0,"key":"Letter Opener"},{"floor":47,"key":"Bottled Lightning"}],"event_choices":[{"damage_healed":0.0,"max_hp_gain":0.0,"max_hp_loss":0.0,"gold_gain":100.0,"event_name":"Golden Shrine","player_choice":"Pray","floor":2.0,"gold_loss":0.0,"damage_taken":0.0},{"damage_healed":0.0,"max_hp_gain":0.0,"max_hp_loss":0.0,"gold_gain":0.0,"cards_transformed":["Defend_P"],"event_name":"Living Wall","player_choice":"Change","floor":11.0,"gold_loss":0.0,"damage_taken":0.0,"cards_obtained":["Crescendo"]},{"damage_healed":0.0,"max_hp_gain":5.0,"max_hp_loss":0.0,"gold_gain":0.0,"event_name":"Forgotten Altar","player_choice":"Shed Blood","floor":20.0,"gold_loss":0.0,"damage_taken":16.0},{"damage_healed":0.0,"max_hp_gain":0.0,"max_hp_loss":0.0,"gold_gain":0.0,"event_name":"Cursed Tome","player_choice":"Obtained Book","floor":21.0,"gold_loss":0.0,"damage_taken":16.0},{"damage_healed":0.0,"max_hp_gain":0.0,"max_hp_loss":0.0,"gold_gain":0.0,"event_name":"Lab","player_choice":"Got Potions","floor":22.0,"gold_loss":0.0,"damage_taken":0.0},{"damage_healed":0.0,"max_hp_gain":0.0,"max_hp_loss":0.0,"gold_gain":99.0,"event_name":"Nest","player_choice":"Stole From Cult","floor":28.0,"gold_loss":0.0,"damage_taken":0.0},{"cards_removed":["Strike_P"],"damage_healed":0.0,"max_hp_gain":0.0,"max_hp_loss":0.0,"gold_gain":0.0,"event_name":"Purifier","player_choice":"Purged","floor":36.0,"gold_loss":0.0,"damage_taken":0.0},{"damage_healed":0.0,"max_hp_gain":0.0,"max_hp_loss":0.0,"gold_gain":0.0,"event_name":"SecretPortal","player_choice":"Ignored","floor":41.0,"gold_loss":0.0,"damage_taken":0.0}],"is_beta":false,"boss_relics":[{"not_picked":["SlaversCollar","Busted Crown"],"picked":"Runic Pyramid"},{"not_picked":["Coffee Dripper","VioletLotus"],"picked":"Cursed Key"}],"items_purged_floors":[8,39,46],"is_endless":false,"potions_floor_spawned":[3,4,5,10,18,31,35,44,47,48],"killed_by":"Time Eater","ascension_level":5}}