{"host":"yecadp3kwkksam5a","time":1611756182,"event":{"mods":["BaseMod","Minty Spire (QoL Compilation)","StSLib"],"gold_per_floor":[114,126,126,144,156,183,207,207,207],"floor_reached":8,"language":"KOR","playtime":352,"items_purged":[],"score":118,"play_id":"fd1c821b-4a76-4c36-ab4a-32f75d2a4b07","local_time":"20210127230302","is_ascension_mode":true,"campfire_choices":[],"circlet_count":0,"master_deck":["AscendersBane","Strike_R","Strike_R","Strike_R","Strike_R","Defend_R","Defend_R","Defend_R","Defend_R","Bash","Inflame","Burning Pact","Feed","Twin Strike","Cleave","Shrug It Off"],"relics":["Burning Blood","Pen Nib","Bronze Scales"],"acts_visited":["Exordium"],"potions_floor_usage":[8],"damage_taken":[{"damage":2.0,"enemies":"Jaw Worm","floor":1.0,"turns":3.0},{"damage":6.0,"enemies":"Cultist","floor":2.0,"turns":3.0},{"damage":0,"enemies":"2 Louse","floor":4,"turns":4},{"damage":6,"enemies":"2 Fungi Beasts","floor":5,"turns":4},{"damage":46,"enemies":"Lagavulin","floor":6,"turns":8},{"damage":57,"enemies":"3 Sentries","floor":8,"turns":10}],"seed_played":"185009914781549396","potions_obtained":[{"floor":1.0,"key":"SkillPotion"},{"floor":2.0,"key":"FearPotion"}],"is_trial":false,"path_per_floor":["M","M","?","M","M","E","T","E"],"character_chosen":"IRONCLAD","items_purchased":[],"campfire_rested":0,"item_purchase_floors":[],"current_hp_per_floor":[84,84,84,91,94,57,57,3,3],"gold":207,"neow_bonus":"TEN_PERCENT_HP_BONUS","is_daily":false,"chose_seed":false,"campfire_upgraded":0,"win_rate":0.0,"timestamp":1611756182,"path_taken":["M","M","?","M","M","E","?","E"],"items_purchased_type":[],"build_version":"2020-12-22","purchased_purges":0,"victory":false,"max_hp_per_floor":[88,88,88,91,94,97,97,100,100],"card_choices":[{"not_picked":["Flex","Bloodletting"],"picked":"Inflame","floor":1.0},{"not_picked":["Entrench","Armaments"],"picked":"Burning Pact","floor":2.0},{"not_picked":["Pummel","Pommel Strike"],"picked":"Twin Strike","floor":4},{"not_picked":["Pommel Strike","Havoc"],"picked":"Cleave","floor":5},{"not_picked":["Sever Soul","Power Through"],"picked":"Shrug It Off","floor":6}],"player_experience":489762,"relics_obtained":[{"floor":6,"key":"Pen Nib"},{"floor":7,"key":"Bronze Scales"}],"event_choices":[{"damage_healed":0,"gold_gain":0,"cards_transformed":["Strike_R"],"player_choice":"Change","damage_taken":0,"max_hp_gain":0,"max_hp_loss":0,"event_name":"Living Wall","floor":3,"gold_loss":0,"cards_obtained":["Feed"]}],"is_beta":false,"boss_relics":[],"items_purged_floors":[],"is_endless":false,"potions_floor_spawned":[1,2,5],"killed_by":"3 Sentries","ascension_level":12}}