{"host":"f7i018611qt1bmao","time":1611727504,"event":{"mods":["ATMod(阿瑾Mod)","Act Like it!","BaseMod","Chen","Hallownest","KinomotoSakuraMod(木之本樱)","Koishi","LagranYue(拉格朗・月)","Marisa（F雨　魔理沙）","Minty Spire (QoL Compilation)","Nova Terra(诺娃・泰拉)","Remilia（蕾米莉亚）","Replay The Spire","StSLib","The Administrix","The Alterego","The Animator","The Gatherer","The Mystic","The Poker Player","The Senshi","The Servant 0.9.4","TheWitcher","WarShipGirlsR/战舰少女R mod","Yakumo Yukari mod","Youmu（魂魄妖梦）","Yuri Mod","Yuyuko","【遗物卡牌】REMEMod"],"gold_per_floor":[112,43,63,74,84,84,84],"floor_reached":6,"language":"ZHS","playtime":439,"items_purged":[],"score":38,"play_id":"074a398d-9744-4946-a6c0-c496fd2a3961","local_time":"20210127140504","is_ascension_mode":false,"campfire_choices":[],"circlet_count":0,"master_deck":["LagranYue:BaseAttackCard","LagranYue:BaseAttackCard","LagranYue:BaseAttackCard","LagranYue:BaseDefendCard","LagranYue:BaseDefendCard","LagranYue:BaseDefendCard","LagranYue:AttackTopazCard","LagranYue:SkillBrokenSwordCard","LagranYue:BaseAttackCard","LagranYue:BaseDefendCard","Reaper","LagranYue:AttackWaltzCard","LagranYue:GoldForgingCard","LagranYue:RubyDefendCard","LagranYue:AttackBetterCard","LagranYue:SkillDisasterEquipmentCard"],"relics":["LagranYue:ArmsProficiencyRelics","AT_ATBox","REME_ComplimentaryCards","LagranYue:RandomDrawCardRelic","NeowsBlessing"],"acts_visited":["Exordium"],"potions_floor_usage":[],"damage_taken":[{"damage":0,"enemies":"Cultist","floor":1,"turns":1},{"damage":0,"enemies":"Jaw Worm","floor":3,"turns":1},{"damage":0,"enemies":"Small Slimes","floor":4,"turns":1},{"damage":18,"enemies":"Blue Slaver","floor":5,"turns":4},{"damage":60,"enemies":"Gremlin Nob","floor":6,"turns":5}],"seed_played":"7978151785393233392","potions_obtained":[{"floor":4,"key":"GamblersBrew"}],"is_trial":false,"path_per_floor":["M","$","M","M","M","E"],"character_chosen":"LagranYueCharacter","items_purchased":["LagranYue:GoldForgingCard"],"campfire_rested":0,"item_purchase_floors":[2],"current_hp_per_floor":[75,75,75,75,57,0,0],"gold":84,"neow_bonus":"THREE_ENEMY_KILL","is_daily":false,"chose_seed":false,"campfire_upgraded":0,"win_rate":0.0,"timestamp":1611727504,"path_taken":["M","?","M","?","M","E"],"items_purchased_type":["Card"],"build_version":"2020-12-22","purchased_purges":0,"victory":false,"max_hp_per_floor":[75,75,75,75,75,75,75],"card_choices":[{"not_picked":["LagranYue:AttackRavagedCard","LagranYue:AttackTopazCard"],"picked":"LagranYue:AttackWaltzCard","floor":1},{"not_picked":["LagranYue:SkillDeadlyBloomCard","LagranYue:PrematureBurialCard"],"picked":"LagranYue:RubyDefendCard","floor":3},{"not_picked":["LagranYue:ForgingCard","LagranYue:SkillBrokenShieldCard"],"picked":"LagranYue:AttackBetterCard","floor":4},{"not_picked":["LagranYue:DefendBetterCard","LagranYue:FantasyCard"],"picked":"LagranYue:SkillDisasterEquipmentCard","floor":5}],"player_experience":26669,"relics_obtained":[],"event_choices":[],"is_beta":false,"boss_relics":[],"items_purged_floors":[],"is_endless":false,"potions_floor_spawned":[4],"killed_by":"Gremlin Nob","ascension_level":0}}