{"host":"c3lc60y5x60jlt1y","time":1611737817,"event":{"mods":["AchievementEnabler","BaseMod","Bestiary","Colored Map","Minty Spire (QoL Compilation)","Quick Restart","StSLib","ojb\u0027s Info Mod"],"gold_per_floor":[115,265,265,265,540,565,565,591,616,616,634,634,77,89,89,168,168,186,101,101,119,31,31,63,63,90,90,90],"floor_reached":27,"language":"ENG","playtime":1054,"items_purged":["Strike_R"],"score":570,"play_id":"b0f1bf6b-3afe-463f-94af-c6b507b30cb5","local_time":"20210127105657","is_ascension_mode":true,"campfire_choices":[{"data":"Body Slam","floor":7.0,"key":"SMITH"},{"data":"Inflame","floor":10.0,"key":"SMITH"},{"data":"Evolve","floor":15.0,"key":"SMITH"},{"data":"Armaments","floor":23.0,"key":"SMITH"}],"circlet_count":0,"master_deck":["AscendersBane","Strike_R","Strike_R+1","Strike_R","Strike_R+1","Defend_R","Defend_R","Defend_R","Defend_R","Bash","Inflame+1","Body Slam+1","Shrug It Off","Whirlwind","Feel No Pain","Battle Trance","Shockwave","Evolve+1","Juggernaut","Feel No Pain","Armaments+1","Blood for Blood","Metallicize","Ghostly Armor","J.A.X."],"relics":["Black Blood","NeowsBlessing","Whetstone","Anchor","Centennial Puzzle","Mummified Hand","Ice Cream","Akabeko","Vajra"],"acts_visited":["Exordium","TheCity"],"potions_floor_usage":[27],"damage_taken":[{"damage":0.0,"enemies":"Jaw Worm","floor":1.0,"turns":1.0},{"damage":0.0,"enemies":"3 Sentries","floor":6.0,"turns":1.0},{"damage":0.0,"enemies":"Lagavulin","floor":8.0,"turns":1.0},{"damage":0.0,"enemies":"2 Louse","floor":11.0,"turns":3.0},{"damage":1.0,"enemies":"Cultist","floor":14.0,"turns":3.0},{"damage":49.0,"enemies":"Slime Boss","floor":16.0,"turns":8.0},{"damage":15.0,"enemies":"2 Thieves","floor":18.0,"turns":5.0},{"damage":44.0,"enemies":"Spheric Guardian","floor":21.0,"turns":7.0},{"damage":25,"enemies":"Gremlin Leader","floor":24,"turns":5},{"damage":21,"enemies":"Book of Stabbing","floor":27,"turns":4}],"seed_played":"6813780975959357935","potions_obtained":[{"floor":6.0,"key":"GamblersBrew"},{"floor":8.0,"key":"Strength Potion"},{"floor":24,"key":"Dexterity Potion"}],"is_trial":false,"path_per_floor":["M","?","?","?","?","E","R","E","T","R","M","?","$","M","R","B",null,"M","?","?","M","$","R","E","?","T","E"],"character_chosen":"IRONCLAD","items_purchased":["Mummified Hand","Feel No Pain","Battle Trance","Shockwave","Metallicize"],"campfire_rested":0,"item_purchase_floors":[13,13,13,13,22],"current_hp_per_floor":[74,74,79,72,72,78,78,80,80,80,80,80,80,80,80,37,69,66,66,66,34,34,34,21,21,21,0,0],"gold":90,"neow_bonus":"THREE_ENEMY_KILL","is_daily":false,"chose_seed":false,"campfire_upgraded":4,"win_rate":0.0,"timestamp":1611737817,"path_taken":["M","?","?","?","?","E","R","E","T","R","?","?","?","?","R","BOSS","M","?","?","M","$","R","E","?","T","E"],"items_purchased_type":["Relic","Card","Card","Card","Card"],"build_version":"2020-12-22","purchased_purges":1,"victory":false,"max_hp_per_floor":[75,75,80,80,80,80,80,80,80,80,80,80,80,80,80,80,80,80,80,80,80,80,80,80,80,80,80,80],"card_choices":[{"not_picked":["Anger","Wild Strike"],"picked":"Inflame","floor":1.0},{"not_picked":["Iron Wave","Burning Pact"],"picked":"Body Slam","floor":6.0},{"not_picked":["Perfected Strike","Clash"],"picked":"Shrug It Off","floor":8.0},{"not_picked":["Second Wind","Infernal Blade"],"picked":"Whirlwind","floor":11.0},{"not_picked":["Searing Blow","Rampage"],"picked":"Evolve","floor":14.0},{"not_picked":["Bludgeon","Fiend Fire"],"picked":"Juggernaut","floor":16.0},{"not_picked":["Seeing Red","Wild Strike"],"picked":"Feel No Pain","floor":18.0},{"not_picked":["Wild Strike","Iron Wave"],"picked":"Blood for Blood","floor":21.0},{"not_picked":["Clothesline","Sword Boomerang"],"picked":"Ghostly Armor","floor":24}],"player_experience":8648970,"relics_obtained":[{"floor":6.0,"key":"Whetstone"},{"floor":8.0,"key":"Anchor"},{"floor":9.0,"key":"Centennial Puzzle"},{"floor":24,"key":"Akabeko"},{"floor":26,"key":"Vajra"}],"event_choices":[{"damage_healed":0.0,"max_hp_gain":0.0,"max_hp_loss":0.0,"gold_gain":150.0,"event_name":"Liars Game","player_choice":"AGREE","floor":2.0,"gold_loss":0.0,"damage_taken":0.0,"cards_obtained":["Doubt"]},{"damage_healed":0.0,"max_hp_gain":5.0,"max_hp_loss":0.0,"gold_gain":0.0,"event_name":"Big Fish","player_choice":"Donut","floor":3.0,"gold_loss":0.0,"damage_taken":0.0},{"cards_removed":["Doubt"],"damage_healed":0.0,"max_hp_gain":0.0,"max_hp_loss":0.0,"gold_gain":0.0,"event_name":"Golden Wing","player_choice":"Card Removal","floor":4.0,"gold_loss":0.0,"damage_taken":7.0},{"damage_healed":0.0,"max_hp_gain":0.0,"max_hp_loss":0.0,"gold_gain":275.0,"event_name":"Golden Shrine","player_choice":"Desecrate","floor":5.0,"gold_loss":0.0,"damage_taken":0.0,"cards_obtained":["Regret"]},{"cards_removed":["Regret"],"damage_healed":0.0,"max_hp_gain":0.0,"max_hp_loss":0.0,"gold_gain":0.0,"event_name":"Living Wall","player_choice":"Forget","floor":12.0,"gold_loss":0.0,"damage_taken":0.0},{"damage_healed":0.0,"max_hp_gain":0.0,"max_hp_loss":0.0,"gold_gain":0.0,"event_name":"Addict","player_choice":"Obtained Relic","floor":19.0,"gold_loss":85.0,"damage_taken":0.0,"relics_obtained":["Ice Cream"]},{"damage_healed":0.0,"max_hp_gain":0.0,"max_hp_loss":0.0,"gold_gain":0.0,"event_name":"The Library","player_choice":"Read","floor":20.0,"gold_loss":0.0,"damage_taken":0.0,"cards_obtained":["Armaments"]},{"damage_healed":0,"gold_gain":0,"player_choice":"Obtain J.A.X.","damage_taken":0,"max_hp_gain":0,"max_hp_loss":0,"event_name":"Drug Dealer","floor":25,"gold_loss":0,"cards_obtained":["J.A.X."]}],"is_beta":false,"boss_relics":[{"not_picked":["Velvet Choker","SacredBark"],"picked":"Black Blood"}],"items_purged_floors":[13],"is_endless":false,"potions_floor_spawned":[6,8,24],"killed_by":"Book of Stabbing","ascension_level":20}}