{"host":"uzcks4yhskks9i02","time":1611790597,"event":{"mods":["BaseMod","Minty Spire (QoL Compilation)","Quick Restart"],"gold_per_floor":[119,129,129,147,161,191,191,210,210,241,152,167,201,219,219,293,293,309,327,340,265,284,317,317,351,351,351,370,370,390,420,420,494,494,512,82,96,96,106,136,136,136,136],"floor_reached":42,"language":"ENG","playtime":2988,"items_purged":[],"score":992,"play_id":"f884ce1c-6cc1-4401-a46c-209baee078f4","local_time":"20210127163637","is_ascension_mode":true,"campfire_choices":[{"floor":7.0,"key":"REST"},{"data":"Combust","floor":15.0,"key":"SMITH"},{"floor":24.0,"key":"REST"},{"data":"Offering","floor":27.0,"key":"SMITH"},{"data":"Corruption","floor":29.0,"key":"SMITH"},{"data":"Berserk","floor":32.0,"key":"SMITH"},{"floor":41.0,"key":"REST"}],"circlet_count":0,"master_deck":["AscendersBane","Strike_R","Defend_R","Defend_R","Defend_R","Defend_R","Bash","Power Through","Clothesline","Combust+1","Cleave","Berserk+1","Thunderclap","Cleave","Dark Shackles","True Grit","Corruption+1","Burning Pact","Juggernaut","Seeing Red","Shockwave","Sever Soul","Impervious","Offering+1","Uppercut","Exhume","Reckless Charge+1","Brutality+1","Seeing Red+1","Second Wind+1","Combust+1","Feed"],"relics":["Burning Blood","TungstenRod","FaceOfCleric","Mercury Hourglass","Bottled Lightning","Meat on the Bone","Strawberry","Mark of Pain","Eternal Feather","Du-Vu Doll","Singing Bowl","Incense Burner","Astrolabe","HandDrill","Pantograph","Anchor"],"acts_visited":["Exordium","TheCity","TheBeyond"],"potions_floor_usage":[],"damage_taken":[{"damage":4.0,"enemies":"Cultist","floor":1.0,"turns":4.0},{"damage":8.0,"enemies":"2 Louse","floor":2.0,"turns":3.0},{"damage":1.0,"enemies":"Jaw Worm","floor":4.0,"turns":4.0},{"damage":14.0,"enemies":"3 Louse","floor":5.0,"turns":3.0},{"damage":27.0,"enemies":"3 Sentries","floor":6.0,"turns":8.0},{"damage":5.0,"enemies":"Gremlin Gang","floor":8.0,"turns":3.0},{"damage":20.0,"enemies":"Lagavulin","floor":10.0,"turns":8.0},{"damage":21.0,"enemies":"Blue Slaver","floor":12.0,"turns":4.0},{"damage":0.0,"enemies":"3 Sentries","floor":13.0,"turns":4.0},{"damage":0.0,"enemies":"Lots of Slimes","floor":14.0,"turns":2.0},{"damage":39.0,"enemies":"Slime Boss","floor":16.0,"turns":8.0},{"damage":3.0,"enemies":"3 Byrds","floor":18.0,"turns":3.0},{"damage":46.0,"enemies":"Spheric Guardian","floor":19.0,"turns":6.0},{"damage":10.0,"enemies":"Snecko","floor":20.0,"turns":5.0},{"damage":22.0,"enemies":"Cultist and Chosen","floor":22.0,"turns":5.0},{"damage":41.0,"enemies":"Slavers","floor":23.0,"turns":6.0},{"damage":14.0,"enemies":"Gremlin Leader","floor":25.0,"turns":6.0},{"damage":27.0,"enemies":"Sentry and Sphere","floor":28.0,"turns":5.0},{"damage":5.0,"enemies":"3 Cultists","floor":30.0,"turns":3.0},{"damage":47.0,"enemies":"Book of Stabbing","floor":31.0,"turns":6.0},{"damage":72.0,"enemies":"Collector","floor":33.0,"turns":10.0},{"damage":15.0,"enemies":"Orb Walker","floor":35.0,"turns":4.0},{"damage":16.0,"enemies":"3 Shapes","floor":37.0,"turns":6.0},{"damage":29.0,"enemies":"Sphere and 2 Shapes","floor":39.0,"turns":5.0},{"damage":38.0,"enemies":"Nemesis","floor":40.0,"turns":10.0},{"damage":104,"enemies":"Reptomancer","floor":42,"turns":5}],"seed_played":"-4509839277727415476","potions_obtained":[{"floor":1.0,"key":"Dexterity Potion"},{"floor":6.0,"key":"Block Potion"},{"floor":13.0,"key":"Explosive Potion"},{"floor":16.0,"key":"DuplicationPotion"},{"floor":28.0,"key":"SteroidPotion"},{"floor":33.0,"key":"EssenceOfSteel"}],"is_trial":false,"path_per_floor":["M","M","?","M","M","E","R","M","T","E","$","M","E","M","R","B",null,"M","M","M","?","M","E","R","E","T","R","M","R","M","E","R","B",null,"M","$","M","?","M","E","R","E"],"character_chosen":"IRONCLAD","items_purchased":["Dark Shackles","HandDrill","Pantograph"],"campfire_rested":3,"item_purchase_floors":[11,36,36],"current_hp_per_floor":[68,66,66,69,62,42,63,65,65,52,52,50,64,71,71,51,76,80,53,62,62,59,37,78,71,71,86,68,83,87,59,74,21,79,71,71,64,64,56,37,86,0,0],"gold":136,"neow_bonus":"ONE_RARE_RELIC","is_daily":false,"chose_seed":false,"campfire_upgraded":4,"win_rate":0.0,"timestamp":1611790597,"path_taken":["M","?","?","?","M","E","R","M","T","E","$","M","E","M","R","BOSS","M","M","M","?","M","E","R","E","T","R","M","R","M","E","R","BOSS","M","$","M","?","M","E","R","E"],"items_purchased_type":["Card","Relic","Relic"],"build_version":"2020-12-22","purchased_purges":0,"victory":false,"max_hp_per_floor":[68,68,68,69,70,71,71,72,72,73,73,74,82,83,83,84,84,85,86,87,87,88,89,89,90,90,90,93,93,96,97,97,98,98,99,99,102,102,105,106,106,106,106],"card_choices":[{"not_picked":["Wild Strike","True Grit"],"picked":"Power Through","floor":1.0},{"not_picked":["Armaments","Burning Pact"],"picked":"Clothesline","floor":2.0},{"not_picked":["Headbutt","Dual Wield"],"picked":"Combust","floor":4.0},{"not_picked":["Fire Breathing","Thunderclap"],"picked":"Cleave","floor":5.0},{"not_picked":["Twin Strike","Sword Boomerang"],"picked":"Berserk","floor":6.0},{"not_picked":["Perfected Strike","Infernal Blade"],"picked":"Thunderclap","floor":8.0},{"not_picked":["Wild Strike","Heavy Blade"],"picked":"Cleave","floor":10.0},{"not_picked":["Body Slam","Anger"],"picked":"True Grit","floor":12.0},{"not_picked":["Twin Strike","Reckless Charge"],"picked":"Corruption","floor":13.0},{"not_picked":["Sword Boomerang","Pummel"],"picked":"Burning Pact","floor":14.0},{"not_picked":["Corruption","Bludgeon"],"picked":"Juggernaut","floor":16.0},{"not_picked":["Pommel Strike","Heavy Blade"],"picked":"Seeing Red","floor":18.0},{"not_picked":["Dark Embrace+1","Heavy Blade"],"picked":"Shockwave","floor":19.0},{"not_picked":["Havoc","True Grit","Anger"],"picked":"SKIP","floor":20.0},{"not_picked":["Rampage","Wild Strike"],"picked":"Sever Soul","floor":22.0},{"not_picked":["Limit Break","Sword Boomerang"],"picked":"Impervious","floor":23.0},{"not_picked":["Feel No Pain","Headbutt"],"picked":"Offering","floor":25.0},{"not_picked":["Body Slam","Shrug It Off","Power Through"],"picked":"Singing Bowl","floor":28.0},{"not_picked":["Flex","Twin Strike","Wild Strike"],"picked":"Singing Bowl","floor":30.0},{"not_picked":["Clash","Armaments"],"picked":"Uppercut","floor":31.0},{"not_picked":["Double Tap","Corruption"],"picked":"Exhume","floor":33.0},{"not_picked":["Carnage","Havoc"],"picked":"Second Wind+1","floor":35.0},{"not_picked":["Twin Strike","Reckless Charge+1","Body Slam"],"picked":"Singing Bowl","floor":37.0},{"not_picked":["Heavy Blade+1","Pummel","Sword Boomerang"],"picked":"Singing Bowl","floor":39.0},{"not_picked":["Sever Soul","Burning Pact+1"],"picked":"Feed","floor":40.0}],"player_experience":553959,"relics_obtained":[{"floor":6.0,"key":"Mercury Hourglass"},{"floor":9.0,"key":"Bottled Lightning"},{"floor":10.0,"key":"Meat on the Bone"},{"floor":13.0,"key":"Strawberry"},{"floor":23.0,"key":"Eternal Feather"},{"floor":25.0,"key":"Du-Vu Doll"},{"floor":26.0,"key":"Singing Bowl"},{"floor":31.0,"key":"Incense Burner"},{"floor":40.0,"key":"Anchor"}],"event_choices":[{"damage_healed":0.0,"max_hp_gain":0.0,"max_hp_loss":0.0,"gold_gain":0.0,"event_name":"FaceTrader","player_choice":"Trade","floor":3.0,"gold_loss":0.0,"damage_taken":0.0,"relics_obtained":["FaceOfCleric"]},{"cards_removed":["Strike_R"],"damage_healed":0.0,"max_hp_gain":0.0,"max_hp_loss":0.0,"gold_gain":0.0,"event_name":"Beggar","player_choice":"Gave Gold","floor":21.0,"gold_loss":75.0,"damage_taken":0.0},{"damage_healed":0.0,"max_hp_gain":0.0,"max_hp_loss":0.0,"gold_gain":0.0,"event_name":"Duplicator","player_choice":"Copied","floor":38.0,"gold_loss":0.0,"damage_taken":0.0,"cards_obtained":["Combust"]}],"is_beta":false,"boss_relics":[{"not_picked":["SlaversCollar","Snecko Eye"],"picked":"Mark of Pain"},{"not_picked":["Busted Crown","Coffee Dripper"],"picked":"Astrolabe"}],"items_purged_floors":[],"is_endless":false,"potions_floor_spawned":[1,6,13,16,23,28,31,33],"killed_by":"Reptomancer","ascension_level":16}}