{"host":"c3lc60y5x60jlt1y","time":1611756130,"event":{"mods":["AchievementEnabler","BaseMod","Bestiary","Colored Map","Minty Spire (QoL Compilation)","Quick Restart","StSLib","ojb\u0027s Info Mod"],"gold_per_floor":[110,110,110,11,31,31,64,79,103,120,131,163,163,180,180,259,259,277,121,36,36,56,56,56],"floor_reached":23,"language":"ENG","playtime":1290,"items_purged":["Defend_R","Strike_R"],"score":452,"play_id":"79a059a2-8342-4ee2-8349-26968e340adb","local_time":"20210127160210","is_ascension_mode":true,"campfire_choices":[{"data":"Armaments","floor":6.0,"key":"SMITH"},{"data":"Flame Barrier","floor":13.0,"key":"SMITH"},{"data":"Body Slam","floor":15.0,"key":"SMITH"}],"circlet_count":0,"master_deck":["AscendersBane","Strike_R","Strike_R","Strike_R","Strike_R+1","Defend_R","Defend_R","Defend_R+1","Bash","Flame Barrier","Armaments+1","Pommel Strike","Flex","Body Slam+1","Flame Barrier+1","Whirlwind","Inflame","Dual Wield","Limit Break","Bloodletting","Flex","Shrug It Off"],"relics":["Burning Blood","NeowsBlessing","Akabeko","Regal Pillow","Omamori","Velvet Choker","FossilizedHelix"],"acts_visited":["Exordium","TheCity"],"potions_floor_usage":[],"damage_taken":[{"damage":0.0,"enemies":"Jaw Worm","floor":1.0,"turns":1.0},{"damage":0.0,"enemies":"Small Slimes","floor":5.0,"turns":1.0},{"damage":0.0,"enemies":"Gremlin Nob","floor":7.0,"turns":1.0},{"damage":0.0,"enemies":"Cultist","floor":8.0,"turns":2.0},{"damage":1.0,"enemies":"Exordium Thugs","floor":10.0,"turns":5.0},{"damage":6.0,"enemies":"Large Slime","floor":11.0,"turns":6.0},{"damage":21.0,"enemies":"Lagavulin","floor":12.0,"turns":9.0},{"damage":17.0,"enemies":"Exordium Wildlife","floor":14.0,"turns":4.0},{"damage":72.0,"enemies":"The Guardian","floor":16.0,"turns":16.0},{"damage":22.0,"enemies":"Shell Parasite","floor":18.0,"turns":4.0},{"damage":38,"enemies":"Spheric Guardian","floor":22,"turns":6},{"damage":21,"enemies":"Book of Stabbing","floor":23,"turns":2}],"seed_played":"-8042026825441839201","potions_obtained":[{"floor":7.0,"key":"FairyPotion"},{"floor":8.0,"key":"LiquidBronze"},{"floor":16.0,"key":"Explosive Potion"},{"floor":21,"key":"FearPotion"}],"is_trial":false,"path_per_floor":["M","?","?","$","M","R","E","M","T","M","M","E","R","M","R","B",null,"M","$","?","?","M","E"],"character_chosen":"IRONCLAD","items_purchased":["Armaments","Flex"],"campfire_rested":0,"item_purchase_floors":[4,19],"current_hp_per_floor":[74,51,56,56,62,62,68,74,74,79,79,64,64,53,53,14,64,48,48,48,48,16,0,0],"gold":56,"neow_bonus":"THREE_ENEMY_KILL","is_daily":false,"chose_seed":false,"campfire_upgraded":3,"win_rate":0.0,"timestamp":1611756130,"path_taken":["M","?","?","$","?","R","E","?","T","M","M","E","R","M","R","BOSS","M","$","?","?","?","E"],"items_purchased_type":["Card","Card"],"build_version":"2020-12-22","purchased_purges":2,"victory":false,"max_hp_per_floor":[75,75,80,80,80,80,80,80,80,80,80,80,80,80,80,80,80,80,80,80,80,80,80,80],"card_choices":[{"not_picked":["Iron Wave","Metallicize"],"picked":"Flame Barrier","floor":1.0},{"not_picked":["Wild Strike","Metallicize"],"picked":"Pommel Strike","floor":5.0},{"not_picked":["Power Through","Armaments"],"picked":"Flex","floor":7.0},{"not_picked":["Metallicize","Clash"],"picked":"Body Slam","floor":8.0},{"not_picked":["Clash","Sever Soul"],"picked":"Flame Barrier","floor":10.0},{"not_picked":["Warcry","Metallicize"],"picked":"Whirlwind","floor":11.0},{"not_picked":["Warcry","Sword Boomerang"],"picked":"Inflame","floor":12.0},{"not_picked":["Wild Strike","Power Through"],"picked":"Dual Wield","floor":14.0},{"not_picked":["Exhume","Berserk"],"picked":"Limit Break","floor":16.0},{"not_picked":["Perfected Strike","Sword Boomerang"],"picked":"Bloodletting","floor":18.0},{"not_picked":["Carnage","Metallicize"],"picked":"Shrug It Off","floor":22}],"player_experience":8655480,"relics_obtained":[{"floor":7.0,"key":"Akabeko"},{"floor":9.0,"key":"Regal Pillow"},{"floor":12.0,"key":"Omamori"}],"event_choices":[{"damage_healed":0.0,"max_hp_gain":0.0,"max_hp_loss":0.0,"gold_gain":0.0,"event_name":"Shining Light","player_choice":"Entered Light","floor":2.0,"gold_loss":0.0,"damage_taken":23.0,"cards_upgraded":["Defend_R","Strike_R"]},{"damage_healed":0.0,"max_hp_gain":5.0,"max_hp_loss":0.0,"gold_gain":0.0,"event_name":"Big Fish","player_choice":"Donut","floor":3.0,"gold_loss":0.0,"damage_taken":0.0},{"damage_healed":0,"gold_gain":0,"player_choice":"Obtained Relic","damage_taken":0,"relics_obtained":["FossilizedHelix"],"max_hp_gain":0,"max_hp_loss":0,"event_name":"Addict","floor":20,"gold_loss":85},{"damage_healed":0,"gold_gain":0,"player_choice":"Got Potions","damage_taken":0,"max_hp_gain":0,"max_hp_loss":0,"event_name":"Lab","floor":21,"gold_loss":0}],"is_beta":false,"boss_relics":[{"not_picked":["Calling Bell","Busted Crown"],"picked":"Velvet Choker"}],"items_purged_floors":[4,19],"is_endless":false,"potions_floor_spawned":[7,8,10,16,18],"killed_by":"Book of Stabbing","ascension_level":20}}