{"host":"jumrmhf584hajrnz","time":1611773121,"event":{"mods":["BaseMod","Duelist Mod","GifTheSpireLib","Minty Spire (QoL Compilation)","Quick Restart","StSLib"],"gold_per_floor":[136,147,158,175,175,210,210,242,242,242,192,209,224,224,224,298,298,308,319,319,319,319,319,319],"floor_reached":23,"language":"ENG","playtime":1095,"items_purged":[],"score":452,"play_id":"bb44dc43-7d0f-406e-94fa-92a22f09ac27","local_time":"20210127194521","is_ascension_mode":true,"campfire_choices":[{"floor":7,"key":"REST"},{"floor":15,"key":"RECALL"}],"circlet_count":0,"master_deck":["AscendersBane","theDuelist:BeaverWarrior","theDuelist:BeaverWarrior","theDuelist:CastleWalls","theDuelist:CastleWalls","theDuelist:FinalFlame","theDuelist:GiantSoldier","theDuelist:GiantSoldier","theDuelist:ScrapFactory","theDuelist:Sparks","theDuelist:Sparks","theDuelist:RainbowNeos","theDuelist:Eva","theDuelist:AfterGenocide","theDuelist:BigFire","theDuelist:Reinforcements","theDuelist:GravityLash","theDuelist:DoubleTool","theDuelist:Hinotama","theDuelist:SparkBlaster+1","theDuelist:KamionTimelord","theDuelist:MillenniumShield","theDuelist:EarthEffigy","Necronomicurse","theDuelist:DeltaMagnet"],"relics":["theDuelist:MillenniumPuzzle","theDuelist:CardPoolRelic","theDuelist:CardPoolBasicRelic","theDuelist:BoosterPackPoolRelic","theDuelist:CardPoolAddRelic","theDuelist:CardPoolMinusRelic","theDuelist:CardPoolSaveRelic","theDuelist:CardPoolOptionsRelic","NeowsBlessing","Blood Vial","theDuelist:MillenniumRing","Tough Bandages","Busted Crown","Necronomicon"],"acts_visited":["Exordium","TheCity"],"potions_floor_usage":[6,8,23,23],"damage_taken":[{"damage":0,"enemies":"Cultist","floor":1,"turns":1},{"damage":0,"enemies":"2 Louse","floor":2,"turns":2},{"damage":0,"enemies":"Jaw Worm","floor":3,"turns":1},{"damage":9,"enemies":"3 Louse","floor":4,"turns":4},{"damage":42,"enemies":"Gremlin Nob","floor":6,"turns":5},{"damage":0,"enemies":"3 Sentries","floor":8,"turns":6},{"damage":1,"enemies":"2 Fungi Beasts","floor":12,"turns":3},{"damage":3,"enemies":"Looter","floor":13,"turns":3},{"damage":50,"enemies":"Slime Boss","floor":16,"turns":12},{"damage":30,"enemies":"Shell Parasite","floor":18,"turns":6},{"damage":8,"enemies":"2 Thieves","floor":19,"turns":4},{"damage":0,"enemies":"Gremlin Leader","floor":23,"turns":3}],"seed_played":"-7594103147424006446","potions_obtained":[{"floor":1,"key":"theDuelist:OrbBottle"},{"floor":3,"key":"Weak Potion"},{"floor":12,"key":"SteroidPotion"},{"floor":18,"key":"theDuelist:WhiteBottle"}],"is_trial":false,"path_per_floor":["M","M","M","M","T","E","R","E","T","?","$","M","M","?","R","B",null,"M","M","?","?","?","E"],"character_chosen":"THE_DUELIST","items_purchased":["theDuelist:DoubleTool"],"campfire_rested":1,"item_purchase_floors":[11],"current_hp_per_floor":[63,63,63,54,54,14,35,37,37,37,37,38,37,60,60,12,56,28,22,36,15,15,17,17],"gold":319,"neow_bonus":"THREE_ENEMY_KILL","is_daily":false,"chose_seed":false,"campfire_upgraded":0,"win_rate":0.0,"timestamp":1611773121,"path_taken":["M","M","?","?","?","E","R","E","T","?","$","M","?","?","R","BOSS","M","M","?","?","?","E"],"items_purchased_type":["Card"],"build_version":"2020-12-22","purchased_purges":0,"victory":false,"max_hp_per_floor":[70,70,70,70,70,70,70,70,70,70,70,70,70,70,70,70,70,70,70,70,70,70,70,70],"card_choices":[{"not_picked":["theDuelist:MeteorDestruction","theDuelist:OnslaughtFireKings","theDuelist:SilverApples","theDuelist:ImperialOrder"],"picked":"theDuelist:RainbowNeos","floor":1},{"not_picked":["theDuelist:CoreBlaster","theDuelist:SpiritHarp","theDuelist:DoubleTool","theDuelist:SpiralSpearStrike"],"picked":"theDuelist:Eva","floor":2},{"not_picked":["theDuelist:PsychicShockwave","theDuelist:Graverobber","theDuelist:RainbowNeos","theDuelist:FuryFire"],"picked":"theDuelist:AfterGenocide","floor":3},{"not_picked":["theDuelist:CoreBlaster","theDuelist:WormApocalypse","theDuelist:ScrapFactory","theDuelist:MiracleFertilizer"],"picked":"theDuelist:BigFire","floor":4},{"not_picked":["theDuelist:Graverobber","theDuelist:FairyBox","theDuelist:SilverApples","theDuelist:PowerWall"],"picked":"theDuelist:Reinforcements","floor":6},{"not_picked":["theDuelist:GravityBlaster","theDuelist:AssaultArmor"],"picked":"theDuelist:GravityLash","floor":8},{"not_picked":["theDuelist:SpellShatteringArrow","theDuelist:Invigoration","theDuelist:FluteKuriboh","theDuelist:SwordDeepSeated"],"picked":"theDuelist:Hinotama","floor":12},{"not_picked":["theDuelist:LegendarySword+1","theDuelist:FuryFire+1","theDuelist:DoubleTool+1","theDuelist:CharcoalInpachi"],"picked":"theDuelist:SparkBlaster+1","floor":13},{"not_picked":["theDuelist:HappyLover","theDuelist:Eva","theDuelist:RainbowKuriboh","theDuelist:RainbowOverdragon"],"picked":"theDuelist:KamionTimelord","floor":16},{"not_picked":["theDuelist:GridRod","theDuelist:AmuletAmbition"],"picked":"theDuelist:MillenniumShield","floor":18},{"not_picked":["theDuelist:DestroyerGolem","theDuelist:GemElephant"],"picked":"theDuelist:EarthEffigy","floor":19}],"player_experience":1605842,"relics_obtained":[{"floor":5,"key":"Blood Vial"},{"floor":6,"key":"theDuelist:MillenniumRing"},{"floor":8,"key":"Tough Bandages"},{"floor":21,"key":"Necronomicon"}],"event_choices":[{"damage_healed":0,"gold_gain":0,"player_choice":"Leave","duelist":true,"damage_taken":0,"max_hp_gain":0,"max_hp_loss":0,"event_name":"Tomb of the Nameless","floor":10,"gold_loss":0},{"damage_healed":23,"gold_gain":0,"player_choice":"Banana","damage_taken":0,"max_hp_gain":0,"max_hp_loss":0,"event_name":"Big Fish","floor":14,"gold_loss":0},{"damage_healed":14,"gold_gain":0,"player_choice":"Heal","damage_taken":0,"max_hp_gain":0,"max_hp_loss":0,"event_name":"The Library","floor":20,"gold_loss":0},{"damage_healed":0,"gold_gain":0,"player_choice":"Obtained Book","damage_taken":21,"max_hp_gain":0,"max_hp_loss":0,"event_name":"Cursed Tome","floor":21,"gold_loss":0},{"damage_healed":0,"gold_gain":0,"player_choice":"Delta Electro","duelist":true,"damage_taken":0,"max_hp_gain":0,"max_hp_loss":0,"event_name":"Egyptian Village","floor":22,"gold_loss":0,"cards_obtained":["Delta Electromagnet Warrior"]}],"is_beta":false,"boss_relics":[{"not_picked":["Tiny House","Philosopher\u0027s Stone"],"picked":"Busted Crown"}],"items_purged_floors":[],"is_endless":false,"potions_floor_spawned":[1,3,12,18],"killed_by":"Gremlin Leader","ascension_level":20}}