{"host":"c5slkkw8hp42e20v","time":1611725947,"event":{"mods":["AchievementEnabler","BaseMod","Better Note","BetterRewards","Clawfect","Colored Powertips","DeckTracker","Duelist Mod","Friendly Minions","GifTheSpireLib","Hermit","Highlight Path","Minty Spire (QoL Compilation)","Quick Restart","Rare Cards Sparkle","Replay The Spire","Spicy Shops","StSLib","The Administrix","The Animator","The Bug Knight","The Hierophant","The Necromancer","The Poker Player","The Runesmith","The Senshi","The Servant 0.9.4","????"],"gold_per_floor":[115,115,115,130,150,150,150],"floor_reached":6,"language":"ENG","playtime":197,"items_purged":[],"score":36,"play_id":"8ecc6c58-bfd5-4f64-8c05-45ff0c09ac3d","local_time":"20210126233907","is_ascension_mode":false,"campfire_choices":[],"circlet_count":0,"master_deck":["Strike_P","Strike_P","Strike_P","Strike_P","Defend_P","Defend_P","Defend_P","Eruption","Vigilance","FlurryOfBlows","Voices","JustLucky","Consecrate"],"relics":["PureWater","NeowsBlessing","ReplayTheSpireMod:Ring of Collecting"],"acts_visited":["Exordium"],"potions_floor_usage":[],"damage_taken":[{"damage":0,"enemies":"Small Slimes","floor":1,"turns":1},{"damage":0,"enemies":"Jaw Worm","floor":4,"turns":1},{"damage":0,"enemies":"2 Louse","floor":5,"turns":1},{"damage":69,"enemies":"Lagavulin","floor":6,"turns":8}],"seed_played":"-2519062843612177694","potions_obtained":[{"floor":4,"key":"Ancient Potion"}],"is_trial":false,"path_per_floor":["M","?","?","M","M","E"],"character_chosen":"WATCHER","items_purchased":[],"campfire_rested":0,"item_purchase_floors":[],"current_hp_per_floor":[72,65,65,65,65,0,0],"gold":150,"neow_bonus":"THREE_ENEMY_KILL","is_daily":false,"chose_seed":false,"campfire_upgraded":0,"win_rate":0.0,"timestamp":1611725947,"path_taken":["M","?","?","M","M","E"],"items_purchased_type":[],"build_version":"2020-12-22","purchased_purges":0,"victory":false,"max_hp_per_floor":[72,72,72,72,72,72,72],"card_choices":[{"not_picked":["SashWhip","Replay:ManipulateFuture"],"picked":"FlurryOfBlows","floor":1},{"not_picked":["LikeWater","Study"],"picked":"JustLucky","floor":4},{"not_picked":["BowlingBash","CrushJoints"],"picked":"Consecrate","floor":5}],"player_experience":118809,"relics_obtained":[{"floor":3,"key":"ReplayTheSpireMod:Ring of Collecting"}],"event_choices":[{"cards_removed":["Defend_P"],"damage_healed":0,"gold_gain":0,"player_choice":"Card Removal","damage_taken":7,"max_hp_gain":0,"max_hp_loss":0,"event_name":"Golden Wing","floor":2,"gold_loss":0}],"is_beta":false,"boss_relics":[],"items_purged_floors":[],"is_endless":false,"potions_floor_spawned":[4],"killed_by":"Lagavulin","ascension_level":0}}