{"host":"sav7uxregyirlf69","time":1611735340,"event":{"mods":["AchievementEnabler","BaseMod","Colored Map","DeckTracker","Keyboard Shortcuts","Minty Spire (QoL Compilation)","READ ME - Guardian Mod","StSLib","SuperFastMode"],"gold_per_floor":[115,128,128,140,158,158,172,190,190,215,215,215,225,252,252,327,327,339,339,358,22,22,57,57,57,80,80,90,90,109,181,181,259,259,269,1268,1268,606,606,606,635,635,635,669,669,669,686,700,700,700,700],"floor_reached":50,"language":"KOR","playtime":1355,"items_purged":["Strike_G","Strike_G"],"score":1211,"play_id":"dc06b805-0b73-49f6-b03c-c755b3282d11","local_time":"20210127171540","is_ascension_mode":true,"campfire_choices":[{"data":"Cloak And Dagger","floor":6.0,"key":"SMITH"},{"data":"Strike_G","floor":12.0,"key":"PURGE"},{"data":"Well Laid Plans","floor":15.0,"key":"SMITH"},{"data":"Concentrate","floor":24.0,"key":"SMITH"},{"data":"Reflex","floor":27.0,"key":"SMITH"},{"floor":29.0,"key":"REST"},{"floor":32.0,"key":"REST"},{"data":"Night Terror","floor":40.0,"key":"SMITH"},{"data":"Reflex","floor":42.0,"key":"SMITH"},{"data":"Shame","floor":45.0,"key":"PURGE"},{"floor":49.0,"key":"RECALL"}],"circlet_count":0,"master_deck":["AscendersBane","Defend_G","Defend_G","Defend_G","Defend_G","Defend_G","Survivor+1","Neutralize","Dagger Spray+1","Escape Plan","Cloak And Dagger+1","Backstab","Adrenaline+1","Dagger Throw","Well Laid Plans+1","After Image","PiercingWail+1","Reflex+1","Concentrate+1","Prepared","Footwork","Calculated Gamble","Noxious Fumes","Night Terror+1","Reflex+1","Acrobatics"],"relics":["Ring of the Snake","Vajra","Centennial Puzzle","Peace Pipe","Odd Mushroom","Black Star","Happy Flower","Omamori","Matryoshka","Dream Catcher","Strawberry","Darkstone Periapt","The Courier","Cursed Key","Paper Crane","Bag of Preparation","Ancient Tea Set","Sling","PreservedInsect","Gremlin Horn","Art of War","War Paint"],"acts_visited":["Exordium","TheCity","TheBeyond"],"potions_floor_usage":[50],"damage_taken":[{"damage":1.0,"enemies":"Small Slimes","floor":1.0,"turns":4.0},{"damage":3.0,"enemies":"Cultist","floor":2.0,"turns":4.0},{"damage":0.0,"enemies":"2 Louse","floor":4.0,"turns":1.0},{"damage":1.0,"enemies":"Exordium Wildlife","floor":5.0,"turns":3.0},{"damage":0.0,"enemies":"3 Louse","floor":7.0,"turns":2.0},{"damage":0.0,"enemies":"Large Slime","floor":8.0,"turns":4.0},{"damage":17.0,"enemies":"Gremlin Nob","floor":10.0,"turns":4.0},{"damage":0.0,"enemies":"Looter","floor":13.0,"turns":2.0},{"damage":11.0,"enemies":"The Mushroom Lair","floor":14.0,"turns":3.0},{"damage":8.0,"enemies":"Slime Boss","floor":16.0,"turns":8.0},{"damage":1.0,"enemies":"Chosen","floor":18.0,"turns":5.0},{"damage":4.0,"enemies":"Shell Parasite","floor":20.0,"turns":5.0},{"damage":14.0,"enemies":"Slavers","floor":23.0,"turns":4.0},{"damage":5.0,"enemies":"Chosen and Byrds","floor":28.0,"turns":9.0},{"damage":10.0,"enemies":"Cultist and Chosen","floor":30.0,"turns":8.0},{"damage":33.0,"enemies":"Automaton","floor":33.0,"turns":15.0},{"damage":12.0,"enemies":"3 Shapes","floor":35.0,"turns":5.0},{"damage":0.0,"enemies":"Reptomancer","floor":41.0,"turns":6.0},{"damage":0.0,"enemies":"Giant Head","floor":44.0,"turns":9.0},{"damage":0.0,"enemies":"Orb Walker","floor":47.0,"turns":3.0},{"damage":0.0,"enemies":"Jaw Worm Horde","floor":48.0,"turns":4.0},{"damage":0,"enemies":"Time Eater","floor":50,"turns":7}],"seed_played":"1725287001880434054","potions_obtained":[{"floor":4.0,"key":"Dexterity Potion"},{"floor":7.0,"key":"Poison Potion"},{"floor":8.0,"key":"Block Potion"},{"floor":13.0,"key":"FearPotion"},{"floor":20.0,"key":"LiquidMemories"},{"floor":23.0,"key":"CunningPotion"},{"floor":28.0,"key":"LiquidMemories"},{"floor":35.0,"key":"Fire Potion"},{"floor":48.0,"key":"Strength Potion"}],"is_trial":false,"path_per_floor":["M","M","?","M","M","R","M","M","T","E","?","R","M","?","R","B",null,"M","?","M","$","?","E","R","?","T","R","M","R","M","T","R","B",null,"M","?","?","$","?","R","E","R","T","E","R","T","M","M","R","B"],"character_chosen":"THE_SILENT","items_purchased":["Reflex","Happy Flower","Paper Crane","Bag of Preparation","Ancient Tea Set","Sling"],"campfire_rested":2,"item_purchase_floors":[21,21,38,38,38,38],"current_hp_per_floor":[58,55,55,55,54,54,54,54,54,37,30,30,30,19,19,11,52,51,51,47,47,29,15,15,15,22,22,17,40,30,30,53,20,64,52,52,52,52,52,52,52,52,58,58,58,58,58,58,58,58,58],"gold":700,"neow_bonus":"RANDOM_COMMON_RELIC","is_daily":false,"chose_seed":false,"campfire_upgraded":6,"win_rate":0.0,"timestamp":1611735340,"path_taken":["M","M","?","?","M","R","M","M","T","E","?","R","M","?","R","BOSS","M","?","M","$","?","E","R","?","T","R","M","R","M","?","R","BOSS","M","?","?","$","?","R","E","R","T","E","R","?","M","?","R","BOSS"],"items_purchased_type":["Card","Relic","Relic","Relic","Relic","Relic"],"build_version":"2020-12-22","purchased_purges":2,"victory":false,"max_hp_per_floor":[66,66,66,66,66,66,66,66,66,66,66,66,66,66,66,66,66,66,66,66,66,71,71,71,71,78,78,78,78,78,78,78,78,78,78,78,78,78,78,78,78,78,84,84,84,84,84,84,84,84,84],"card_choices":[{"not_picked":["Slice","Deadly Poison"],"picked":"Dagger Spray","floor":1.0},{"not_picked":["Prepared","Choke"],"picked":"Escape Plan","floor":2.0},{"not_picked":["Dash","PiercingWail"],"picked":"Cloak And Dagger","floor":4.0},{"not_picked":["PiercingWail","Cloak And Dagger"],"picked":"Backstab","floor":5.0},{"not_picked":["Prepared","Poisoned Stab","Outmaneuver"],"picked":"SKIP","floor":7.0},{"not_picked":["Prepared","Poisoned Stab","Outmaneuver"],"picked":"SKIP","floor":7.0},{"not_picked":["Riddle With Holes","Deadly Poison"],"picked":"Adrenaline","floor":8.0},{"not_picked":["Deadly Poison","Backstab"],"picked":"Dagger Throw","floor":10.0},{"not_picked":["All Out Attack","Endless Agony","Cloak And Dagger"],"picked":"SKIP","floor":13.0},{"not_picked":["Masterful Stab","Deflect"],"picked":"Well Laid Plans","floor":14.0},{"not_picked":["Venomology","Bullet Time"],"picked":"After Image","floor":16.0},{"not_picked":["Flying Knee","Dodge and Roll"],"picked":"PiercingWail+1","floor":18.0},{"not_picked":["Masterful Stab","Outmaneuver","Dodge and Roll"],"picked":"SKIP","floor":20.0},{"not_picked":["Reflex","Flying Knee"],"picked":"Concentrate","floor":23.0},{"not_picked":["Accuracy","PiercingWail"],"picked":"Prepared","floor":28.0},{"not_picked":["All Out Attack","Masterful Stab"],"picked":"Footwork","floor":29.0},{"not_picked":["Dash+1","Outmaneuver"],"picked":"Calculated Gamble","floor":30.0},{"not_picked":["Poisoned Stab","Deflect"],"picked":"Noxious Fumes","floor":32.0},{"not_picked":["Storm of Steel","Die Die Die"],"picked":"Night Terror","floor":33.0},{"not_picked":["Catalyst","Outmaneuver","Underhanded Strike"],"picked":"SKIP","floor":35.0},{"not_picked":["Finisher+1","Bane"],"picked":"Reflex","floor":41.0},{"not_picked":["Cloak And Dagger+1","Sucker Punch"],"picked":"Acrobatics","floor":44.0},{"not_picked":["Slice","Cloak And Dagger","Deflect"],"picked":"SKIP","floor":47.0},{"not_picked":["Cloak And Dagger","Acrobatics","Reflex+1"],"picked":"SKIP","floor":48.0}],"player_experience":1391129,"relics_obtained":[{"floor":9.0,"key":"Centennial Puzzle"},{"floor":10.0,"key":"Peace Pipe"},{"floor":14.0,"key":"Odd Mushroom"},{"floor":23.0,"key":"Omamori"},{"floor":23.0,"key":"Matryoshka"},{"floor":26.0,"key":"Dream Catcher"},{"floor":26.0,"key":"Strawberry"},{"floor":31.0,"key":"Darkstone Periapt"},{"floor":31.0,"key":"The Courier"},{"floor":41.0,"key":"PreservedInsect"},{"floor":41.0,"key":"Gremlin Horn"},{"floor":44.0,"key":"Art of War"},{"floor":44.0,"key":"War Paint"}],"event_choices":[{"damage_healed":0.0,"max_hp_gain":0.0,"max_hp_loss":0.0,"gold_gain":0.0,"event_name":"Upgrade Shrine","player_choice":"Upgraded","floor":3.0,"gold_loss":0.0,"damage_taken":0.0,"cards_upgraded":["Dagger Spray"]},{"cards_removed":["Strike_G"],"damage_healed":0.0,"max_hp_gain":0.0,"max_hp_loss":0.0,"gold_gain":0.0,"event_name":"Golden Wing","player_choice":"Card Removal","floor":11.0,"gold_loss":0.0,"damage_taken":7.0},{"damage_healed":0.0,"max_hp_gain":0.0,"max_hp_loss":0.0,"gold_gain":0.0,"event_name":"Mushrooms","player_choice":"Fought Mushrooms","floor":14.0,"gold_loss":0.0,"damage_taken":0.0},{"damage_healed":0.0,"max_hp_gain":0.0,"max_hp_loss":0.0,"gold_gain":0.0,"event_name":"The Mausoleum","player_choice":"Ignored","floor":19.0,"gold_loss":0.0,"damage_taken":0.0},{"damage_healed":0.0,"max_hp_gain":5.0,"max_hp_loss":0.0,"gold_gain":0.0,"event_name":"Forgotten Altar","player_choice":"Shed Blood","floor":22.0,"gold_loss":0.0,"damage_taken":23.0},{"damage_healed":0.0,"max_hp_gain":0.0,"max_hp_loss":0.0,"gold_gain":0.0,"event_name":"Ghosts","player_choice":"Ignored","floor":25.0,"gold_loss":0.0,"damage_taken":0.0},{"damage_healed":0.0,"max_hp_gain":0.0,"max_hp_loss":0.0,"gold_gain":999.0,"event_name":"MindBloom","player_choice":"Gold","floor":36.0,"gold_loss":0.0,"damage_taken":0.0,"cards_obtained":["Normality","Normality"]},{"damage_healed":0.0,"max_hp_gain":0.0,"max_hp_loss":0.0,"gold_gain":0.0,"event_name":"Mysterious Sphere","player_choice":"Ignored","floor":37.0,"gold_loss":0.0,"damage_taken":0.0},{"cards_removed":["Strike_G"],"damage_healed":0.0,"max_hp_gain":0.0,"max_hp_loss":0.0,"gold_gain":0.0,"event_name":"Falling","player_choice":"Removed Attack","floor":39.0,"gold_loss":0.0,"damage_taken":0.0}],"is_beta":false,"boss_relics":[{"not_picked":["Ectoplasm","Velvet Choker"],"picked":"Black Star"},{"not_picked":["Philosopher\u0027s Stone","Coffee Dripper"],"picked":"Cursed Key"}],"items_purged_floors":[21,38],"is_endless":false,"potions_floor_spawned":[4,7,8,13,20,23,28,35,48],"killed_by":"Time Eater","ascension_level":20}}