{"host":"n91kx4xj3dn3811n","time":1611734779,"event":{"mods":["Act Like it!","BaseMod","Better Third Choice","Colored Powertips","Highlight Path","Minty Spire (QoL Compilation)","MostiFishMod","Quick Restart","Replay The Spire","RumiaBox-露米娅的神秘盒子","Spicy Shops","StSLib","TestMod","Waifu the Spire","[IsaacMod]以撒尖塔","noobMod","【遗物卡牌】REMEMod","篝火指南"],"gold_per_floor":[112,27,40,53,71,104,104,130,181,208,220,231,301,318,318,419,419,438,327,347,359,370,397,397,432,432,465,479,507,517,544,544,641,641,652,663,677,695,714,746,746,774,774,1008,1058,1078,1093,1122,1122,1219,1219,1232,1232,1250,1332,1392,1419,1419,1444,1471,1517,1539,1569,1610,1707,1719,1829,1841,1871,1897,1970,1999,2079,2118,2180,2217,2254,2351,2428,2113,1969,2052,2052,2151,2151,2169,2169],"floor_reached":86,"language":"ZHS","playtime":6557,"items_purged":["BloodyBrimstone","Defend_R","Defend_R+1","Defend_R+1","Defend_R+1"],"score":2284,"play_id":"8aa61fc4-a4d7-4286-98fa-03847dbda103","local_time":"20210127160619","daily_mods":["DeadlyEvents","Elite Swarm"],"is_ascension_mode":false,"campfire_choices":[{"data":"Feed","floor":7.0,"key":"SMITH"},{"data":"MostiFishMod:FlyOverUtopia","floor":15.0,"key":"SMITH"},{"floor":24.0,"key":"REST"},{"data":"Infernal Blade","floor":32.0,"key":"SMITH"},{"floor":41.0,"key":"REST"},{"floor":49.0,"key":"REST"},{"data":"MostiFishMod:Mania","floor":58.0,"key":"SMITH"},{"floor":66.0,"key":"REST"}],"circlet_count":1,"master_deck":["Strike_R+1","Strike_R+1","Strike_R+1","Strike_R+1","Strike_R+1","Bash","Infernal Blade+1","Flex","Pommel Strike","Thunderclap","Shrug It Off","Feed+1","MostiFishMod:FlyOverUtopia+1","Double Tap","Flex","MostiFishMod:RacingGame","Bloodletting","MostiFishMod:CullingBlade","MostiFishMod:KnuckleDown","Feed","Limit Break","Flash of Steel","Finesse","MostiFishMod:Mania+1","Corruption","Searing Blow+1","MostiFishMod:DarkDeal+1","MostiFishMod:OrdinaryWorld+1","MostiFishMod:RacingGame+1","REME_Cut","Parasite","ReplayTheSpireMod:Strike From Hell"],"relics":["Burning Blood","DaveBox","testmod-TestBox","HushsDoor","ice","BirthdayGift-Icosahedron","testmod-CasingShield","SteamSale","SynthV:TestCard","Nunchaku","ZombieArmy","testmod-OneHitWonder","PunchingBag","PillsDrop","testmod-IncinerationGenerator","Chaos","ChiXiaoBlade","TheBible","Circlet","TheBattery","GodSword1","Red Mask","Cables","Pen Nib","testmod-BouquetWithThorns","MagicDraw1","Oddly Smooth Stone","testmod-Motorcycle","SacredBark","BrkXgEgg","Ice Cream","ice","SsserpentHead","MawBank","testmod-CardMagician","testmod-IndustrialRevolution","Sling","Membership Card","DollysMirror","Singing Bowl","Medical Kit","Strawberry","HandDrill","Centennial Puzzle","Bottled Tornado","testmod-ConstraintPeriapt","FeatherPendant"],"acts_visited":["Exordium","TheCity","TheBeyond","Exordium","TheCity","TheBeyond"],"potions_floor_usage":[],"damage_taken":[{"damage":0.0,"enemies":"2 Louse","floor":1.0,"turns":2.0},{"damage":0.0,"enemies":"Cultist","floor":3.0,"turns":2.0},{"damage":0.0,"enemies":"Jaw Worm","floor":4.0,"turns":2.0},{"damage":0.0,"enemies":"Looter","floor":5.0,"turns":2.0},{"damage":0.0,"enemies":"3 Sentries","floor":6.0,"turns":1.0},{"damage":0.0,"enemies":"Gremlin Nob","floor":8.0,"turns":2.0},{"damage":1.0,"enemies":"3 Sentries","floor":10.0,"turns":2.0},{"damage":4.0,"enemies":"Blue Slaver","floor":11.0,"turns":2.0},{"damage":0.0,"enemies":"2 Fungi Beasts","floor":12.0,"turns":2.0},{"damage":0.0,"enemies":"Looter","floor":14.0,"turns":2.0},{"damage":40.0,"enemies":"Hexaghost","floor":16.0,"turns":3.0},{"damage":0.0,"enemies":"Spheric Guardian","floor":18.0,"turns":2.0},{"damage":3.0,"enemies":"Shell Parasite","floor":20.0,"turns":2.0},{"damage":0.0,"enemies":"Cultist and Chosen","floor":21.0,"turns":3.0},{"damage":4.0,"enemies":"Sentry and Sphere","floor":22.0,"turns":2.0},{"damage":21.0,"enemies":"Book of Stabbing","floor":23.0,"turns":2.0},{"damage":3.0,"enemies":"Gremlin Leader","floor":25.0,"turns":1.0},{"damage":0.0,"enemies":"Book of Stabbing","floor":27.0,"turns":1.0},{"damage":7.0,"enemies":"3 Cultists","floor":28.0,"turns":2.0},{"damage":12.0,"enemies":"Slavers","floor":29.0,"turns":2.0},{"damage":0.0,"enemies":"Snecko","floor":30.0,"turns":2.0},{"damage":0.0,"enemies":"Masked Bandits","floor":31.0,"turns":2.0},{"damage":0.0,"enemies":"Collector","floor":33.0,"turns":2.0},{"damage":0.0,"enemies":"3 Darklings","floor":35.0,"turns":3.0},{"damage":0.0,"enemies":"Orb Walker","floor":36.0,"turns":1.0},{"damage":4.0,"enemies":"Jaw Worm Horde","floor":37.0,"turns":1.0},{"damage":13.0,"enemies":"Transient","floor":38.0,"turns":3.0},{"damage":7.0,"enemies":"Writhing Mass","floor":39.0,"turns":2.0},{"damage":0.0,"enemies":"Reptomancer","floor":40.0,"turns":2.0},{"damage":0.0,"enemies":"Nemesis","floor":42.0,"turns":1.0},{"damage":3.0,"enemies":"Giant Head","floor":44.0,"turns":1.0},{"damage":0.0,"enemies":"Hiden Room Battle","floor":45.0,"turns":1.0},{"damage":3.0,"enemies":"Spire Growth","floor":46.0,"turns":2.0},{"damage":7.0,"enemies":"Jaw Worm Horde","floor":47.0,"turns":1.0},{"damage":0.0,"enemies":"Reptomancer","floor":48.0,"turns":1.0},{"damage":20.0,"enemies":"Donu and Deca","floor":50.0,"turns":3.0},{"damage":0.0,"enemies":"Small Slimes","floor":52.0,"turns":1.0},{"damage":0.0,"enemies":"Cultist","floor":54.0,"turns":1.0},{"damage":0.0,"enemies":"Gremlin Nob","floor":55.0,"turns":1.0},{"damage":4.0,"enemies":"2 Louse","floor":56.0,"turns":1.0},{"damage":0.0,"enemies":"3 Sentries","floor":57.0,"turns":1.0},{"damage":0.0,"enemies":"Gremlin Nob","floor":59.0,"turns":1.0},{"damage":0.0,"enemies":"3 Sentries","floor":61.0,"turns":2.0},{"damage":4.0,"enemies":"Exordium Wildlife","floor":62.0,"turns":1.0},{"damage":0.0,"enemies":"3 Louse","floor":63.0,"turns":1.0},{"damage":0.0,"enemies":"Lagavulin","floor":64.0,"turns":2.0},{"damage":4.0,"enemies":"3 Sentries","floor":65.0,"turns":1.0},{"damage":3553.0,"enemies":"LittleHush","floor":67.0,"turns":21.0},{"damage":15.0,"enemies":"2 Thieves","floor":69.0,"turns":1.0},{"damage":15,"enemies":"Shell Parasite","floor":70,"turns":2},{"damage":0,"enemies":"Sentry and Sphere","floor":71,"turns":1},{"damage":4,"enemies":"Snecko","floor":72,"turns":2},{"damage":11,"enemies":"Chosen and Byrds","floor":73,"turns":2},{"damage":0,"enemies":"Gremlin Leader","floor":74,"turns":1},{"damage":17,"enemies":"Book of Stabbing","floor":76,"turns":2},{"damage":21,"enemies":"Slavers","floor":77,"turns":2},{"damage":5,"enemies":"Gremlin Leader","floor":78,"turns":1},{"damage":0,"enemies":"3 Cultists","floor":79,"turns":2},{"damage":0,"enemies":"Slavers","floor":82,"turns":1},{"damage":1040,"enemies":"Delirium","floor":84,"turns":11},{"damage":0,"enemies":"3 Darklings","floor":86,"turns":1}],"seed_played":"3306610102272453696","potions_obtained":[{"floor":1.0,"key":"Fire Potion"},{"floor":3.0,"key":"EssenceOfSteel"},{"floor":6.0,"key":"ColorlessPotion"},{"floor":12.0,"key":"PowerPotion"},{"floor":14.0,"key":"Strength Potion"},{"floor":16.0,"key":"Swift Potion"},{"floor":20.0,"key":"Weak Potion"},{"floor":21.0,"key":"SpeedPotion"},{"floor":30.0,"key":"SteroidPotion"}],"is_trial":true,"path_per_floor":["M","$","M","M","M","E","R","E","T","E","M","M","?","M","R","B",null,"M","$","M","M","M","E","R","E","T","E","M","E","M","?","R","B",null,"M","M","M","M","M","E","R","E","T","E","?","M","M","E","R","B",null,"M","?","M","E","M","E","R","E","T","E","M","M","E","E","R","B",null,"M","M","M","M","M","E","?","E","E","E","M","$","R","E","R","B",null,"M"],"character_chosen":"IRONCLAD","items_purchased":["Nunchaku","Flex","Chaos","testmod-IndustrialRevolution","Sling","Membership Card","DollysMirror","Singing Bowl","Medical Kit","Strawberry","HandDrill","Centennial Puzzle","Bottled Tornado","testmod-ConstraintPeriapt","REME_Cut"],"campfire_rested":4,"item_purchase_floors":[2,2,19,80,80,81,81,81,83,83,83,83,83,83,83],"current_hp_per_floor":[80,80,80,80,80,74,74,74,74,78,82,85,70,77,77,44,80,80,80,84,84,88,77,91,91,91,86,86,85,90,98,98,98,93,97,101,108,105,105,111,111,111,111,121,120,124,131,135,135,122,135,135,135,138,138,138,138,138,138,138,149,153,153,157,157,157,5022,5022,5015,5011,5018,5021,5017,5021,5021,5015,5005,5007,5014,5014,5014,5023,5030,4019,5040,5043,5043],"gold":2169,"neow_bonus":"","is_daily":false,"chose_seed":false,"campfire_upgraded":4,"win_rate":0.0,"timestamp":1611734779,"path_taken":["M","$","M","M","M","E","R","E","T","E","M","M","?","M","R","BOSS","M","$","M","M","M","E","R","E","T","E","M","E","M","?","R","BOSS","M","M","M","M","M","E","R","E","T","E","?","M","M","E","R","BOSS","M","?","M","?","?","E","R","E","T","E","M","M","E","?","R","BOSS","M","M","?","M","?","E","?","E","E","?","?","$","R","?","R","BOSS","M"],"items_purchased_type":["Relic","Card","Card","Relic","Relic","Relic","Relic","Relic","Relic","Relic","Relic","Relic","Relic","Relic","Card"],"build_version":"2020-12-22","purchased_purges":5,"victory":false,"max_hp_per_floor":[80,80,80,80,80,74,74,74,74,78,82,85,85,85,85,80,80,80,80,84,84,88,91,91,91,91,86,86,90,90,98,98,98,93,97,101,108,111,111,111,111,111,111,121,128,128,135,135,135,135,135,135,135,138,138,138,138,138,138,138,149,153,153,157,157,157,5022,5022,5022,5026,5026,5026,5026,5021,5021,5025,5029,5029,5029,5029,5029,5031,5038,5040,5040,5043,5043],"card_choices":[{"not_picked":[],"picked":"BloodyBrimstone","floor":0.0},{"not_picked":["Power Through","Perfected Strike"],"picked":"Infernal Blade","floor":1.0},{"not_picked":["True Grit","MostiFishMod:#F4004","Evolve","Warcry"],"picked":"Pommel Strike","floor":3.0},{"not_picked":["Anger","Shrug It Off","Flame Barrier","Whirlwind"],"picked":"Thunderclap","floor":4.0},{"not_picked":["Bomb","Battle Trance","Clash","Searing Blow"],"picked":"Shrug It Off","floor":5.0},{"not_picked":["Exhume","Impervious","Double Tap","MostiFishMod:PerfectStrikeMKII"],"picked":"Feed","floor":6.0},{"not_picked":["Offering","MostiFishMod:Mania","MostiFishMod:FireWorks","Reaper"],"picked":"MostiFishMod:FlyOverUtopia","floor":8.0},{"not_picked":["Exhume","MostiFishMod:NewArrival","MostiFishMod:TemporaryOutbreak","MostiFishMod:Chiaki"],"picked":"Double Tap","floor":10.0},{"not_picked":["Clothesline","Shrug It Off","Twin Strike","Inflame","Thunderclap"],"picked":"SKIP","floor":11.0},{"not_picked":["Bomb","Havoc","Perfected Strike","Shrug It Off","Inflame"],"picked":"SKIP","floor":12.0},{"not_picked":["Carnage","Sword Boomerang","Clothesline","Dual Wield"],"picked":"Flex","floor":14.0},{"not_picked":["Brutality","MostiFishMod:404NotFound","Reaper","Bludgeon"],"picked":"MostiFishMod:RacingGame","floor":16.0},{"not_picked":["Combust","MostiFishMod:#F4004","Thunderclap","Headbutt"],"picked":"Bloodletting","floor":18.0},{"not_picked":["Clothesline+1","Thunderclap","Clash+1","Sword Boomerang","Burning Pact"],"picked":"SKIP","floor":20.0},{"not_picked":["Sword Boomerang","Intimidate","Ghostly Armor","MostiFishMod:UltimateDefense","Clothesline"],"picked":"SKIP","floor":21.0},{"not_picked":["Clash","Body Slam","Wild Strike","Thunderclap","Headbutt"],"picked":"SKIP","floor":22.0},{"not_picked":["MostiFishMod:RainCloud","Corruption","MostiFishMod:Mania","Double Tap"],"picked":"MostiFishMod:CullingBlade","floor":23.0},{"not_picked":["Berserk","MostiFishMod:WingOfPhoenix","MostiFishMod:NewArrival","MostiFishMod:ChineseTea"],"picked":"MostiFishMod:KnuckleDown","floor":25.0},{"not_picked":["MostiFishMod:NewArrival","MostiFishMod:CullingBlade","Reaper","Exhume"],"picked":"Feed","floor":27.0},{"not_picked":["Shrug It Off","Flex","Second Wind","Pommel Strike+1","Blood for Blood"],"picked":"SKIP","floor":28.0},{"not_picked":["MostiFishMod:TemporaryOutbreak","Exhume","MostiFishMod:WingOfPhoenix","Offering","MostiFishMod:ChineseTea"],"picked":"SKIP","floor":29.0},{"not_picked":["Havoc+1","Iron Wave","Wild Strike+1","True Grit+1","Uppercut"],"picked":"SKIP","floor":30.0},{"not_picked":["Sentinel+1","Infernal Blade+1","Thunderclap","Rampage","Entrench+1"],"picked":"SKIP","floor":35.0},{"not_picked":["Rupture","Anger","Seeing Red","Heavy Blade+1","Thunderclap+1"],"picked":"SKIP","floor":36.0},{"not_picked":["Shockwave","Clash+1","Fire Breathing","Battle Trance","Armaments+1"],"picked":"SKIP","floor":37.0},{"not_picked":["Twin Strike","Warcry","Iron Wave+1","Havoc","Battle Trance+1"],"picked":"SKIP","floor":38.0},{"not_picked":["Iron Wave+1","Perfected Strike","Shrug It Off+1","Heavy Blade"],"picked":"Limit Break","floor":39.0},{"not_picked":["Brutality","MostiFishMod:NewArrival","MostiFishMod:WingOfPhoenix","Fiend Fire","MostiFishMod:404NotFound"],"picked":"SKIP","floor":40.0},{"not_picked":["Berserk","Impervious","MostiFishMod:DarkDeal","Fiend Fire","Limit Break"],"picked":"SKIP","floor":42.0},{"not_picked":["Fiend Fire","MostiFishMod:ChineseTea","MostiFishMod:HellRitual","MostiFishMod:WingOfPhoenix"],"picked":"MostiFishMod:Mania","floor":44.0},{"not_picked":["Bloodletting","Feel No Pain+1","Heavy Blade+1","Clash","Disarm+1"],"picked":"SKIP","floor":46.0},{"not_picked":["Heavy Blade+1","MostiFishMod:#F4004+1","Reckless Charge","Rampage"],"picked":"Corruption","floor":47.0},{"not_picked":["MostiFishMod:KnuckleDown+1","Fiend Fire+1","Impervious+1","MostiFishMod:Chiaki+1","Exhume+1"],"picked":"SKIP","floor":48.0},{"not_picked":["Cleave","Thunderclap","Feel No Pain","Dark Embrace","Battle Trance"],"picked":"SKIP","floor":52.0},{"not_picked":["MostiFishMod:#F4004","Rage","Armaments","Rupture","Heavy Blade"],"picked":"SKIP","floor":54.0},{"not_picked":["MostiFishMod:NewArrival+1","MostiFishMod:UltimateDefense+1","MostiFishMod:OrdinaryWorld+1","Limit Break+1","MostiFishMod:FlyOverUtopia+1"],"picked":"SKIP","floor":55.0},{"not_picked":["Carnage","Armaments","Hemokinesis","Anger","True Grit"],"picked":"SKIP","floor":56.0},{"not_picked":["MostiFishMod:KnuckleDown+1","Immolate+1","Barricade+1","Impervious+1","MostiFishMod:PerfectStrikeMKII+1"],"picked":"SKIP","floor":57.0},{"not_picked":["MostiFishMod:Mania+1","MostiFishMod:RainCloud+1","Berserk+1","Juggernaut+1","MostiFishMod:CullingBlade+1"],"picked":"SKIP","floor":59.0},{"not_picked":["MostiFishMod:Chiaki+1","Bludgeon+1","Offering+1","Brutality+1","MostiFishMod:PerfectStrikeMKII+1"],"picked":"SKIP","floor":61.0},{"not_picked":["Havoc","Blood for Blood","MostiFishMod:#F4004","Body Slam","Combust"],"picked":"SKIP","floor":62.0},{"not_picked":["Dropkick","Armaments","Sword Boomerang","Headbutt","Anger"],"picked":"SKIP","floor":63.0},{"not_picked":["MostiFishMod:RacingGame+1","Juggernaut+1","MostiFishMod:TemporaryOutbreak+1","MostiFishMod:KnuckleDown+1","Corruption+1"],"picked":"SKIP","floor":64.0},{"not_picked":["MostiFishMod:FlyOverUtopia+1","MostiFishMod:OrdinaryWorld+1","Brutality+1","MostiFishMod:CullingBlade+1","MostiFishMod:WingOfPhoenix+1"],"picked":"SKIP","floor":65.0},{"not_picked":["Iron Wave","Ghostly Armor","Shrug It Off","Clothesline"],"picked":"Searing Blow+1","floor":69},{"not_picked":["Whirlwind","Pommel Strike","Evolve","Iron Wave","Dual Wield"],"picked":"SKIP","floor":70},{"not_picked":["Battle Trance","Combust+1","Clothesline","Whirlwind+1","True Grit"],"picked":"SKIP","floor":71},{"not_picked":["Warcry","Iron Wave","Bloodletting","Wild Strike","Pommel Strike"],"picked":"SKIP","floor":72},{"not_picked":["Iron Wave","Perfected Strike","Whirlwind","ReplayTheSpireMod:LeadingStrike","Armaments"],"picked":"SKIP","floor":73},{"not_picked":["Corruption+1","MostiFishMod:Mania+1","MostiFishMod:ChineseTea+1","MostiFishMod:HellRitual+1"],"picked":"MostiFishMod:DarkDeal+1","floor":74},{"not_picked":["Replay:Many Hands+1","MostiFishMod:UltimateDefense+1","MostiFishMod:TemporaryOutbreak+1","MostiFishMod:FireWorks+1","Demon Form+1"],"picked":"SKIP","floor":76},{"not_picked":["Fiend Fire+1","Berserk+1","MostiFishMod:KnuckleDown+1","MostiFishMod:DarkDeal+1","MostiFishMod:Mania+1"],"picked":"SKIP","floor":77},{"not_picked":["Reaper+1","MostiFishMod:PerfectStrikeMKII+1","MostiFishMod:UltimateDefense+1","Impervious+1"],"picked":"MostiFishMod:OrdinaryWorld+1","floor":78},{"not_picked":["Body Slam","Thunderclap+1","Clash+1","Headbutt","Armaments"],"picked":"SKIP","floor":79},{"not_picked":["MostiFishMod:PerfectStrikeMKII+1","Hemogenesis+1","Reaper+1","MostiFishMod:Chiaki+1","REME_Fury+1"],"picked":"Singing Bowl","floor":82},{"not_picked":["REME_TheLastStrike+1","MostiFishMod:CullingBlade+1","Demonic Infusion+1","MostiFishMod:FlyOverUtopia+1","Bludgeon+1"],"picked":"Singing Bowl","floor":84},{"not_picked":["Headbutt+1","Havoc+1","Shrug It Off","Intimidate+1"],"picked":"ReplayTheSpireMod:Strike From Hell","floor":86}],"player_experience":166044,"relics_obtained":[{"floor":1.0,"key":"SynthV:TestCard"},{"floor":6.0,"key":"ZombieArmy"},{"floor":8.0,"key":"testmod-OneHitWonder"},{"floor":9.0,"key":"PunchingBag"},{"floor":10.0,"key":"PillsDrop"},{"floor":23.0,"key":"ChiXiaoBlade"},{"floor":25.0,"key":"TheBible"},{"floor":26.0,"key":"vexMod:TimeEaterHat"},{"floor":27.0,"key":"TheBattery"},{"floor":29.0,"key":"GodSword1"},{"floor":31.0,"key":"Red Mask"},{"floor":40.0,"key":"Cables"},{"floor":42.0,"key":"Pen Nib"},{"floor":43.0,"key":"testmod-BouquetWithThorns"},{"floor":44.0,"key":"MagicDraw1"},{"floor":45.0,"key":"testmod-Motorcycle"},{"floor":45.0,"key":"SacredBark"},{"floor":48.0,"key":"BrkXgEgg"},{"floor":60.0,"key":"MawBank"}],"event_choices":[{"damage_healed":0.0,"max_hp_gain":0.0,"max_hp_loss":0.0,"gold_gain":0.0,"event_name":"Masked Bandits","player_choice":"Fought Bandits","floor":31.0,"gold_loss":0.0,"damage_taken":0.0},{"damage_healed":0.0,"max_hp_gain":0.0,"max_hp_loss":0.0,"gold_gain":0.0,"event_name":"HidenRoomEvent","player_choice":"Fight","floor":45.0,"gold_loss":0.0,"damage_taken":0.0},{"damage_healed":0.0,"max_hp_gain":0.0,"max_hp_loss":0.0,"gold_gain":0.0,"event_name":"FaceTrader","player_choice":"Trade","floor":53.0,"gold_loss":0.0,"damage_taken":0.0,"relics_obtained":["SsserpentHead"]},{"damage_healed":0,"gold_gain":0,"player_choice":"Simplicity","damage_taken":0,"max_hp_gain":0,"max_hp_loss":8,"event_name":"betterThird:BetterWriting","floor":75,"gold_loss":0}],"is_beta":false,"boss_relics":[{"not_picked":["ChampionBelt","MoonlightInvasionPlan"],"picked":"testmod-IncinerationGenerator"},{"not_picked":[]},{"not_picked":["Ornamental Fan","GuppysHead"],"picked":"vexMod:RedPlottingStone"},{"not_picked":[]},{"not_picked":["Red Skull","RottenBaby"],"picked":"Ice Cream"},{"not_picked":[]},{"not_picked":["Astrolabe","NightmareShop"],"picked":"testmod-CardMagician"},{"not_picked":[]},{"not_picked":["Black Star","testmod-NegativeEmotionEnhancer"],"picked":"FeatherPendant"},{"not_picked":[]}],"items_purged_floors":[19,34,80,80,83],"is_endless":true,"potions_floor_spawned":[1,3,6,12,14,16,20,21,25,28,29,30,36,37,45,46,47,52,56,59,63,64,65,69,74,76,77,82,84,86],"killed_by":"3 Darklings","ascension_level":0}}