{"host":"ooa7gbxz3ilj1hm6","time":1611718793,"event":{"mods":["BaseMod","Colored Map","Downfall","Highlight Path","Minty Spire (QoL Compilation)","StSLib"],"gold_per_floor":[99,110,121,132,148,182,182,198,226,19,35,35,60,94,111,111,111,111],"floor_reached":16,"language":"ENG","playtime":901,"items_purged":[],"score":124,"play_id":"3f90720e-0744-4492-aae9-540f3f48c702","local_time":"20210126203953","is_ascension_mode":false,"campfire_choices":[{"data":"Slimebound:CheckThePlaybook","floor":1,"key":"SMITH"},{"data":"Apotheosis","floor":12,"key":"SMITH"}],"circlet_count":0,"master_deck":["Slimebound:Strike_Slimebound","Slimebound:Strike_Slimebound","Slimebound:Strike_Slimebound","Slimebound:Tackle","Slimebound:Defend_Slimebound","Slimebound:Defend_Slimebound","Slimebound:Defend_Slimebound","Slimebound:Defend_Slimebound","Slimebound:Split","Slimebound:CorrosiveSpit","Slimebound:CheckThePlaybook+1","Slimebound:Recollect","Slimebound:FlameTackle","Slimebound:RejuvenatingLick","Slimebound:LivingWall","Apotheosis+1","Slimebound:Schlurp","Slimebound:Chomp+1","Slimebound:GoopSpray"],"relics":["Slimebound:AbsorbEndCombat","Omamori","Shuriken","Odd Mushroom","Molten Egg 2"],"acts_visited":["Exordium"],"potions_floor_usage":[],"damage_taken":[{"damage":0,"enemies":"Cultist","floor":2,"turns":2},{"damage":2,"enemies":"2 Louse","floor":3,"turns":3},{"damage":6,"enemies":"Small Slimes","floor":4,"turns":3},{"damage":4,"enemies":"2 Fungi Beasts","floor":5,"turns":2},{"damage":28,"enemies":"Gremlin Nob","floor":6,"turns":3},{"damage":10,"enemies":"Exordium Thugs","floor":8,"turns":5},{"damage":15,"enemies":"Lagavulin","floor":9,"turns":5},{"damage":3,"enemies":"downfall:FleeingMerchant","floor":10,"turns":4},{"damage":12,"enemies":"3 Louse","floor":11,"turns":4},{"damage":19,"enemies":"The Mushroom Lair","floor":13,"turns":5},{"damage":36,"enemies":"Gremlin Nob","floor":14,"turns":5},{"damage":1,"enemies":"Blue Slaver","floor":15,"turns":4},{"damage":13,"enemies":"SI_SHIV_ARCHETYPE","floor":16,"turns":3}],"seed_played":"9108434336090040526","potions_obtained":[{"floor":2,"key":"FairyPotion"},{"floor":8,"key":"EntropicBrew"},{"floor":9,"key":"bronze:BurnAndBuffPotion"},{"floor":14,"key":"BlessingOfTheForge"}],"is_trial":false,"path_per_floor":["R","M","M","M","M","E","T","M","E","$","M","R","?","E","M","B"],"character_chosen":"SLIMEBOUND","items_purchased":["Apotheosis"],"campfire_rested":0,"item_purchase_floors":[10],"current_hp_per_floor":[65,65,63,59,57,35,35,33,24,27,23,23,8,3,8,0,0,0],"gold":111,"neow_bonus":"ONE_RANDOM_RARE_CARD","is_daily":false,"chose_seed":false,"campfire_upgraded":2,"win_rate":0.0,"timestamp":1611718793,"path_taken":["R","M","?","M","M","E","T","M","E","$","M","R","?","E","M","BOSS"],"items_purchased_type":["Card"],"build_version":"2020-12-22","purchased_purges":0,"victory":false,"max_hp_per_floor":[65,65,65,65,65,65,65,65,65,65,65,65,65,65,65,65,65,65],"card_choices":[{"not_picked":["Slimebound:Prepare","Slimebound:LeechingTouch","Slimebound:LeechEnergy"],"picked":"SKIP","floor":2},{"not_picked":["Slimebound:DisruptingSlam","Slimebound:SplitMire"],"picked":"Slimebound:Recollect","floor":3},{"not_picked":["Slimebound:SplitBruiser","Slimebound:SplitSpecialist"],"picked":"Slimebound:FlameTackle","floor":4},{"not_picked":["Slimebound:Repurpose","Slimebound:SlimeBarrage"],"picked":"Slimebound:RejuvenatingLick","floor":5},{"not_picked":["Slimebound:ForwardTackle","Slimebound:AcidTongue","Slimebound:SlimeTap"],"picked":"SKIP","floor":6},{"not_picked":["Slimebound:GoopTackle","Slimebound:SplitAcid","Slimebound:DouseInSlime"],"picked":"SKIP","floor":8},{"not_picked":["Slimebound:PressTheAttack","Slimebound:SplitAcid","Slimebound:DisruptingSlam"],"picked":"SKIP","floor":9},{"not_picked":["Slimebound:DivideAndConquer","Slimebound:ForwardTackle"],"picked":"Slimebound:LivingWall","floor":10},{"not_picked":["Slimebound:ForwardTackle","Slimebound:GrowthPunch","Slimebound:ComboTackle"],"picked":"SKIP","floor":11},{"not_picked":["Slimebound:ItLooksTasty","Slimebound:SplitAcid"],"picked":"Slimebound:Schlurp","floor":13},{"not_picked":["Slimebound:Schlurp","Slimebound:LeechingTouch+1"],"picked":"Slimebound:Chomp+1","floor":14},{"not_picked":["Slimebound:ViciousTackle+1","Slimebound:DuplicatedForm"],"picked":"Slimebound:GoopSpray","floor":15}],"player_experience":41667,"relics_obtained":[{"floor":6,"key":"Omamori"},{"floor":9,"key":"Shuriken"},{"floor":13,"key":"Odd Mushroom"},{"floor":14,"key":"Molten Egg 2"}],"event_choices":[{"damage_healed":0,"gold_gain":0,"player_choice":"Fought Mushrooms","damage_taken":0,"max_hp_gain":0,"max_hp_loss":0,"event_name":"Mushrooms","floor":13,"gold_loss":0}],"is_beta":false,"boss_relics":[],"items_purged_floors":[],"is_endless":false,"potions_floor_spawned":[2,8,9,14,15],"killed_by":"SI_SHIV_ARCHETYPE","ascension_level":0}}