{"host":"xmr2g8b7eju0288o","time":1611771615,"event":{"mods":["AchievementEnabler","BaseMod","Colored Map","Colored Powertips","KOR Keyword Fix","Minty Spire (QoL Compilation)","Quick Restart","Spicy Shops","StSLib","SuperFastMode"],"gold_per_floor":[129,129,168,213,12,12,75,75,99,99,99],"floor_reached":10,"language":"KOR","playtime":312,"items_purged":[],"score":116,"play_id":"120b5198-77cb-4462-b0f7-0c6bce839714","local_time":"20210128032015","daily_mods":["Heirloom","DeadlyEvents","Elite Swarm","Midas"],"is_ascension_mode":true,"campfire_choices":[{"floor":6.0,"key":"REST"},{"floor":8.0,"key":"REST"}],"circlet_count":0,"master_deck":["AscendersBane","Strike_G","Strike_G+1","Strike_G","Strike_G+1","Strike_G","Defend_G","Defend_G","Defend_G","Defend_G","Defend_G","Survivor","Neutralize","Dodge and Roll","Escape Plan","Footwork","Backflip"],"relics":["Ring of the Snake","TungstenRod","CeramicFish","Tiny Chest"],"acts_visited":["Exordium"],"potions_floor_usage":[],"damage_taken":[{"damage":0.0,"enemies":"2 Louse","floor":1.0,"turns":3.0},{"damage":0.0,"enemies":"Small Slimes","floor":3.0,"turns":5.0},{"damage":3.0,"enemies":"Jaw Worm","floor":4.0,"turns":5.0},{"damage":7.0,"enemies":"Exordium Thugs","floor":7.0,"turns":8.0},{"damage":65,"enemies":"Lagavulin","floor":10,"turns":11}],"seed_played":"2247867488656773843","potions_obtained":[{"floor":3.0,"key":"Dexterity Potion"}],"is_trial":true,"path_per_floor":["M","?","M","M","$","R","M","R","T","E"],"character_chosen":"THE_SILENT","items_purchased":["CeramicFish","Footwork"],"campfire_rested":2,"item_purchase_floors":[5,5],"current_hp_per_floor":[59,40,40,37,37,56,49,66,66,1,1],"gold":99,"neow_bonus":"","is_daily":false,"chose_seed":false,"campfire_upgraded":0,"win_rate":0.0,"timestamp":1611771615,"path_taken":["M","?","M","M","$","R","M","R","T","E"],"items_purchased_type":["Relic","Card"],"build_version":"2020-12-22","purchased_purges":0,"victory":false,"max_hp_per_floor":[66,66,66,66,66,66,66,66,66,66,66],"card_choices":[{"not_picked":["Infinite Blades","Expertise"],"picked":"Dodge and Roll","floor":1.0},{"not_picked":["Leg Sweep","Sucker Punch","Tactician"],"picked":"SKIP","floor":3.0},{"not_picked":["Expertise","Flying Knee"],"picked":"Escape Plan","floor":4.0},{"not_picked":["All Out Attack","Sucker Punch"],"picked":"Backflip","floor":7.0}],"player_experience":88746,"relics_obtained":[{"floor":9.0,"key":"Tiny Chest"}],"event_choices":[{"damage_healed":0.0,"max_hp_gain":0.0,"max_hp_loss":0.0,"gold_gain":0.0,"event_name":"Shining Light","player_choice":"Entered Light","floor":2.0,"gold_loss":0.0,"damage_taken":20.0,"cards_upgraded":["Strike_G","Strike_G"]}],"is_beta":false,"boss_relics":[],"items_purged_floors":[],"is_endless":true,"potions_floor_spawned":[3],"killed_by":"Lagavulin","ascension_level":20}}