{"host":"jlw4slqoq862puwo","time":1611770025,"event":{"mods":["BaseMod","DeckTracker","Dota2Spire","Highlight Path","Minty Spire (QoL Compilation)","Quick Restart","StSLib","SuperFastMode"],"gold_per_floor":[117,130,3,17,35,35,35,51,98,123,140,140,40,65,84,103,103,103,207,207,224,241,33,33,50,83,83,83,83,95,111,111,129,229,229,229,334,334,344,194,208,208,219,219,250,17,69,80,80,43,61,80,80,80,80,80,80,3,34,34,34],"floor_reached":60,"language":"ENG","playtime":1901,"items_purged":["Strike_G","Defend_G","Defend_G","Slice+1","Masterful Stab"],"score":1008,"play_id":"2c4c1cf1-35a9-4dbd-8345-0d3a5bbbb7bf","local_time":"20210127185345","is_ascension_mode":true,"campfire_choices":[{"data":"Crippling Poison","floor":6.0,"key":"SMITH"},{"data":"Dagger Spray","floor":17.0,"key":"SMITH"},{"floor":18.0,"key":"REST"},{"floor":28.0,"key":"REST"},{"data":"Acrobatics","floor":32.0,"key":"SMITH"},{"data":"Calculated Gamble","floor":35.0,"key":"SMITH"},{"data":"Tactician","floor":36.0,"key":"SMITH"},{"floor":44.0,"key":"RECALL"},{"data":"Reflex","floor":53.0,"key":"SMITH"},{"data":"Wraith Form v2","floor":54.0,"key":"SMITH"},{"data":"Acrobatics","floor":57.0,"key":"SMITH"}],"circlet_count":0,"master_deck":["Defend_G+1","Defend_G","Defend_G+1","Survivor","Neutralize","Tactician+1","Crippling Poison+1","Dagger Spray+1","Dagger Throw","Backflip","Wraith Form v2+1","Acrobatics+1","After Image","Choke+1","Underhanded Strike+1","Crippling Poison+1","Cloak And Dagger+1","Catalyst","Malaise","Prepared+1","Calculated Gamble+1","Tactician+1","Corpse Explosion","Acrobatics+1","Reflex+1","Catalyst"],"relics":["Dota2Spire:RefresherOrb","Art of War","Snake Skull","Matryoshka","Astrolabe","Dota2Spire:EchoSabre","Centennial Puzzle","Eternal Feather","Unceasing Top","Sundial","Empty Cage","War Paint","Membership Card","Toy Ornithopter","DollysMirror","Dota2Spire:BladeMail"],"acts_visited":["Exordium","TheCity","TheBeyond","TheEnding"],"potions_floor_usage":[],"damage_taken":[{"damage":0.0,"enemies":"Small Slimes","floor":1.0,"turns":5.0},{"damage":2.0,"enemies":"Cultist","floor":2.0,"turns":4.0},{"damage":4.0,"enemies":"Jaw Worm","floor":4.0,"turns":4.0},{"damage":5.0,"enemies":"Lots of Slimes","floor":5.0,"turns":3.0},{"damage":0.0,"enemies":"3 Louse","floor":8.0,"turns":2.0},{"damage":4.0,"enemies":"Blue Slaver","floor":11.0,"turns":3.0},{"damage":21.0,"enemies":"3 Sentries","floor":14.0,"turns":8.0},{"damage":10.0,"enemies":"Exordium Thugs","floor":15.0,"turns":4.0},{"damage":0.0,"enemies":"Large Slime","floor":16.0,"turns":4.0},{"damage":23.0,"enemies":"Slime Boss","floor":19.0,"turns":11.0},{"damage":1.0,"enemies":"3 Byrds","floor":21.0,"turns":3.0},{"damage":5.0,"enemies":"Spheric Guardian","floor":22.0,"turns":4.0},{"damage":0.0,"enemies":"Chosen and Byrds","floor":25.0,"turns":5.0},{"damage":17.0,"enemies":"Book of Stabbing","floor":26.0,"turns":6.0},{"damage":12.0,"enemies":"Shelled Parasite and Fungi","floor":30.0,"turns":4.0},{"damage":13.0,"enemies":"Centurion and Healer","floor":31.0,"turns":3.0},{"damage":9.0,"enemies":"Snecko","floor":33.0,"turns":4.0},{"damage":0.0,"enemies":"Colosseum Slavers","floor":34.0,"turns":2.0},{"damage":5.0,"enemies":"Colosseum Nobs","floor":34.0,"turns":3.0},{"damage":19.0,"enemies":"Collector","floor":37.0,"turns":7.0},{"damage":0.0,"enemies":"3 Darklings","floor":39.0,"turns":2.0},{"damage":10.0,"enemies":"3 Shapes","floor":41.0,"turns":2.0},{"damage":16.0,"enemies":"Spire Growth","floor":43.0,"turns":4.0},{"damage":0.0,"enemies":"Giant Head","floor":45.0,"turns":7.0},{"damage":0.0,"enemies":"Transient","floor":48.0,"turns":5.0},{"damage":0.0,"enemies":"Jaw Worm Horde","floor":51.0,"turns":1.0},{"damage":11.0,"enemies":"3 Darklings","floor":52.0,"turns":2.0},{"damage":76.0,"enemies":"Time Eater","floor":55.0,"turns":13.0},{"damage":53.0,"enemies":"Shield and Spear","floor":59.0,"turns":6.0},{"damage":17,"enemies":"The Heart","floor":60,"turns":5}],"seed_played":"-8662850832345969826","potions_obtained":[{"floor":1.0,"key":"Dota2Spire:HealingSalve"},{"floor":11.0,"key":"Fire Potion"},{"floor":15.0,"key":"Block Potion"},{"floor":16.0,"key":"Ancient Potion"},{"floor":19.0,"key":"Ancient Potion"},{"floor":21.0,"key":"CunningPotion"},{"floor":37.0,"key":"SneckoOil"},{"floor":45.0,"key":"Energy Potion"},{"floor":48.0,"key":"PowerPotion"},{"floor":51.0,"key":"Weak Potion"}],"is_trial":false,"path_per_floor":["M","M","$","M","M","R","?","M","T","T","M","?","$","E","M","M","R","R","B",null,"M","M","$","?","M","E","$","R","T","M","M","R","M","?","R","R","B",null,"M","$","M","?","M","R","E","$","T","M","?","$","M","M","R","R","B",null,"R","$","E","B"],"character_chosen":"THE_SILENT","items_purchased":["Dagger Spray","Deadly Poison","Catalyst","Membership Card","Reflex","DollysMirror"],"campfire_rested":2,"item_purchase_floors":[3,23,23,46,50,58],"current_hp_per_floor":[63,61,61,57,52,52,45,45,45,45,41,41,41,20,10,10,10,31,26,59,58,53,53,53,53,36,36,57,57,45,32,44,35,30,45,60,41,63,63,63,53,53,37,52,52,52,52,52,52,52,57,46,61,70,9,55,70,70,17,0,0],"gold":34,"neow_bonus":"BOSS_RELIC","is_daily":false,"chose_seed":false,"campfire_upgraded":8,"win_rate":0.0,"timestamp":1611770025,"path_taken":["M","M","$","M","M","R","?","M","T","T","M","?","$","E","M","M","R","R","BOSS","M","M","?","?","M","E","$","R","T","M","?","R","M","?","R","R","BOSS","M","$","M","?","M","R","E","?","T","M","?","$","M","M","R","R","BOSS","R","$","E","BOSS"],"items_purchased_type":["Card","Card","Card","Relic","Card","Relic"],"build_version":"2020-12-22","purchased_purges":5,"victory":false,"max_hp_per_floor":[70,70,70,70,70,70,70,70,70,70,70,70,70,70,70,70,70,70,70,70,70,70,70,70,70,70,70,70,70,70,70,70,70,70,70,70,70,70,70,70,70,70,70,70,70,70,70,70,70,70,70,70,70,70,70,70,70,70,70,70,70],"card_choices":[{"not_picked":["Deflect","PiercingWail"],"picked":"Tactician","floor":1.0},{"not_picked":["Acrobatics","Outmaneuver"],"picked":"Crippling Poison","floor":2.0},{"not_picked":["Calculated Gamble","Prepared"],"picked":"Dagger Throw","floor":4.0},{"not_picked":["Sucker Punch","Skewer"],"picked":"Backflip","floor":5.0},{"not_picked":["Skewer","Slice"],"picked":"Wraith Form v2","floor":8.0},{"not_picked":["Finisher","Flying Knee"],"picked":"Poisoned Stab","floor":11.0},{"not_picked":["Acrobatics","Poisoned Stab"],"picked":"Masterful Stab","floor":14.0},{"not_picked":["Flying Knee","Dodge and Roll","Quick Slash"],"picked":"SKIP","floor":15.0},{"not_picked":["Tactician","Well Laid Plans"],"picked":"Acrobatics","floor":16.0},{"not_picked":["Bullet Time","Storm of Steel"],"picked":"After Image","floor":19.0},{"not_picked":["Infinite Blades","Outmaneuver+1"],"picked":"Crippling Poison+1","floor":21.0},{"not_picked":["Outmaneuver","Quick Slash"],"picked":"Cloak And Dagger+1","floor":22.0},{"not_picked":["Accuracy","Skewer","Endless Agony"],"picked":"SKIP","floor":25.0},{"not_picked":["Blade Dance+1","Accuracy","Cloak And Dagger"],"picked":"SKIP","floor":26.0},{"not_picked":["Catalyst","Riddle With Holes"],"picked":"Prepared+1","floor":30.0},{"not_picked":["Terror","Deadly Poison","Backstab"],"picked":"SKIP","floor":31.0},{"not_picked":["Acrobatics","Blur"],"picked":"Calculated Gamble","floor":33.0},{"not_picked":["Masterful Stab+1","Catalyst"],"picked":"Tactician","floor":34.0},{"not_picked":["A Thousand Cuts","Night Terror"],"picked":"Corpse Explosion","floor":37.0},{"not_picked":["Terror+1","Blade Dance+1","Flying Knee"],"picked":"SKIP","floor":39.0},{"not_picked":["Dagger Throw+1","Flying Knee"],"picked":"Acrobatics","floor":41.0},{"not_picked":["Expertise","Dodge and Roll+1","Finisher+1"],"picked":"SKIP","floor":43.0},{"not_picked":["Underhanded Strike","Crippling Poison+1","Deadly Poison"],"picked":"SKIP","floor":45.0},{"not_picked":["Flechettes","Dodge and Roll+1","Bullet Time"],"picked":"SKIP","floor":48.0},{"not_picked":["Dagger Throw","Flying Knee+1","Poisoned Stab+1"],"picked":"SKIP","floor":51.0},{"not_picked":["Deflect+1","Sucker Punch","All Out Attack+1"],"picked":"SKIP","floor":52.0},{"not_picked":["Caltrops","Finisher","Dagger Spray"],"picked":"SKIP","floor":59.0}],"player_experience":21720,"relics_obtained":[{"floor":9.0,"key":"Art of War"},{"floor":10.0,"key":"Snake Skull"},{"floor":14.0,"key":"Matryoshka"},{"floor":26.0,"key":"Dota2Spire:EchoSabre"},{"floor":29.0,"key":"Centennial Puzzle"},{"floor":29.0,"key":"Eternal Feather"},{"floor":34.0,"key":"Unceasing Top"},{"floor":34.0,"key":"Sundial"},{"floor":45.0,"key":"War Paint"},{"floor":47.0,"key":"Toy Ornithopter"},{"floor":59.0,"key":"Dota2Spire:BladeMail"}],"event_choices":[{"cards_removed":["Strike_G"],"damage_healed":0.0,"max_hp_gain":0.0,"max_hp_loss":0.0,"gold_gain":0.0,"event_name":"Golden Wing","player_choice":"Card Removal","floor":7.0,"gold_loss":0.0,"damage_taken":7.0},{"damage_healed":0.0,"max_hp_gain":0.0,"max_hp_loss":0.0,"gold_gain":0.0,"event_name":"Accursed Blacksmith","player_choice":"Forge","floor":12.0,"gold_loss":0.0,"damage_taken":0.0,"cards_upgraded":["Tactician"]},{"damage_healed":0.0,"max_hp_gain":0.0,"max_hp_loss":0.0,"gold_gain":0.0,"event_name":"Match and Keep!","player_choice":"1 cards matched","floor":24.0,"gold_loss":0.0,"damage_taken":0.0,"cards_obtained":["Malaise"]},{"damage_healed":0.0,"max_hp_gain":0.0,"max_hp_loss":0.0,"gold_gain":0.0,"event_name":"Colosseum","player_choice":"Fight","floor":34.0,"gold_loss":0.0,"damage_taken":0.0},{"damage_healed":0.0,"max_hp_gain":0.0,"max_hp_loss":0.0,"gold_gain":0.0,"event_name":"Colosseum","player_choice":"Fought Nobs","floor":34.0,"gold_loss":0.0,"damage_taken":0.0},{"damage_healed":0.0,"max_hp_gain":0.0,"max_hp_loss":0.0,"gold_gain":0.0,"event_name":"SecretPortal","player_choice":"Ignored","floor":42.0,"gold_loss":0.0,"damage_taken":0.0},{"damage_healed":0.0,"max_hp_gain":0.0,"max_hp_loss":0.0,"gold_gain":0.0,"event_name":"Lab","player_choice":"Got Potions","floor":49.0,"gold_loss":0.0,"damage_taken":0.0}],"is_beta":false,"boss_relics":[{"not_picked":["Runic Pyramid","Fusion Hammer"],"picked":"Astrolabe"},{"not_picked":["Sozu","HoveringKite"],"picked":"Empty Cage"}],"items_purged_floors":[3,13,23,40,46],"is_endless":false,"potions_floor_spawned":[1,11,15,16,19,21,22,37,45,48,51],"killed_by":"The Heart","ascension_level":6}}