{"host":"tjq6rykv202u6iqx","time":1611773097,"event":{"mods":["AchievementEnabler","BaseMod","Minty Spire (QoL Compilation)","Rare Cards Sparkle","Relic Stats"],"gold_per_floor":[114,114,94,115,46,46,46,82,106,106,129,144,198,239,239,364,364,389,410,28,48,62,62,62,62,62,82,116,116,160,160,160,286,286,311,327,327,347,371,406,406,437,437,478,478,478,478,492,492,492],"floor_reached":51,"language":"ENG","playtime":5235,"items_purged":["Decay"],"score":1200,"play_id":"00333c4a-606e-4287-8172-7d9bdfc8a7b2","local_time":"20210127124457","is_ascension_mode":true,"campfire_choices":[{"data":"Eviscerate","floor":6,"key":"SMITH"},{"data":"Footwork","floor":10,"key":"SMITH"},{"data":"Neutralize","floor":15,"key":"SMITH"},{"data":"Dodge and Roll","floor":23,"key":"SMITH"},{"data":"PiercingWail","floor":25,"key":"SMITH"},{"data":"Calculated Gamble","floor":29,"key":"SMITH"},{"data":"A Thousand Cuts","floor":32,"key":"SMITH"},{"data":"Malaise","floor":41,"key":"SMITH"},{"data":"Catalyst","floor":45,"key":"SMITH"},{"floor":47,"key":"RECALL"},{"floor":49,"key":"REST"}],"circlet_count":0,"master_deck":["AscendersBane","Strike_G","Defend_G","Defend_G","Defend_G","Defend_G","Defend_G","Survivor","Neutralize+1","Quick Slash","Eviscerate+1","Footwork+1","Flying Knee","Dodge and Roll+1","Unload","Calculated Gamble+1","Corpse Explosion","Flying Knee+1","Underhanded Strike+1","PiercingWail+1","PiercingWail+1","Dodge and Roll+1","Backflip","Burst","A Thousand Cuts+1","Malaise+1","Burst+1","Venomology+1","Poisoned Stab+1","Backflip+1","Footwork+1","Blade Dance+1","Night Terror","Catalyst+1","Blur","Escape Plan+1"],"relics":["Ring of the Snake","NeowsBlessing","Golden Idol","Happy Flower","Art of War","Pen Nib","Gambling Chip","Cursed Key","Singing Bowl","Blood Vial","Ornamental Fan","Astrolabe","Omamori","Ninja Scroll","Centennial Puzzle"],"acts_visited":["Exordium","TheCity","TheBeyond"],"potions_floor_usage":[12,16,28,30,33,38,38,39,39,40,42,42,44,44,48,50,50,50,50,50,50,50],"damage_taken":[{"damage":0,"enemies":"2 Louse","floor":1,"turns":1},{"damage":0,"enemies":"Small Slimes","floor":4,"turns":1},{"damage":0,"enemies":"Gremlin Nob","floor":8,"turns":1},{"damage":0,"enemies":"Cultist","floor":11,"turns":4},{"damage":0,"enemies":"3 Louse","floor":12,"turns":1},{"damage":14,"enemies":"3 Sentries","floor":14,"turns":9},{"damage":24,"enemies":"The Guardian","floor":16,"turns":15},{"damage":0,"enemies":"3 Byrds","floor":18,"turns":2},{"damage":11,"enemies":"Shell Parasite","floor":19,"turns":3},{"damage":0,"enemies":"Cultist and Chosen","floor":21,"turns":5},{"damage":10,"enemies":"Snake Plant","floor":22,"turns":5},{"damage":0,"enemies":"Chosen and Byrds","floor":27,"turns":6},{"damage":2,"enemies":"Slavers","floor":28,"turns":3},{"damage":0,"enemies":"Gremlin Leader","floor":30,"turns":7},{"damage":33,"enemies":"Collector","floor":33,"turns":10},{"damage":9,"enemies":"Orb Walker","floor":35,"turns":3},{"damage":2,"enemies":"3 Shapes","floor":36,"turns":4},{"damage":7,"enemies":"Spire Growth","floor":38,"turns":7},{"damage":2,"enemies":"Writhing Mass","floor":39,"turns":11},{"damage":2,"enemies":"Reptomancer","floor":40,"turns":6},{"damage":17,"enemies":"Giant Head","floor":42,"turns":12},{"damage":20,"enemies":"Reptomancer","floor":44,"turns":10},{"damage":0,"enemies":"4 Shapes","floor":48,"turns":6},{"damage":12,"enemies":"Time Eater","floor":50,"turns":18}],"seed_played":"-7636426871121725162","potions_obtained":[{"floor":3,"key":"BlessingOfTheForge"},{"floor":4,"key":"SkillPotion"},{"floor":11,"key":"Explosive Potion"},{"floor":18,"key":"Swift Potion"},{"floor":19,"key":"Strength Potion"},{"floor":27,"key":"Weak Potion"},{"floor":33,"key":"Energy Potion"},{"floor":36,"key":"DuplicationPotion"},{"floor":40,"key":"PowerPotion"},{"floor":44,"key":"BlessingOfTheForge"}],"is_trial":false,"path_per_floor":["M","?","?","M","$","R","?","E","T","R","M","M","T","E","R","B",null,"M","M","$","M","M","R","?","R","T","M","E","R","E","?","R","B",null,"M","M","?","M","M","E","R","E","T","E","R","?","R","M","R","B",null],"character_chosen":"THE_SILENT","items_purchased":["Footwork","Singing Bowl","PiercingWail"],"campfire_rested":1,"item_purchase_floors":[5,20,20],"current_hp_per_floor":[63,46,46,46,46,46,46,46,46,46,46,46,46,32,32,8,55,55,44,44,44,34,34,57,57,57,57,55,55,59,59,59,28,61,54,56,56,51,51,51,51,36,36,20,20,20,20,22,44,34],"gold":492,"neow_bonus":"THREE_ENEMY_KILL","is_daily":false,"chose_seed":false,"campfire_upgraded":9,"win_rate":0.0,"timestamp":1611773097,"path_taken":["M","?","?","?","$","R","?","E","T","R","M","?","?","E","R","BOSS","M","M","$","M","M","R","?","R","T","M","E","R","E","?","R","BOSS","M","M","?","M","?","E","R","E","T","E","R","?","R","M","R","BOSS"],"items_purchased_type":["Card","Relic","Card"],"build_version":"2020-12-22","purchased_purges":1,"victory":true,"max_hp_per_floor":[70,70,70,70,70,70,70,70,70,70,70,70,70,70,70,70,70,70,70,70,70,70,70,70,70,70,70,70,70,72,72,72,72,72,72,74,74,74,74,74,74,74,74,76,76,76,76,76,76,76],"relic_stats":{"Happy Flower":[49],"Singing Bowl":6,"counters":[24,150],"Golden Idol":178,"Astrolabe":["Burst","Venomology","Poisoned Stab"],"Pen Nib":[26],"Cursed Key":1,"Blood Vial":22,"Centennial Puzzle":[3],"Ornamental Fan":[108],"Gambling Chip":[82],"Art of War":[20],"obtain_stats":[{"NeowsBlessing":0,"Happy Flower":8,"Singing Bowl":20,"Golden Idol":2,"Astrolabe":34,"Pen Nib":13,"Omamori":40,"Cursed Key":17,"Blood Vial":28,"Centennial Puzzle":44,"Ornamental Fan":30,"Ninja Scroll":42,"Gambling Chip":14,"Art of War":9,"Ring of the Snake":0},{"NeowsBlessing":0,"Happy Flower":3,"Singing Bowl":9,"Golden Idol":1,"Astrolabe":15,"Pen Nib":5,"Omamori":20,"Cursed Key":7,"Blood Vial":13,"Centennial Puzzle":22,"Ornamental Fan":14,"Ninja Scroll":21,"Gambling Chip":6,"Art of War":3,"Ring of the Snake":0},{"NeowsBlessing":0,"Happy Flower":3,"Singing Bowl":37,"Golden Idol":1,"Astrolabe":73,"Pen Nib":8,"Omamori":104,"Cursed Key":32,"Blood Vial":56,"Centennial Puzzle":126,"Ornamental Fan":63,"Ninja Scroll":116,"Gambling Chip":17,"Art of War":3,"Ring of the Snake":0}],"Ring of the Snake":[48]},"card_choices":[{"not_picked":["Skewer","Flying Knee"],"picked":"Quick Slash","floor":1},{"not_picked":["Concentrate","Underhanded Strike"],"picked":"Eviscerate","floor":4},{"not_picked":["Quick Slash","Masterful Stab"],"picked":"Flying Knee","floor":8},{"not_picked":["Accuracy","Prepared"],"picked":"Dodge and Roll","floor":11},{"not_picked":["Prepared","Bouncing Flask"],"picked":"Unload","floor":12},{"not_picked":["Slice","Poisoned Stab"],"picked":"Calculated Gamble","floor":14},{"not_picked":["Burst","Envenom"],"picked":"Corpse Explosion","floor":16},{"not_picked":["Dagger Spray","Flying Knee+1","Bane"],"picked":"SKIP","floor":18},{"not_picked":["Dagger Spray","Bane"],"picked":"Flying Knee+1","floor":18},{"not_picked":["Cloak And Dagger+1","Flying Knee"],"picked":"Underhanded Strike+1","floor":19},{"not_picked":["Well Laid Plans","Deflect"],"picked":"PiercingWail+1","floor":21},{"not_picked":["Flying Knee+1","Poisoned Stab"],"picked":"Dodge and Roll+1","floor":22},{"not_picked":["Dagger Throw+1","Cloak And Dagger"],"picked":"Backflip","floor":27},{"not_picked":["Underhanded Strike","Blade Dance"],"picked":"Burst","floor":28},{"not_picked":["Underhanded Strike","Poisoned Stab","Eviscerate"],"picked":"Singing Bowl","floor":30},{"not_picked":["Unload","Venomology"],"picked":"Malaise","floor":33},{"not_picked":["Prepared","Poisoned Stab"],"picked":"Backflip+1","floor":35},{"not_picked":["Quick Slash+1","Dagger Spray","Dodge and Roll+1"],"picked":"Singing Bowl","floor":36},{"not_picked":["Sucker Punch+1","Dodge and Roll"],"picked":"Blade Dance+1","floor":38},{"not_picked":["Bane","Blade Dance+1"],"picked":"Night Terror","floor":39},{"not_picked":["Deflect","Sucker Punch"],"picked":"Catalyst","floor":40},{"not_picked":["Cloak And Dagger+1","Setup"],"picked":"Blur","floor":42},{"not_picked":["Underhanded Strike+1","Flying Knee+1","Blade Dance+1"],"picked":"Singing Bowl","floor":44},{"not_picked":["Doppelganger","Backflip"],"picked":"Escape Plan+1","floor":48}],"player_experience":886298,"relics_obtained":[{"floor":8,"key":"Happy Flower"},{"floor":9,"key":"Art of War"},{"floor":13,"key":"Pen Nib"},{"floor":14,"key":"Gambling Chip"},{"floor":28,"key":"Blood Vial"},{"floor":30,"key":"Ornamental Fan"},{"floor":40,"key":"Omamori"},{"floor":42,"key":"Ninja Scroll"},{"floor":44,"key":"Centennial Puzzle"}],"event_choices":[{"damage_healed":0,"gold_gain":0,"player_choice":"Take Damage","damage_taken":17,"relics_obtained":["Golden Idol"],"max_hp_gain":0,"max_hp_loss":0,"event_name":"Golden Idol","floor":2,"gold_loss":0},{"damage_healed":0,"gold_gain":0,"player_choice":"Bought 1 Potion","damage_taken":0,"max_hp_gain":0,"max_hp_loss":0,"event_name":"The Woman in Blue","floor":3,"gold_loss":0},{"damage_healed":0,"gold_gain":0,"player_choice":"Cursed","damage_taken":0,"max_hp_gain":0,"max_hp_loss":0,"event_name":"Wheel of Change","floor":7,"gold_loss":0,"cards_obtained":["Decay"]},{"damage_healed":23,"gold_gain":0,"player_choice":"Heal","damage_taken":0,"max_hp_gain":0,"max_hp_loss":0,"event_name":"The Library","floor":24,"gold_loss":0},{"damage_healed":0,"gold_gain":0,"cards_transformed":["Strike_G"],"player_choice":"Transformed","damage_taken":0,"max_hp_gain":0,"max_hp_loss":0,"event_name":"Transmorgrifier","floor":31,"gold_loss":0,"cards_obtained":["A Thousand Cuts"]},{"damage_healed":0,"gold_gain":0,"player_choice":"Copied","damage_taken":0,"max_hp_gain":0,"max_hp_loss":0,"event_name":"Duplicator","floor":37,"gold_loss":0,"cards_obtained":["Footwork"]},{"damage_healed":0,"gold_gain":0,"player_choice":"0 cards matched","damage_taken":0,"max_hp_gain":0,"max_hp_loss":0,"event_name":"Match and Keep!","floor":46,"gold_loss":0,"cards_obtained":[]}],"is_beta":false,"boss_relics":[{"not_picked":["Coffee Dripper","SacredBark"],"picked":"Cursed Key"},{"not_picked":["Runic Dome","SlaversCollar"],"picked":"Astrolabe"}],"items_purged_floors":[20],"is_endless":false,"potions_floor_spawned":[4,11,18,19,27,33,36,40,42,44,48],"ascension_level":10}}