{"host":"kydqlojjt9mno5rv","time":1611763073,"event":{"mods":["AchievementEnabler","BaseMod","Colored Powertips","DeckTracker","Minty Spire (QoL Compilation)","Spicy Shops","StSLib","SuperFastMode","Synergy Search","Weighted Paths"],"gold_per_floor":[113,113,113,113,124,124,151,151,151,151,167,110,56,70,70,165,165,184,38,38,38,57,86,86,103,150,75,94,26,58,70,70,175,175,194,207,34,34,50,79,79,113,187,97,97,123,123,137,137,137,137],"floor_reached":50,"language":"ENG","playtime":2076,"items_purged":["Defend_G","Strike_G"],"score":724,"play_id":"baa32576-a58a-4480-85d5-87dd5f9f6343","local_time":"20210127105753","is_ascension_mode":true,"campfire_choices":[{"floor":6.0,"key":"RECALL"},{"data":"Bane","floor":8.0,"key":"SMITH"},{"data":"Backflip","floor":10.0,"key":"SMITH"},{"data":"Outmaneuver","floor":15.0,"key":"SMITH"},{"floor":24.0,"key":"REST"},{"floor":32.0,"key":"REST"},{"data":"Wraith Form v2","floor":41,"key":"SMITH"},{"data":"Corpse Explosion","floor":45,"key":"SMITH"},{"data":"Crippling Poison","floor":47,"key":"SMITH"},{"data":"Bouncing Flask","floor":49,"key":"SMITH"}],"circlet_count":0,"master_deck":["Strike_G","Strike_G","Strike_G","Defend_G","Survivor+1","Neutralize","Backflip+1","Regret","Bane+1","Deadly Poison","Outmaneuver+1","Poisoned Stab+1","Poisoned Stab+1","Corpse Explosion+1","Crippling Poison+1","Flying Knee+1","Calculated Gamble","Backflip+1","Wraith Form v2+1","Catalyst+1","Bouncing Flask+1","Bane+1","Bouncing Flask","Noxious Fumes+1","Bane+1","Wraith Form v2+1","Expertise+1","Backstab+1","Expertise+1","Crippling Poison+1"],"relics":["Ring of the Snake","NeowsBlessing","Thread and Needle","Ornamental Fan","Molten Egg 2","CaptainsWheel","Eternal Feather","Sozu","Orrery","Frozen Egg 2","Pear","Lantern","Bottled Lightning","Astrolabe","InkBottle","Strawberry","Shuriken","StoneCalendar"],"acts_visited":["Exordium","TheCity","TheBeyond"],"potions_floor_usage":[],"damage_taken":[{"damage":0.0,"enemies":"Jaw Worm","floor":1.0,"turns":1.0},{"damage":0.0,"enemies":"Small Slimes","floor":5.0,"turns":1.0},{"damage":0.0,"enemies":"3 Sentries","floor":7.0,"turns":1.0},{"damage":0.0,"enemies":"2 Louse","floor":11.0,"turns":2.0},{"damage":4.0,"enemies":"Red Slaver","floor":14.0,"turns":4.0},{"damage":8.0,"enemies":"Slime Boss","floor":16.0,"turns":13.0},{"damage":9.0,"enemies":"2 Thieves","floor":18.0,"turns":3.0},{"damage":1.0,"enemies":"Spheric Guardian","floor":22.0,"turns":4.0},{"damage":52.0,"enemies":"Gremlin Leader","floor":23.0,"turns":5.0},{"damage":21.0,"enemies":"Shelled Parasite and Fungi","floor":25.0,"turns":3.0},{"damage":3.0,"enemies":"Snake Plant","floor":28.0,"turns":3.0},{"damage":0.0,"enemies":"Book of Stabbing","floor":30.0,"turns":4.0},{"damage":1.0,"enemies":"Sentry and Sphere","floor":31.0,"turns":5.0},{"damage":73.0,"enemies":"Automaton","floor":33.0,"turns":8.0},{"damage":0.0,"enemies":"3 Darklings","floor":35.0,"turns":1.0},{"damage":0.0,"enemies":"Orb Walker","floor":36.0,"turns":2.0},{"damage":0,"enemies":"Maw","floor":39,"turns":6},{"damage":11,"enemies":"Nemesis","floor":40,"turns":7},{"damage":14,"enemies":"Reptomancer","floor":42,"turns":4},{"damage":2,"enemies":"Nemesis","floor":46,"turns":5},{"damage":3,"enemies":"3 Darklings","floor":48,"turns":1},{"damage":88,"enemies":"Time Eater","floor":50,"turns":8}],"seed_played":"-4877843839143125465","potions_obtained":[{"floor":11.0,"key":"SpeedPotion"},{"floor":14.0,"key":"PowerPotion"}],"is_trial":false,"path_per_floor":["M","?","?","T","M","R","E","R","T","R","M","?","$","M","R","B",null,"M","$","T","$","M","E","R","M","T","$","M","$","E","M","R","B",null,"M","M","$","?","M","E","R","E","T","?","R","E","R","M","R","B"],"character_chosen":"THE_SILENT","items_purchased":["Poisoned Stab+1","Orrery","Noxious Fumes+1","Crippling Poison"],"campfire_rested":2,"item_purchase_floors":[13,19,29,37],"current_hp_per_floor":[70,58,58,58,58,58,58,58,58,58,58,58,58,54,63,55,70,61,61,61,61,60,18,57,36,36,36,33,33,33,32,74,1,80,80,80,80,80,80,69,80,73,73,73,87,85,87,84,87,0,0],"gold":137,"neow_bonus":"THREE_ENEMY_KILL","is_daily":false,"chose_seed":false,"campfire_upgraded":7,"win_rate":0.0,"timestamp":1611763073,"path_taken":["M","?","?","?","M","R","E","R","T","R","M","?","$","M","R","BOSS","M","?","?","?","M","E","R","M","T","$","M","$","E","M","R","BOSS","M","M","$","?","M","E","R","E","T","?","R","E","R","?","R","BOSS"],"items_purchased_type":["Card","Relic","Card","Card"],"build_version":"2020-12-22","purchased_purges":2,"victory":false,"max_hp_per_floor":[70,70,70,70,70,70,70,70,70,70,70,70,70,70,70,70,70,70,70,70,70,70,80,80,80,80,80,80,80,80,80,80,80,80,80,80,80,80,80,80,80,87,87,87,87,87,87,87,87,87,87],"card_choices":[{"not_picked":["Sucker Punch","Dagger Throw"],"picked":"Backflip","floor":1.0},{"not_picked":["Deadly Poison","Underhanded Strike"],"picked":"Bane","floor":5.0},{"not_picked":["Sucker Punch+1","Riddle With Holes+1"],"picked":"Deadly Poison","floor":7.0},{"not_picked":["Reflex","Eviscerate+1"],"picked":"Outmaneuver","floor":11.0},{"not_picked":["Terror","A Thousand Cuts"],"picked":"Poisoned Stab+1","floor":14.0},{"not_picked":["Tools of the Trade","Envenom"],"picked":"Corpse Explosion","floor":16.0},{"not_picked":["Blade Dance","Quick Slash+1","Sucker Punch+1"],"picked":"SKIP","floor":18.0},{"not_picked":["Dodge and Roll+1","Dash+1"],"picked":"Crippling Poison","floor":19.0},{"not_picked":["Dagger Throw+1","Predator+1"],"picked":"Flying Knee+1","floor":19.0},{"not_picked":["Finisher+1","Reflex+1"],"picked":"Calculated Gamble","floor":19.0},{"not_picked":["Masterful Stab+1","Eviscerate+1"],"picked":"Backflip+1","floor":19.0},{"not_picked":["Dagger Spray+1","Bane+1"],"picked":"Wraith Form v2","floor":19.0},{"not_picked":["Distraction","Heel Hook+1"],"picked":"Catalyst+1","floor":22.0},{"not_picked":["Cloak And Dagger","PiercingWail+1"],"picked":"Bouncing Flask","floor":23.0},{"not_picked":["Infinite Blades+1","Dagger Spray+1"],"picked":"Bane+1","floor":25.0},{"not_picked":["Blade Dance+1","Prepared"],"picked":"Bouncing Flask","floor":28.0},{"not_picked":["Skewer+1","Well Laid Plans+1"],"picked":"Bane+1","floor":30.0},{"not_picked":["Choke+1","Cloak And Dagger+1","Quick Slash+1"],"picked":"SKIP","floor":31.0},{"not_picked":["A Thousand Cuts+1","Storm of Steel"],"picked":"Wraith Form v2+1","floor":33.0},{"not_picked":["Predator+1","Heel Hook+1","Choke+1"],"picked":"SKIP","floor":35.0},{"not_picked":["Cloak And Dagger+1","Prepared","Underhanded Strike+1"],"picked":"SKIP","floor":36.0},{"not_picked":["Dash+1","Riddle With Holes+1","PiercingWail"],"picked":"SKIP","floor":39},{"not_picked":["Flying Knee+1","A Thousand Cuts+1","Underhanded Strike+1"],"picked":"SKIP","floor":40},{"not_picked":["Flying Knee+1","Quick Slash+1","Backflip"],"picked":"SKIP","floor":42},{"not_picked":["Quick Slash+1","PiercingWail","Deflect+1"],"picked":"SKIP","floor":46},{"not_picked":["Quick Slash+1","Acrobatics","Slice+1"],"picked":"SKIP","floor":48}],"player_experience":132315,"relics_obtained":[{"floor":7.0,"key":"Molten Egg 2"},{"floor":9.0,"key":"CaptainsWheel"},{"floor":20.0,"key":"Frozen Egg 2"},{"floor":23.0,"key":"Pear"},{"floor":26.0,"key":"Lantern"},{"floor":30.0,"key":"Bottled Lightning"},{"floor":40,"key":"InkBottle"},{"floor":42,"key":"Strawberry"},{"floor":43,"key":"Shuriken"},{"floor":46,"key":"StoneCalendar"}],"event_choices":[{"damage_healed":0.0,"max_hp_gain":0.0,"max_hp_loss":0.0,"gold_gain":0.0,"event_name":"Scrap Ooze","player_choice":"Success","floor":2.0,"gold_loss":0.0,"damage_taken":12.0,"relics_obtained":["Thread and Needle"]},{"damage_healed":0.0,"max_hp_gain":0.0,"max_hp_loss":0.0,"gold_gain":0.0,"event_name":"Big Fish","player_choice":"Box","floor":3.0,"gold_loss":0.0,"damage_taken":0.0,"relics_obtained":["Ornamental Fan"],"cards_obtained":["Regret"]},{"damage_healed":0.0,"max_hp_gain":0.0,"max_hp_loss":0.0,"gold_gain":0.0,"event_name":"WeMeetAgain","player_choice":"Paid Gold","floor":12.0,"gold_loss":57.0,"damage_taken":0.0,"relics_obtained":["Eternal Feather"]},{"damage_healed":0,"gold_gain":0,"player_choice":"Forge","damage_taken":0,"max_hp_gain":0,"max_hp_loss":0,"event_name":"Accursed Blacksmith","floor":38,"gold_loss":0,"cards_upgraded":["Crippling Poison"]},{"cards_removed":["Strike_G"],"damage_healed":0,"gold_gain":0,"player_choice":"Upgrade and Remove","damage_taken":0,"max_hp_gain":0,"max_hp_loss":0,"event_name":"Designer","floor":44,"gold_loss":90,"cards_upgraded":["Survivor"]}],"is_beta":false,"boss_relics":[{"not_picked":["Runic Dome","Runic Pyramid"],"picked":"Sozu"},{"not_picked":["WristBlade","Fusion Hammer"],"picked":"Astrolabe"}],"items_purged_floors":[27,37],"is_endless":false,"potions_floor_spawned":[11,14,25,28,40,42],"killed_by":"Time Eater","ascension_level":1}}