{"host":"g2yp6paluzgljz05","time":1611736946,"event":{"mods":["BaseMod","Bestiary","Colored Powertips","DeckTracker","Highlight Path","Minty Spire (QoL Compilation)","Quick Restart"],"gold_per_floor":[112,112,112,123,14,45,45,79,131,131,145,163,163,163,163,262,262,274,274,373,393,140,140,169,169,169,180,4,17,17,17,17],"floor_reached":31,"language":"ENG","playtime":1375,"items_purged":["Strike_R","Strike_R","Strike_R"],"score":372,"play_id":"343146e8-5922-482f-831e-0bdbdd52262d","local_time":"20210127194226","is_ascension_mode":true,"campfire_choices":[{"data":"Shockwave","floor":7,"key":"SMITH"},{"data":"Bash","floor":10,"key":"SMITH"},{"floor":15,"key":"REST"},{"data":"Demon Form","floor":23,"key":"SMITH"},{"data":"Flame Barrier","floor":25,"key":"SMITH"}],"circlet_count":0,"master_deck":["Strike_R","Defend_R","Defend_R","Defend_R","Defend_R","Bash+1","Shrug It Off","Warcry+1","Shockwave+1","Spot Weakness","Pummel","Warcry+1","Demon Form+1","Impervious","Flame Barrier+1","Battle Trance","Heavy Blade","Flex"],"relics":["Burning Blood","NeowsBlessing","Vajra","Potion Belt","Orichalcum","Red Skull","Coffee Dripper","White Beast Statue","Frozen Eye","Lantern","Matryoshka"],"acts_visited":["Exordium","TheCity"],"potions_floor_usage":[8,31],"damage_taken":[{"damage":0,"enemies":"Jaw Worm","floor":1,"turns":1},{"damage":0,"enemies":"Cultist","floor":4,"turns":1},{"damage":0,"enemies":"Gremlin Nob","floor":6,"turns":1},{"damage":42,"enemies":"3 Sentries","floor":8,"turns":7},{"damage":2,"enemies":"2 Louse","floor":11,"turns":3},{"damage":4,"enemies":"Blue Slaver","floor":12,"turns":5},{"damage":36,"enemies":"The Guardian","floor":16,"turns":10},{"damage":13,"enemies":"Shell Parasite","floor":18,"turns":5},{"damage":24,"enemies":"Spheric Guardian","floor":21,"turns":6},{"damage":20,"enemies":"Book of Stabbing","floor":24,"turns":6},{"damage":6,"enemies":"Snecko","floor":27,"turns":5},{"damage":12,"enemies":"Snake Plant","floor":29,"turns":4},{"damage":22,"enemies":"Slavers","floor":31,"turns":6}],"seed_played":"-1495008617884894728","potions_obtained":[{"floor":4,"key":"SmokeBomb"},{"floor":6,"key":"Fruit Juice"},{"floor":11,"key":"Energy Potion"},{"floor":21,"key":"Dexterity Potion"},{"floor":24,"key":"SpeedPotion"},{"floor":27,"key":"DistilledChaos"}],"is_trial":false,"path_per_floor":["M","?","?","M","$","E","R","E","T","R","M","M","?","?","R","B",null,"M","?","?","M","$","R","E","R","T","M","$","M","$","E"],"character_chosen":"IRONCLAD","items_purchased":["Shockwave","Frozen Eye","Flex"],"campfire_rested":1,"item_purchase_floors":[5,22,28],"current_hp_per_floor":[78,78,78,80,80,80,80,49,49,49,53,55,38,38,63,33,72,65,65,65,47,47,47,33,33,33,33,33,27,27,5,5],"gold":17,"neow_bonus":"THREE_ENEMY_KILL","is_daily":false,"chose_seed":false,"campfire_upgraded":4,"win_rate":0.0,"timestamp":1611736946,"path_taken":["M","?","?","M","$","E","R","E","T","R","?","M","?","?","R","BOSS","M","?","?","M","$","R","E","R","T","M","$","M","?","E"],"items_purchased_type":["Card","Relic","Card"],"build_version":"2020-12-22","purchased_purges":3,"victory":false,"max_hp_per_floor":[80,80,80,80,80,80,80,85,85,85,85,85,85,85,85,85,85,85,85,85,85,85,85,85,85,85,85,85,85,85,85,85],"card_choices":[{"not_picked":["Havoc","Sword Boomerang"],"picked":"Shrug It Off","floor":1},{"not_picked":["Fire Breathing","Clash"],"picked":"Warcry","floor":4},{"not_picked":["Cleave","True Grit"],"picked":"Spot Weakness","floor":6},{"not_picked":["Evolve","Offering"],"picked":"Pummel","floor":8},{"not_picked":["Headbutt","Thunderclap","Twin Strike"],"picked":"SKIP","floor":11},{"not_picked":["Perfected Strike","Armaments"],"picked":"Warcry","floor":12},{"not_picked":["Brutality","Feed"],"picked":"Impervious","floor":16},{"not_picked":["Heavy Blade","Clothesline"],"picked":"Flame Barrier","floor":18},{"not_picked":["Armaments","Flame Barrier","Carnage"],"picked":"SKIP","floor":21},{"not_picked":["Sever Soul","Burning Pact"],"picked":"Battle Trance","floor":24},{"not_picked":["Iron Wave","Flex+1"],"picked":"Heavy Blade","floor":27},{"not_picked":["Iron Wave+1","Second Wind","Rage"],"picked":"SKIP","floor":29}],"player_experience":275687,"relics_obtained":[{"floor":6,"key":"Potion Belt"},{"floor":8,"key":"Orichalcum"},{"floor":9,"key":"Red Skull"},{"floor":24,"key":"Lantern"},{"floor":26,"key":"Matryoshka"}],"event_choices":[{"damage_healed":0,"gold_gain":0,"player_choice":"Box","damage_taken":0,"relics_obtained":["Vajra"],"max_hp_gain":0,"max_hp_loss":0,"event_name":"Big Fish","floor":2,"gold_loss":0,"cards_obtained":["Regret"]},{"cards_removed":["Regret"],"damage_healed":0,"gold_gain":0,"player_choice":"Removed Curses","damage_taken":0,"max_hp_gain":0,"max_hp_loss":0,"event_name":"Fountain of Cleansing","floor":3,"gold_loss":0},{"damage_healed":0,"gold_gain":0,"player_choice":"Entered Light","damage_taken":17,"max_hp_gain":0,"max_hp_loss":0,"event_name":"Shining Light","floor":13,"gold_loss":0,"cards_upgraded":["Warcry","Warcry"]},{"damage_healed":0,"gold_gain":0,"cards_transformed":["Strike_R"],"player_choice":"Change","damage_taken":0,"max_hp_gain":0,"max_hp_loss":0,"event_name":"Living Wall","floor":14,"gold_loss":0,"cards_obtained":["Demon Form"]},{"damage_healed":0,"gold_gain":0,"player_choice":"Opened","damage_taken":0,"relics_obtained":["White Beast Statue"],"max_hp_gain":0,"max_hp_loss":0,"event_name":"The Mausoleum","floor":19,"gold_loss":0},{"damage_healed":0,"gold_gain":99,"player_choice":"Stole From Cult","damage_taken":0,"max_hp_gain":0,"max_hp_loss":0,"event_name":"Nest","floor":20,"gold_loss":0}],"is_beta":false,"boss_relics":[{"not_picked":["Black Star","Philosopher\u0027s Stone"],"picked":"Coffee Dripper"}],"items_purged_floors":[5,22,28],"is_endless":false,"potions_floor_spawned":[4,6,11,21,24,27,29],"killed_by":"Slavers","ascension_level":6}}