{"host":"mmro3auxcbu5pwad","time":1611787533,"event":{"mods":["Aspiration","BaseMod","Conspire","Energized Spire","Halation","Hubris","Infinite Spire","Minty Spire (QoL Compilation)","Permanent Neow","Replay The Spire","StSLib"],"gold_per_floor":[13,31,31,41,52,52,80,110,200,226,269,327,16,36,36,131,131,131,131],"floor_reached":18,"language":"ENG","playtime":927,"items_purged":["Clumsy"],"score":191,"play_id":"e0de9464-48c4-4b6a-9c6a-9263f4d7e0ba","local_time":"20210127234533","is_ascension_mode":true,"campfire_choices":[{"data":"Dash","floor":6,"key":"SMITH"},{"floor":15,"key":"REST"}],"circlet_count":0,"master_deck":["Strike_G","Strike_G","Strike_G","Strike_G","Defend_G+1","Defend_G+1","Defend_G+1","Defend_G+1","Survivor","Neutralize","conspire:DoublingDagger","Underhanded Strike","Neutralize","Flying Knee","Dash+1","Underhanded Strike","Distraction","Tactician","Prepared"],"relics":["Ring of the Snake","MawBank","HornCleat","hubris:Spice","hubris:SlimyHat","Replay:Bottled Eggs","hubris:BlackHole"],"acts_visited":["Exordium","TheCity"],"potions_floor_usage":[11,16,16],"damage_taken":[{"damage":1,"enemies":"Jaw Worm","floor":1,"turns":6},{"damage":3,"enemies":"Cultist","floor":2,"turns":4},{"damage":0,"enemies":"Small Slimes","floor":4,"turns":5},{"damage":9,"enemies":"2 Fungi Beasts","floor":5,"turns":4},{"damage":13,"enemies":"3 Sentries","floor":7,"turns":10},{"damage":0,"enemies":"Large Slime","floor":8,"turns":6},{"damage":0,"enemies":"Looter","floor":10,"turns":2},{"damage":13,"enemies":"Gremlin Nob","floor":11,"turns":4},{"damage":0,"enemies":"Blue Slaver","floor":14,"turns":4},{"damage":55,"enemies":"Fading Forest","floor":16,"turns":11},{"damage":24,"enemies":"3 Byrds","floor":18,"turns":4}],"seed_played":"2118193343372390665","potions_obtained":[{"floor":2,"key":"ColorlessPotion"},{"floor":5,"key":"Swift Potion"},{"floor":8,"key":"Reflective Coating"},{"floor":10,"key":"LiquidMemories"},{"floor":11,"key":"Venom Potion"},{"floor":12,"key":"Regen Potion"}],"is_trial":false,"path_per_floor":["M","M","?","M","M","R","E","M","T","M","E","?","$","M","R","B",null,"M"],"character_chosen":"THE_SILENT","items_purchased":["Replay:Bottled Eggs"],"campfire_rested":1,"item_purchase_floors":[13],"current_hp_per_floor":[69,66,66,66,57,57,44,44,44,44,39,39,39,39,62,17,78,54,54],"gold":131,"neow_bonus":"REMOVE_TWO","is_daily":false,"chose_seed":false,"campfire_upgraded":1,"win_rate":0.0,"timestamp":1611787533,"path_taken":["M","M","?","M","?","R","E","M","T","M","E","?","$","M","R","BOSS","M"],"items_purchased_type":["Relic"],"build_version":"2020-12-22","purchased_purges":1,"victory":false,"max_hp_per_floor":[70,70,70,70,70,70,70,70,70,70,78,78,78,78,78,78,78,78,78],"card_choices":[{"not_picked":["hubris:SlightOfHand","PiercingWail"],"picked":"conspire:DoublingDagger","floor":1},{"not_picked":["Prepared","PiercingWail"],"picked":"Underhanded Strike","floor":2},{"not_picked":["Hidden Blade","Blade Dance"],"picked":"Flying Knee","floor":4},{"not_picked":["Choke","Deadly Poison"],"picked":"Dash","floor":5},{"not_picked":["hubris:TrickCloak","Caltrops"],"picked":"Underhanded Strike","floor":7},{"not_picked":["Well Laid Plans","Reflex","Backstab"],"picked":"SKIP","floor":8},{"not_picked":["Slice","Unload"],"picked":"Distraction","floor":10},{"not_picked":["Dagger Throw","Hidden Blade"],"picked":"Tactician","floor":11},{"not_picked":["ReplayTheSpireMod:Scrap Shanks","Calculated Gamble"],"picked":"Prepared","floor":12},{"not_picked":["Acrobatics","Hidden Blade","Bouncing Flask"],"picked":"SKIP","floor":14}],"player_experience":63758,"relics_obtained":[{"floor":7,"key":"MawBank"},{"floor":9,"key":"HornCleat"},{"floor":11,"key":"hubris:Spice"},{"floor":12,"key":"hubris:SlimyHat"}],"event_choices":[{"damage_healed":0,"gold_gain":0,"player_choice":"2 cards matched","damage_taken":0,"max_hp_gain":0,"max_hp_loss":0,"event_name":"Match and Keep!","floor":3,"gold_loss":0,"cards_obtained":["Clumsy","Neutralize"]}],"is_beta":false,"boss_relics":[{"not_picked":["energizedSpire:EnergizedDie","halation:PlatinumPhoenix"],"picked":"hubris:BlackHole"}],"items_purged_floors":[13],"is_endless":false,"potions_floor_spawned":[2,5,8,10,11],"killed_by":"3 Byrds","ascension_level":2}}