{"host":"y3h3n3f7seyagppx","time":1611786486,"event":{"mods":["AlwaysNeverKeys","BaseMod","Better Vampires","Colored Powertips","DeckTracker","Emptier Cage","Minty Spire (QoL Compilation)","Permanent Neow","Quick Restart","Rare Cards Sparkle","Relic Sorter","Relic Stats","StSLib","Transform Curses"],"gold_per_floor":[361,361,361,436,49,49,74,92,144,178,178,206,48,59,59,133,133,143,160,160,175,192,220,220,245,272,272,272],"floor_reached":27,"language":"ENG","playtime":3158,"items_purged":["Regret"],"score":538,"play_id":"aa0292ff-c3ae-4416-b2e3-12e9b65299b9","local_time":"20210127172806","is_ascension_mode":true,"campfire_choices":[{"data":"Doom and Gloom","floor":6.0,"key":"SMITH"},{"floor":11.0,"key":"REST"},{"data":"Fission","floor":15.0,"key":"SMITH"},{"data":"Buffer","floor":24,"key":"SMITH"}],"circlet_count":0,"master_deck":["AscendersBane","Strike_B+1","Strike_B+1","Strike_B+1","Strike_B+1","Defend_B+1","Defend_B+1","Defend_B+1","Defend_B+1","Zap","Dualcast","Cold Snap+1","Genetic Algorithm","Doom and Gloom+1","Core Surge+1","Ball Lightning","Buffer+1","Loop","Coolheaded","Fission+1","Multi-Cast","Genetic Algorithm","Force Field","Fusion"],"relics":["Cracked Core","Bronze Scales","Smiling Mask","Orrery","MealTicket","Mango","Blood Vial","Whetstone","Bottled Lightning","Art of War","Snecko Eye","Symbiotic Virus","DataDisk","Lantern"],"acts_visited":["Exordium","TheCity"],"potions_floor_usage":[25,27],"damage_taken":[{"damage":0.0,"enemies":"2 Louse","floor":1.0,"turns":2.0},{"damage":6.0,"enemies":"Gremlin Nob","floor":7.0,"turns":3.0},{"damage":0.0,"enemies":"Jaw Worm","floor":8.0,"turns":3.0},{"damage":38.0,"enemies":"3 Sentries","floor":10.0,"turns":7.0},{"damage":10.0,"enemies":"Lagavulin","floor":12.0,"turns":5.0},{"damage":4.0,"enemies":"Cultist","floor":14.0,"turns":4.0},{"damage":33.0,"enemies":"The Guardian","floor":16.0,"turns":9.0},{"damage":4.0,"enemies":"2 Thieves","floor":18.0,"turns":4.0},{"damage":0.0,"enemies":"Chosen","floor":19.0,"turns":4.0},{"damage":0.0,"enemies":"Shelled Parasite and Fungi","floor":21.0,"turns":5.0},{"damage":8.0,"enemies":"Snake Plant","floor":22.0,"turns":4.0},{"damage":13.0,"enemies":"Gremlin Leader","floor":23.0,"turns":5.0},{"damage":36,"enemies":"Slavers","floor":25,"turns":6},{"damage":14,"enemies":"Book of Stabbing","floor":27,"turns":4}],"seed_played":"7515419923364953393","potions_obtained":[{"floor":1.0,"key":"SteroidPotion"},{"floor":10.0,"key":"Dexterity Potion"},{"floor":18.0,"key":"SkillPotion"},{"floor":21.0,"key":"LiquidMemories"},{"floor":25,"key":"SkillPotion"}],"is_trial":false,"path_per_floor":["M","?","?","?","$","R","E","M","T","E","R","E","$","M","R","B",null,"M","M","?","M","M","E","R","E","T","E"],"character_chosen":"DEFECT","items_purchased":["Orrery","MealTicket","Art of War"],"campfire_rested":1,"item_purchase_floors":[5,5,13],"current_hp_per_floor":[64,64,53,42,42,42,50,50,50,14,37,29,44,42,42,11,61,59,61,61,63,57,46,46,12,12,0,0],"gold":272,"neow_bonus":"TWO_FIFTY_GOLD","is_daily":false,"chose_seed":false,"campfire_upgraded":3,"win_rate":0.0,"timestamp":1611786486,"path_taken":["M","?","?","?","$","R","E","M","T","E","R","E","?","M","R","BOSS","M","M","?","M","M","E","R","E","T","E"],"items_purchased_type":["Relic","Relic","Relic"],"build_version":"2020-12-22","purchased_purges":1,"victory":false,"max_hp_per_floor":[64,64,64,64,64,64,78,78,78,78,78,78,78,78,78,78,78,78,78,78,78,78,78,78,78,78,78,78],"relic_stats":{"Blood Vial":22,"counters":[14,65],"Bronze Scales":[206],"Snecko Eye":[53,49,64,49],"MealTicket":15,"Art of War":[12],"Whetstone":["Core Surge","Cold Snap"],"Smiling Mask":25,"obtain_stats":[{"Lantern":26,"Mango":7,"Whetstone":10,"Smiling Mask":3,"Blood Vial":9,"DataDisk":25,"Bronze Scales":2,"Orrery":5,"Snecko Eye":17,"MealTicket":5,"Art of War":13,"Bottled Lightning":12,"Cracked Core":0,"Symbiotic Virus":23},{"Lantern":13,"Mango":2,"Whetstone":4,"Smiling Mask":1,"Blood Vial":3,"DataDisk":13,"Bronze Scales":1,"Orrery":1,"Snecko Eye":7,"MealTicket":1,"Art of War":5,"Bottled Lightning":5,"Cracked Core":0,"Symbiotic Virus":12},{"Lantern":61,"Mango":5,"Whetstone":15,"Smiling Mask":2,"Blood Vial":8,"DataDisk":61,"Bronze Scales":2,"Orrery":2,"Snecko Eye":33,"MealTicket":2,"Art of War":20,"Bottled Lightning":20,"Cracked Core":0,"Symbiotic Virus":55}]},"card_choices":[{"not_picked":["FTL","Heatsinks"],"picked":"Cold Snap","floor":1.0},{"not_picked":["Compile Driver","Barrage"],"picked":"Genetic Algorithm","floor":5.0},{"not_picked":["Coolheaded","Barrage"],"picked":"Doom and Gloom","floor":5.0},{"not_picked":["Streamline","White Noise"],"picked":"Core Surge","floor":5.0},{"not_picked":["Go for the Eyes","Turbo"],"picked":"Ball Lightning","floor":5.0},{"not_picked":["Doom and Gloom","Redo"],"picked":"Buffer","floor":7.0},{"not_picked":["Skim","White Noise"],"picked":"Loop","floor":8.0},{"not_picked":["Conserve Battery","Ball Lightning","Go for the Eyes"],"picked":"SKIP","floor":10.0},{"not_picked":["Conserve Battery","Ball Lightning","Go for the Eyes"],"picked":"SKIP","floor":10.0},{"not_picked":["Auto Shields","Streamline"],"picked":"Coolheaded","floor":12.0},{"not_picked":["Skim","Ball Lightning"],"picked":"Fission","floor":14.0},{"not_picked":["Rainbow","Electrodynamics"],"picked":"Multi-Cast","floor":16.0},{"not_picked":["Auto Shields","Loop"],"picked":"Genetic Algorithm","floor":18.0},{"not_picked":["Conserve Battery","Compile Driver","Auto Shields"],"picked":"SKIP","floor":19.0},{"not_picked":["Stack","Redo"],"picked":"Force Field","floor":21.0},{"not_picked":["Barrage","Redo","Hologram"],"picked":"SKIP","floor":22.0},{"not_picked":["Doom and Gloom","Redo"],"picked":"Fusion","floor":23},{"not_picked":["Rebound","Conserve Battery","Sweeping Beam+1"],"picked":"SKIP","floor":25}],"player_experience":21689890,"relics_obtained":[{"floor":7.0,"key":"Mango"},{"floor":9.0,"key":"Blood Vial"},{"floor":10.0,"key":"Whetstone"},{"floor":12.0,"key":"Bottled Lightning"},{"floor":23,"key":"Symbiotic Virus"},{"floor":25,"key":"DataDisk"},{"floor":26,"key":"Lantern"}],"event_choices":[{"damage_healed":0.0,"max_hp_gain":0.0,"max_hp_loss":0.0,"gold_gain":0.0,"event_name":"Big Fish","player_choice":"Box","floor":2.0,"gold_loss":0.0,"damage_taken":0.0,"relics_obtained":["Bronze Scales"],"cards_obtained":["Regret"]},{"damage_healed":0.0,"max_hp_gain":0.0,"max_hp_loss":0.0,"gold_gain":0.0,"event_name":"Scrap Ooze","player_choice":"Success","floor":3.0,"gold_loss":0.0,"damage_taken":11.0,"relics_obtained":["Smiling Mask"]},{"damage_healed":0.0,"max_hp_gain":0.0,"max_hp_loss":0.0,"gold_gain":75.0,"event_name":"World of Goop","player_choice":"Gather Gold","floor":4.0,"gold_loss":0.0,"damage_taken":11.0},{"damage_healed":0.0,"max_hp_gain":0.0,"max_hp_loss":0.0,"gold_gain":0.0,"event_name":"Back to Basics","player_choice":"Simplicity","floor":20.0,"gold_loss":0.0,"damage_taken":0.0,"cards_upgraded":["Strike_B","Strike_B","Strike_B","Strike_B","Defend_B","Defend_B","Defend_B","Defend_B"]}],"is_beta":false,"boss_relics":[{"not_picked":["Runic Dome","Fusion Hammer"],"picked":"Snecko Eye"}],"items_purged_floors":[5],"is_endless":false,"potions_floor_spawned":[1,10,18,21,25],"killed_by":"Book of Stabbing","ascension_level":20}}