{"host":"i9o1vf12cf9bzpty","time":1611759749,"event":{"mods":["Act Like it!","Astrologer","BaseMod","Colored Powertips","DeckTracker","Downfall","Hermit","Jorbs\u0027s Wanderer Trilogy","Marisa????????","Minty Spire (QoL Compilation)","Shop Mod","StSLib","The Cursed","The Disciple","The Hierophant","The Mystic","The Servant 0.9.4"],"gold_per_floor":[99,113,113,125,50,62,87,37,49,34,34,19,19,38,54,157,157,107,107,107,107],"floor_reached":19,"language":"ENG","playtime":1382,"items_purged":[],"score":157,"play_id":"de83a823-9fc7-446a-a2d8-1ac677593a48","local_time":"20210127160229","is_ascension_mode":false,"campfire_choices":[{"data":"Slimebound:Split","floor":1.0,"key":"SMITH"},{"floor":11.0,"key":"REST"},{"data":"Slimebound:Overexert","floor":13.0,"key":"SMITH"},{"data":"Slimebound:SlimeSlap","floor":18.0,"key":"SMITH"}],"circlet_count":0,"master_deck":["Slimebound:Strike_Slimebound","Slimebound:Strike_Slimebound","Slimebound:Strike_Slimebound","Slimebound:Tackle+1","Slimebound:Defend_Slimebound+1","Slimebound:Defend_Slimebound+1","Slimebound:Defend_Slimebound+1","Slimebound:Defend_Slimebound","Slimebound:Split+1","Slimebound:CorrosiveSpit","Slimebound:GoopSpray+1","downfall:Malfunctioning","Slimebound:RejuvenatingLick","Slimebound:LeadByExample","Slimebound:ItLooksTasty","Slimebound:MegaLick","Slimebound:SplitBruiser","Slimebound:AcidTongue","Slimebound:Overexert+1","Slimebound:SamplingLick","Slimebound:SplitLeeching","Slimebound:SlimeSlap+1"],"relics":["Slimebound:AbsorbEndCombat","Slimebound:GreedOozeRelic","War Paint","Sozu"],"acts_visited":["Exordium","TheCity"],"potions_floor_usage":[],"damage_taken":[{"damage":3.0,"enemies":"Small Slimes","floor":2.0,"turns":4.0},{"damage":0.0,"enemies":"Jaw Worm","floor":4.0,"turns":6.0},{"damage":7.0,"enemies":"2 Louse","floor":6.0,"turns":2.0},{"damage":0.0,"enemies":"downfall:FleeingMerchant","floor":8.0,"turns":4.0},{"damage":10.0,"enemies":"2 Fungi Beasts","floor":9.0,"turns":3.0},{"damage":7.0,"enemies":"downfall:FleeingMerchant","floor":10.0,"turns":4.0},{"damage":18.0,"enemies":"downfall:FleeingMerchant","floor":12.0,"turns":4.0},{"damage":0.0,"enemies":"Blue Slaver","floor":14.0,"turns":3.0},{"damage":16.0,"enemies":"Large Slime","floor":15.0,"turns":4.0},{"damage":42.0,"enemies":"DF_ARCHETYPE_STREAMLINE","floor":16.0,"turns":9.0},{"damage":0,"enemies":"Spheric Guardian","floor":19,"turns":1}],"seed_played":"184811417214399623","potions_obtained":[{"floor":2.0,"key":"Slimebound:ThreeZeroPotion"},{"floor":6.0,"key":"champ:CounterPotion"},{"floor":9.0,"key":"Swift Potion"},{"floor":15.0,"key":"AttackPotion"},{"floor":16.0,"key":"Block Potion"}],"is_trial":false,"path_per_floor":["R","M","?","M","?","M","T","$","M","$","R","$","R","M","M","B",null,"R","M"],"character_chosen":"SLIMEBOUND","items_purchased":["Slimebound:MegaLick"],"campfire_rested":1,"item_purchase_floors":[8],"current_hp_per_floor":[71,70,70,71,71,64,64,70,63,64,71,53,53,57,45,11,71,71,71,71,71],"gold":107,"neow_bonus":"TEN_PERCENT_HP_BONUS","is_daily":false,"chose_seed":false,"campfire_upgraded":3,"win_rate":0.0,"timestamp":1611759749,"path_taken":["R","M","?","M","?","M","T","$","M","$","R","$","R","M","M","BOSS","R","M"],"items_purchased_type":["Card"],"build_version":"2020-12-22","purchased_purges":0,"victory":false,"max_hp_per_floor":[71,71,71,71,71,71,71,71,71,71,71,71,71,71,71,71,71,71,71,71,71],"card_choices":[{"not_picked":["Slimebound:Grow","Slimebound:Chomp"],"picked":"Slimebound:GoopSpray","floor":2.0},{"not_picked":["Slimebound:LeechEnergy","Slimebound:GoopTackle"],"picked":"Slimebound:RejuvenatingLick","floor":4.0},{"not_picked":["Slimebound:FormOfPuddle","Slimebound:ProtectTheBoss"],"picked":"Slimebound:LeadByExample","floor":6.0},{"not_picked":["Slimebound:Chomp","Slimebound:MegaLick"],"picked":"Slimebound:ItLooksTasty","floor":8.0},{"not_picked":["Slimebound:PressTheAttack","Slimebound:SplitAcid"],"picked":"Slimebound:SplitBruiser","floor":9.0},{"not_picked":["Slimebound:Chomp","Slimebound:RejuvenatingLick"],"picked":"Slimebound:AcidTongue","floor":10.0},{"not_picked":["Slimebound:ProtectTheBoss","Slimebound:PressTheAttack"],"picked":"Slimebound:Overexert","floor":12.0},{"not_picked":["Slimebound:SplitAcid","Slimebound:ItLooksTasty"],"picked":"Slimebound:SamplingLick","floor":14.0},{"not_picked":["Slimebound:RollThrough","Slimebound:SpikyOuterGoop"],"picked":"Slimebound:SplitLeeching","floor":15.0},{"not_picked":["Slimebound:RallyTheTroops","Slimebound:MassRepurpose"],"picked":"Slimebound:SlimeSlap","floor":16.0}],"player_experience":291478,"relics_obtained":[{"floor":7.0,"key":"War Paint"}],"event_choices":[],"is_beta":false,"boss_relics":[{"not_picked":["Runic Pyramid","Runic Dome"],"picked":"Sozu"}],"items_purged_floors":[],"is_endless":false,"potions_floor_spawned":[2,6,9,15,16],"killed_by":"Spheric Guardian","ascension_level":0}}