{"host":"2fgwwnzqc97k7iys","time":1611789461,"event":{"mods":["BaseMod","Colored Map","Minty Spire (QoL Compilation)","Quick Restart","Relic Stats"],"gold_per_floor":[116,133,6,6,19,52,52,52,52,52,52,94,119,146,146,243,243,259,276,152,67,81,121,121,159,185,196,196,205,67,96,96,191,245,258,275,275,300,21,21,47,47,47,79,102,102,118,28,37,37,37,37,37,65,65,65],"floor_reached":55,"language":"ENG","playtime":6052,"items_purged":["Defend_G","Strike_G","Phantasmal Killer"],"score":1368,"play_id":"309ad081-e53a-47f7-9a7e-ff1c25b16f54","local_time":"20210127171741","is_ascension_mode":true,"campfire_choices":[{"data":"Noxious Fumes","floor":8,"key":"SMITH"},{"data":"Poisoned Stab","floor":11,"key":"SMITH"},{"data":"Poisoned Stab","floor":15,"key":"SMITH"},{"data":"Backflip","floor":24,"key":"SMITH"},{"data":"Neutralize","floor":28,"key":"SMITH"},{"floor":32,"key":"REST"},{"data":"Malaise","floor":40,"key":"SMITH"},{"floor":42,"key":"RECALL"},{"data":"Catalyst","floor":46,"key":"SMITH"},{"floor":49,"key":"REST"},{"data":"Wraith Form v2","floor":52,"key":"SMITH"}],"circlet_count":0,"master_deck":["Survivor","Neutralize+1","PiercingWail","Noxious Fumes+1","Poisoned Stab+1","Poisoned Stab+1","Escape Plan","Backflip+1","Noxious Fumes","Noxious Fumes+1","Noxious Fumes+1","Catalyst+1","Wraith Form v2+1","Outmaneuver","Bullet Time+1","Malaise+1","Die Die Die","Backflip+1","PiercingWail+1","Night Terror"],"relics":["Ring of the Snake","CaptainsWheel","CeramicFish","FossilizedHelix","Nunchaku","Snake Skull","Sozu","MealTicket","Tiny Chest","Bottled Lightning","Strawberry","Dream Catcher","Pandora\u0027s Box","Oddly Smooth Stone","Akabeko","Blood Vial","Bronze Scales"],"acts_visited":["Exordium","TheCity","TheBeyond","TheEnding"],"potions_floor_usage":[6,6,16,25,50],"damage_taken":[{"damage":7,"enemies":"Small Slimes","floor":1,"turns":4},{"damage":1,"enemies":"2 Louse","floor":2,"turns":3},{"damage":0,"enemies":"Jaw Worm","floor":5,"turns":4},{"damage":12,"enemies":"3 Sentries","floor":6,"turns":7},{"damage":7,"enemies":"Lagavulin","floor":12,"turns":7},{"damage":1,"enemies":"Exordium Wildlife","floor":13,"turns":4},{"damage":0,"enemies":"Gremlin Nob","floor":14,"turns":4},{"damage":0,"enemies":"Slime Boss","floor":16,"turns":7},{"damage":0,"enemies":"Chosen","floor":18,"turns":4},{"damage":0,"enemies":"Shell Parasite","floor":19,"turns":4},{"damage":0,"enemies":"Cultist and Chosen","floor":22,"turns":4},{"damage":15,"enemies":"Gremlin Leader","floor":23,"turns":6},{"damage":26,"enemies":"Book of Stabbing","floor":25,"turns":6},{"damage":0,"enemies":"Snake Plant","floor":27,"turns":4},{"damage":10,"enemies":"Slavers","floor":31,"turns":4},{"damage":0,"enemies":"Automaton","floor":33,"turns":8},{"damage":9,"enemies":"3 Shapes","floor":35,"turns":5},{"damage":11,"enemies":"Orb Walker","floor":36,"turns":3},{"damage":4,"enemies":"Sphere and 2 Shapes","floor":38,"turns":4},{"damage":0,"enemies":"Giant Head","floor":41,"turns":7},{"damage":35,"enemies":"Nemesis","floor":44,"turns":7},{"damage":0,"enemies":"Jaw Worm Horde","floor":45,"turns":4},{"damage":0,"enemies":"Maw","floor":47,"turns":5},{"damage":34,"enemies":"Awakened One","floor":50,"turns":7},{"damage":15,"enemies":"Shield and Spear","floor":54,"turns":7},{"damage":64,"enemies":"The Heart","floor":55,"turns":8}],"seed_played":"3900562357560853435","potions_obtained":[{"floor":2,"key":"ColorlessPotion"},{"floor":5,"key":"DistilledChaos"},{"floor":6,"key":"LiquidMemories"},{"floor":12,"key":"AttackPotion"},{"floor":16,"key":"Poison Potion"}],"is_trial":false,"path_per_floor":["M","M","$","?","M","E","?","R","T","?","R","E","M","E","R","B",null,"M","M","$","?","M","E","R","E","T","M","R","?","$","E","R","B",null,"M","M","?","M","$","R","E","R","T","E","M","R","M","?","R","B",null,"R","$","E","B"],"character_chosen":"THE_SILENT","items_purchased":["Poisoned Stab","Noxious Fumes","Wraith Form v2","Oddly Smooth Stone"],"campfire_rested":2,"item_purchase_floors":[3,20,30,39],"current_hp_per_floor":[56,55,55,52,52,40,63,63,63,56,56,49,48,48,48,48,65,65,65,65,65,65,50,50,24,31,31,31,31,46,36,59,59,73,64,53,53,49,64,64,64,64,64,29,31,31,33,33,56,24,64,64,77,62,0,0],"gold":65,"neow_bonus":"REMOVE_CARD","is_daily":false,"chose_seed":false,"campfire_upgraded":8,"win_rate":0.0,"timestamp":1611789461,"path_taken":["M","M","$","?","M","E","?","R","T","?","R","E","M","E","R","BOSS","M","M","$","?","M","E","R","E","T","M","R","?","$","E","R","BOSS","M","M","?","M","$","R","E","R","T","E","M","R","M","?","R","BOSS","R","$","E","BOSS"],"items_purchased_type":["Card","Card","Card","Relic"],"build_version":"2020-12-22","purchased_purges":3,"victory":false,"max_hp_per_floor":[70,70,70,70,70,70,70,70,70,70,70,70,70,70,70,70,70,70,70,70,70,70,70,70,70,77,77,77,77,77,77,77,77,77,77,77,77,77,77,77,77,77,77,77,77,77,77,77,77,77,77,77,77,77,77,77],"relic_stats":{"counters":[26,137],"CeramicFish":144,"Snake Skull":[221],"Sozu":6,"Blood Vial":8,"Nunchaku":[18],"Dream Catcher":2,"Bronze Scales":[105],"MealTicket":43,"Tiny Chest":0,"Pandora\u0027s Box":["Outmaneuver","Phantasmal Killer","Bullet Time","Flechettes","Malaise","Die Die Die"],"obtain_stats":[{"CeramicFish":6,"Oddly Smooth Stone":39,"Snake Skull":14,"Akabeko":41,"Sozu":17,"Blood Vial":44,"CaptainsWheel":4,"Nunchaku":12,"Dream Catcher":31,"Strawberry":26,"Bronze Scales":54,"MealTicket":21,"Tiny Chest":23,"Pandora\u0027s Box":34,"Bottled Lightning":25,"FossilizedHelix":9,"Ring of the Snake":0},{"CeramicFish":4,"Oddly Smooth Stone":19,"Snake Skull":7,"Akabeko":20,"Sozu":8,"Blood Vial":21,"CaptainsWheel":2,"Nunchaku":5,"Dream Catcher":15,"Strawberry":13,"Bronze Scales":25,"MealTicket":10,"Tiny Chest":12,"Pandora\u0027s Box":16,"Bottled Lightning":13,"FossilizedHelix":4,"Ring of the Snake":0},{"CeramicFish":18,"Oddly Smooth Stone":92,"Snake Skull":33,"Akabeko":99,"Sozu":40,"Blood Vial":106,"CaptainsWheel":7,"Nunchaku":25,"Dream Catcher":72,"Strawberry":64,"Bronze Scales":129,"MealTicket":48,"Tiny Chest":58,"Pandora\u0027s Box":80,"Bottled Lightning":64,"FossilizedHelix":18,"Ring of the Snake":0}],"Ring of the Snake":[52]},"card_choices":[{"not_picked":["Slice","Distraction"],"picked":"PiercingWail","floor":1},{"not_picked":["Bane","Footwork"],"picked":"Noxious Fumes","floor":2},{"not_picked":["Backstab","Deflect"],"picked":"Poisoned Stab","floor":5},{"not_picked":["Blade Dance","Infinite Blades","Flying Knee"],"picked":"SKIP","floor":6},{"not_picked":["Outmaneuver","Dagger Throw"],"picked":"Escape Plan","floor":12},{"not_picked":["Masterful Stab","Tactician"],"picked":"Backflip","floor":13},{"not_picked":["Dagger Throw","Choke","Concentrate"],"picked":"SKIP","floor":14},{"not_picked":["Deflect+1","Blade Dance","Deadly Poison"],"picked":"SKIP","floor":18},{"not_picked":["Sucker Punch","Cloak And Dagger","Acrobatics+1"],"picked":"SKIP","floor":19},{"not_picked":["Blade Dance+1","Envenom","Calculated Gamble"],"picked":"SKIP","floor":22},{"not_picked":["Blade Dance","Quick Slash"],"picked":"Noxious Fumes+1","floor":23},{"not_picked":["Sucker Punch+1","Deadly Poison"],"picked":"Noxious Fumes+1","floor":25},{"not_picked":["All Out Attack","Cloak And Dagger+1","Predator"],"picked":"SKIP","floor":27},{"not_picked":["Dagger Spray","Sucker Punch","Predator"],"picked":"SKIP","floor":31},{"not_picked":["Predator+1","Acrobatics+1","Prepared"],"picked":"SKIP","floor":35},{"not_picked":["Backstab+1","Reflex","Tactician+1"],"picked":"SKIP","floor":36},{"not_picked":["Dagger Spray+1","Underhanded Strike+1"],"picked":"Backflip+1","floor":38},{"not_picked":["Acrobatics","Backstab+1","Terror+1"],"picked":"SKIP","floor":41},{"not_picked":["Riddle With Holes+1","Blade Dance+1","Outmaneuver+1"],"picked":"SKIP","floor":44},{"not_picked":["Reflex","Escape Plan"],"picked":"PiercingWail+1","floor":45},{"not_picked":["Cloak And Dagger","Reflex+1","Dodge and Roll"],"picked":"SKIP","floor":47},{"not_picked":["Outmaneuver+1","Expertise+1"],"picked":"Night Terror","floor":49},{"not_picked":["Eviscerate","Expertise+1","All Out Attack"],"picked":"SKIP","floor":54}],"player_experience":511355,"relics_obtained":[{"floor":6,"key":"CeramicFish"},{"floor":9,"key":"FossilizedHelix"},{"floor":12,"key":"Nunchaku"},{"floor":14,"key":"Snake Skull"},{"floor":23,"key":"Tiny Chest"},{"floor":25,"key":"Bottled Lightning"},{"floor":26,"key":"Strawberry"},{"floor":31,"key":"Dream Catcher"},{"floor":41,"key":"Akabeko"},{"floor":44,"key":"Blood Vial"},{"floor":54,"key":"Bronze Scales"}],"event_choices":[{"damage_healed":0,"gold_gain":0,"player_choice":"Success","damage_taken":3,"relics_obtained":["CaptainsWheel"],"max_hp_gain":0,"max_hp_loss":0,"event_name":"Scrap Ooze","floor":4,"gold_loss":0},{"damage_healed":23,"gold_gain":0,"player_choice":"Banana","damage_taken":0,"max_hp_gain":0,"max_hp_loss":0,"event_name":"Big Fish","floor":7,"gold_loss":0},{"cards_removed":["Strike_G"],"damage_healed":0,"gold_gain":0,"player_choice":"Card Removal","damage_taken":7,"max_hp_gain":0,"max_hp_loss":0,"event_name":"Golden Wing","floor":10,"gold_loss":0},{"damage_healed":0,"gold_gain":0,"player_choice":"Obtained Relic","damage_taken":0,"relics_obtained":["MealTicket"],"max_hp_gain":0,"max_hp_loss":0,"event_name":"Addict","floor":21,"gold_loss":85},{"damage_healed":0,"gold_gain":0,"player_choice":"Read","damage_taken":0,"max_hp_gain":0,"max_hp_loss":0,"event_name":"The Library","floor":29,"gold_loss":0,"cards_obtained":["Catalyst"]},{"damage_healed":0,"gold_gain":0,"player_choice":"Ignored","damage_taken":0,"max_hp_gain":0,"max_hp_loss":0,"event_name":"Tomb of Lord Red Mask","floor":37,"gold_loss":0},{"cards_removed":["Flechettes"],"damage_healed":0,"gold_gain":0,"player_choice":"Upgrade and Remove","damage_taken":0,"max_hp_gain":0,"max_hp_loss":0,"event_name":"Designer","floor":48,"gold_loss":90,"cards_upgraded":["Bullet Time"]}],"is_beta":false,"boss_relics":[{"not_picked":["Tiny House","Busted Crown"],"picked":"Sozu"},{"not_picked":["Astrolabe","Black Star"],"picked":"Pandora\u0027s Box"}],"items_purged_floors":[3,20,39],"is_endless":false,"potions_floor_spawned":[2,5,6,12,16,18,25,27,33,35,45],"killed_by":"The Heart","ascension_level":9}}