{"host":"zk71suw73lg2r165","time":1611775562,"event":{"mods":["BaseMod","Colored Map","Minty Spire (QoL Compilation)","Permanent Neow","Relic Stats","StSLib"],"gold_per_floor":[113,71,91,107,32,32,32],"floor_reached":6,"language":"ENG","playtime":168,"items_purged":[],"score":72,"play_id":"970f5890-fd94-491e-bedd-6c7f141c399d","local_time":"20210127142602","is_ascension_mode":true,"campfire_choices":[],"circlet_count":0,"master_deck":["AscendersBane","Strike_B","Strike_B","Strike_B","Strike_B","Defend_B","Defend_B","Defend_B","Defend_B","Dualcast","CurseOfTheBell","Hologram","Reprogram","Leap","Leap"],"relics":["Calling Bell","Bag of Marbles","Meat on the Bone","Du-Vu Doll"],"acts_visited":["Exordium"],"potions_floor_usage":[],"damage_taken":[{"damage":6,"enemies":"Cultist","floor":1,"turns":3},{"damage":12,"enemies":"Small Slimes","floor":3,"turns":5},{"damage":4,"enemies":"2 Louse","floor":4,"turns":3},{"damage":56,"enemies":"Gremlin Nob","floor":6,"turns":4}],"seed_played":"-1072978247942019097","potions_obtained":[{"floor":4,"key":"Energy Potion"}],"is_trial":false,"path_per_floor":["M","$","M","M","?","E"],"character_chosen":"DEFECT","items_purchased":["Reprogram"],"campfire_rested":0,"item_purchase_floors":[2],"current_hp_per_floor":[58,58,46,42,42,0,0],"gold":32,"neow_bonus":"BOSS_RELIC","is_daily":false,"chose_seed":false,"campfire_upgraded":0,"win_rate":0.0,"timestamp":1611775562,"path_taken":["M","?","M","M","?","E"],"items_purchased_type":["Card"],"build_version":"2020-12-22","purchased_purges":0,"victory":false,"max_hp_per_floor":[71,71,71,71,71,71,71],"relic_stats":{"counters":[4,15],"obtain_stats":[{"Calling Bell":0,"Du-Vu Doll":0,"Bag of Marbles":0,"Cracked Core":0,"Meat on the Bone":0},{"Calling Bell":0,"Du-Vu Doll":0,"Bag of Marbles":0,"Cracked Core":0,"Meat on the Bone":0},{"Calling Bell":0,"Du-Vu Doll":0,"Bag of Marbles":0,"Cracked Core":0,"Meat on the Bone":0}],"Meat on the Bone":0},"card_choices":[{"not_picked":["Storm","Leap"],"picked":"Hologram","floor":1},{"not_picked":["Rebound","Hologram"],"picked":"Leap","floor":3},{"not_picked":["White Noise","Turbo"],"picked":"Leap","floor":4}],"player_experience":1391753,"relics_obtained":[{"floor":0,"key":"Bag of Marbles"},{"floor":0,"key":"Meat on the Bone"},{"floor":0,"key":"Du-Vu Doll"}],"event_choices":[{"cards_removed":["Zap"],"damage_healed":0,"gold_gain":0,"player_choice":"Card Removal","damage_taken":0,"max_hp_gain":0,"max_hp_loss":0,"event_name":"The Cleric","floor":5,"gold_loss":75}],"is_beta":false,"boss_relics":[],"items_purged_floors":[],"is_endless":false,"potions_floor_spawned":[4],"killed_by":"Gremlin Nob","ascension_level":20}}