{"host":"jmumkimrafwvkspb","time":1611773916,"event":{"mods":["AchievementEnabler","BaseMod","Colored Map","Minty Spire (QoL Compilation)","Replay The Spire","StSLib"],"gold_per_floor":[116,135,105,122,137,165,165,194,194,234,245,245,275,42,42,121,121,135,35,53,69,85,110,110,110,110,143,143,185,246,297,297,399,399,441,154,184,225,225,281,303,354,354,412,32,32,32,65,65,99,139,139,139,6,32,32],"floor_reached":55,"language":"ENG","playtime":2767,"items_purged":["Defend_P","Strike_P","Strike_P","Defend_P"],"score":1941,"play_id":"fd9c2ff4-f7eb-4fd0-80f4-c77280308808","local_time":"20210127195836","is_ascension_mode":true,"campfire_choices":[{"data":"Eruption","floor":7.0,"key":"SMITH"},{"data":"Conclude","floor":12.0,"key":"SMITH"},{"data":"Crescendo","floor":15.0,"key":"SMITH"},{"data":"SpiritShield","floor":25.0,"key":"SMITH"},{"data":"Meditate","floor":28.0,"key":"SMITH"},{"floor":32.0,"key":"REST"},{"floor":46.0,"key":"REST"},{"floor":49.0,"key":"RECALL"},{"data":"Defend_P","floor":53.0,"key":"SMITH"}],"circlet_count":0,"master_deck":["AscendersBane","Strike_P+1","Defend_P+1","Defend_P+1","Eruption+1","Vigilance+1","EmptyBody+1","Conclude+1","SpiritShield+1","FlurryOfBlows+1","Crescendo+1","LessonLearned+1","Replay:Vibes+1","FlurryOfBlows+1","Ragnarok+1","Replay:Vibes+1","Wireheading+1","Meditate+1","Scrawl+1","Replay:ManipulateFuture+1","FearNoEvil+1","Vault+1","Indignation+1"],"relics":["PureWater","Darkstone Periapt","Replay:WaspNest","Molten Egg 2","MealTicket","Quantum Egg","Simple Rune","Runic Pyramid","Replay:Bandana","Dream Catcher","Red Mask","Replay:Purple Gloves","Sozu","Replay:Baseball","Pen Nib","Counterbalance","Replay:Ringing Soul","Replay:Mystery Machine","Membership Card","Mirror","Replay:Bottled Eggs"],"acts_visited":["Exordium","TheCity","TheBeyond","TheEnding"],"potions_floor_usage":[55],"damage_taken":[{"damage":0.0,"enemies":"2 Louse","floor":1.0,"turns":4.0},{"damage":3.0,"enemies":"Cultist","floor":2.0,"turns":5.0},{"damage":3.0,"enemies":"Small Slimes","floor":4.0,"turns":3.0},{"damage":0.0,"enemies":"2 Fungi Beasts","floor":5.0,"turns":2.0},{"damage":16.0,"enemies":"Gremlin Nob","floor":6.0,"turns":3.0},{"damage":6.0,"enemies":"3 Sentries","floor":8.0,"turns":5.0},{"damage":9.0,"enemies":"Red Slaver","floor":11.0,"turns":6.0},{"damage":0.0,"enemies":"Lagavulin","floor":13.0,"turns":4.0},{"damage":39.0,"enemies":"Slime Boss","floor":16.0,"turns":9.0},{"damage":4.0,"enemies":"3 Byrds","floor":18.0,"turns":3.0},{"damage":0.0,"enemies":"Chosen","floor":20.0,"turns":3.0},{"damage":16.0,"enemies":"Snake Plant","floor":21.0,"turns":4.0},{"damage":0.0,"enemies":"3 Cultists","floor":22.0,"turns":3.0},{"damage":0.0,"enemies":"Replay:Snechameleon","floor":23.0,"turns":6.0},{"damage":24.0,"enemies":"Book of Stabbing","floor":27.0,"turns":5.0},{"damage":0.0,"enemies":"Cultist and Chosen","floor":29.0,"turns":2.0},{"damage":14.0,"enemies":"Masked Bandits","floor":30.0,"turns":3.0},{"damage":19.0,"enemies":"Slavers","floor":31.0,"turns":3.0},{"damage":19.0,"enemies":"Collector","floor":33.0,"turns":9.0},{"damage":0.0,"enemies":"3 Darklings","floor":35.0,"turns":3.0},{"damage":1.0,"enemies":"Orb Walker","floor":37.0,"turns":3.0},{"damage":0.0,"enemies":"Mind Bloom Boss Battle","floor":38.0,"turns":4.0},{"damage":0.0,"enemies":"Giant Head","floor":40.0,"turns":5.0},{"damage":7.0,"enemies":"Spire Growth","floor":41.0,"turns":5.0},{"damage":36.0,"enemies":"Reptomancer","floor":42.0,"turns":5.0},{"damage":0.0,"enemies":"Giant Head","floor":44.0,"turns":4.0},{"damage":0.0,"enemies":"Sphere and 2 Shapes","floor":48.0,"turns":4.0},{"damage":25.0,"enemies":"Replay:Hell Engine","floor":50.0,"turns":7.0},{"damage":0.0,"enemies":"Awakened One","floor":51.0,"turns":8.0},{"damage":133,"enemies":"Shield and Spear","floor":55,"turns":3}],"seed_played":"-5043369685278374788","potions_obtained":[{"floor":1.0,"key":"FairyPotion"},{"floor":3.0,"key":"LiquidMemories"},{"floor":3.0,"key":"Flashbang"},{"floor":6.0,"key":"Regen Potion"},{"floor":8.0,"key":"SpeedPotion"},{"floor":10.0,"key":"DistilledChaos"},{"floor":11.0,"key":"CultistPotion"},{"floor":21.0,"key":"EssenceOfSteel"},{"floor":23.0,"key":"SmokeBomb"},{"floor":29.0,"key":"Energy Potion"},{"floor":30.0,"key":"Explosive Potion"},{"floor":33.0,"key":"Languid Potion"}],"is_trial":false,"path_per_floor":["M","M","?","M","M","E","R","E","T","?","M","R","E","$","R","B",null,"M","$","M","M","M","E","$","R","T","E","R","M","?","E","R","B",null,"M","$","M","?","?","E","M","E","T","E","$","R","?","M","R","B","B",null,"R","$","E"],"character_chosen":"WATCHER","items_purchased":["Simple Rune","Replay:Baseball","Membership Card","Mirror","Replay:Bottled Eggs"],"campfire_rested":2,"item_purchase_floors":[14,36,45,45,54],"current_hp_per_floor":[67,64,64,61,61,45,45,53,53,53,44,44,44,59,59,20,61,57,72,72,56,56,56,71,71,71,47,47,47,33,14,36,17,60,60,74,73,73,73,73,66,30,30,30,45,67,67,67,67,42,42,66,66,74,0,0],"gold":32,"neow_bonus":"TEN_PERCENT_HP_BONUS","is_daily":false,"chose_seed":false,"campfire_upgraded":6,"win_rate":0.0,"timestamp":1611773916,"path_taken":["M","M","?","?","M","E","R","E","T","?","?","R","E","$","R","BOSS","M","?","M","M","M","E","$","R","T","E","R","M","?","E","R","BOSS","M","$","M","?","?","E","M","E","T","E","$","R","?","M","R","BOSS","BOSS","R","$","E"],"items_purchased_type":["Relic","Relic","Relic","Relic","Relic"],"build_version":"2020-12-22","purchased_purges":4,"victory":false,"max_hp_per_floor":[74,74,74,74,74,74,74,74,74,74,74,74,74,74,74,74,74,74,74,74,74,74,74,74,74,74,74,74,74,74,74,74,74,74,74,74,74,74,74,74,74,74,74,74,74,74,74,74,74,74,74,74,74,74,74,74],"card_choices":[{"not_picked":["WindmillStrike","SashWhip"],"picked":"EmptyBody","floor":1.0},{"not_picked":["Replay:AtTheReady","JustLucky"],"picked":"Conclude","floor":2.0},{"not_picked":["Halt","Replay:Hum"],"picked":"SpiritShield","floor":4.0},{"not_picked":["EmptyBody","CutThroughFate"],"picked":"FlurryOfBlows","floor":5.0},{"not_picked":["BowlingBash","JustLucky"],"picked":"Crescendo","floor":6.0},{"not_picked":["Sanctity","PathToVictory"],"picked":"LessonLearned","floor":8.0},{"not_picked":["BattleHymn","SashWhip+1"],"picked":"Replay:Vibes","floor":10.0},{"not_picked":["ThirdEye","Vengeance"],"picked":"FlurryOfBlows+1","floor":11.0},{"not_picked":["Establishment","Replay:AtTheReady","Protect"],"picked":"SKIP","floor":13.0},{"not_picked":["SpiritShield","Establishment"],"picked":"Ragnarok+1","floor":16.0},{"not_picked":["Protect","Vengeance","Prostrate+1"],"picked":"SKIP","floor":18.0},{"not_picked":["CutThroughFate+1","SashWhip+1","Protect"],"picked":"SKIP","floor":20.0},{"not_picked":["SignatureMove+1","SashWhip+1"],"picked":"Replay:Vibes","floor":21.0},{"not_picked":["Study","FlurryOfBlows+1","BowlingBash+1"],"picked":"SKIP","floor":22.0},{"not_picked":["Crescendo","SashWhip+1"],"picked":"Wireheading","floor":23.0},{"not_picked":["EmptyFist+1","LikeWater+1"],"picked":"Meditate","floor":27.0},{"not_picked":["Protect","Replay:AtTheReady"],"picked":"Scrawl","floor":29.0},{"not_picked":["Prostrate","Fasting2"],"picked":"Replay:ManipulateFuture+1","floor":30.0},{"not_picked":["Indignation","Meditate"],"picked":"FearNoEvil+1","floor":31.0},{"not_picked":["Replay:AllIn","Omniscience"],"picked":"Vault","floor":33.0},{"not_picked":["SignatureMove+1","JustLucky+1","Replay:BluntJabs+1"],"picked":"SKIP","floor":35.0},{"not_picked":["EmptyFist+1","FollowUp+1","Evaluate"],"picked":"SKIP","floor":37.0},{"not_picked":["Halt","Replay:ManipulateFuture"],"picked":"Indignation+1","floor":40.0},{"not_picked":["ForeignInfluence+1","JustLucky+1","SandsOfTime+1"],"picked":"SKIP","floor":41.0},{"not_picked":["EmptyMind","PathToVictory+1","Meditate"],"picked":"SKIP","floor":42.0},{"not_picked":["EmptyFist+1","BowlingBash+1","Meditate"],"picked":"SKIP","floor":44.0},{"not_picked":["Evaluate+1","Replay:AtTheReady","EmptyBody"],"picked":"SKIP","floor":48.0}],"player_experience":1616641,"relics_obtained":[{"floor":6.0,"key":"Darkstone Periapt"},{"floor":8.0,"key":"Replay:WaspNest"},{"floor":9.0,"key":"Molten Egg 2"},{"floor":10.0,"key":"MealTicket"},{"floor":13.0,"key":"Quantum Egg"},{"floor":23.0,"key":"Replay:Bandana"},{"floor":27.0,"key":"Dream Catcher"},{"floor":30.0,"key":"Red Mask"},{"floor":31.0,"key":"Replay:Purple Gloves"},{"floor":40.0,"key":"Pen Nib"},{"floor":42.0,"key":"Counterbalance"},{"floor":43.0,"key":"Replay:Ringing Soul"},{"floor":44.0,"key":"Replay:Mystery Machine"}],"event_choices":[{"damage_healed":0.0,"max_hp_gain":0.0,"max_hp_loss":0.0,"gold_gain":0.0,"event_name":"The Woman in Blue","player_choice":"Bought 2 Potions","floor":3.0,"gold_loss":0.0,"damage_taken":0.0},{"damage_healed":0.0,"max_hp_gain":0.0,"max_hp_loss":0.0,"gold_gain":0.0,"event_name":"Masked Bandits","player_choice":"Fought Bandits","floor":30.0,"gold_loss":0.0,"damage_taken":0.0},{"damage_healed":0.0,"max_hp_gain":0.0,"max_hp_loss":0.0,"gold_gain":0.0,"event_name":"MindBloom","player_choice":"Fight","floor":38.0,"gold_loss":0.0,"damage_taken":0.0},{"cards_removed":["Strike_P"],"damage_healed":0.0,"max_hp_gain":0.0,"max_hp_loss":0.0,"gold_gain":0.0,"event_name":"Falling","player_choice":"Removed Attack","floor":39.0,"gold_loss":0.0,"damage_taken":0.0},{"damage_healed":0.0,"max_hp_gain":0.0,"max_hp_loss":0.0,"gold_gain":0.0,"event_name":"Match and Keep!","player_choice":"0 cards matched","floor":47.0,"gold_loss":0.0,"damage_taken":0.0,"cards_obtained":[]}],"is_beta":false,"boss_relics":[{"not_picked":["Velvet Choker","Kintsugi"],"picked":"Runic Pyramid"},{"not_picked":["Replay:Drink Me","Cursed Key"],"picked":"Sozu"}],"items_purged_floors":[14,19,36,45],"is_endless":false,"potions_floor_spawned":[1,5,6,8,11,21,23,29,30,33,35,40,48],"killed_by":"Shield and Spear","ascension_level":20}}