{"host":"qgrlfjrqk9z96gfi","time":1611720530,"event":{"mods":["BaseMod","Block Reminder","Colored Map","Custom Start","DeckTracker","Minty Spire (QoL Compilation)"],"gold_per_floor":[10,21,21,21,21,21,62,85,85,119,119,163,175,15,15,109,109,130,148,148,162,181,222,246,296,296,296,312,312,124,163,163,259,259,280,305,23,23,43,43,76,409,435,128,148,161,161,188,188,188,188,188,188,22,53,53,53],"floor_reached":56,"language":"ENG","playtime":5685,"items_purged":["Strike_G","Strike_G","Strike_G","Writhe"],"score":2226,"play_id":"af7570c7-561b-4e19-8b4c-73031a23024c","local_time":"20210126180850","is_ascension_mode":true,"campfire_choices":[{"data":"Neutralize","floor":6.0,"key":"SMITH"},{"floor":11.0,"key":"REST"},{"floor":15.0,"key":"REST"},{"floor":29.0,"key":"REST"},{"data":"Noxious Fumes","floor":32.0,"key":"SMITH"},{"floor":40.0,"key":"REST"},{"floor":47.0,"key":"RECALL"},{"floor":49.0,"key":"REST"},{"data":"After Image","floor":53.0,"key":"SMITH"}],"circlet_count":0,"master_deck":["AscendersBane","Strike_G","Strike_G","Defend_G","Defend_G","Defend_G","Defend_G","Defend_G","Survivor","Neutralize+1","Apotheosis+1","Dagger Throw","Underhanded Strike","PiercingWail","Unload","Dodge and Roll","Backflip","Noxious Fumes+1","Dagger Spray","After Image+1","Backflip","Deflect","Acrobatics+1","Blade Dance","Sucker Punch","Concentrate","Choke+1","Calculated Gamble","After Image+1","CurseOfTheBell","Terror","Footwork","Crippling Poison","Blur","Tactician","Well Laid Plans","Leg Sweep+1","Finisher","Acrobatics+1"],"relics":["Ring of the Snake","Paper Crane","Lantern","Oddly Smooth Stone","MawBank","Cursed Key","Happy Flower","Matryoshka","Dead Branch","Calling Bell","Blood Vial","Question Card","Turnip","MealTicket","Nunchaku","Strawberry","Sling","White Beast Statue"],"acts_visited":["Exordium","TheCity","TheBeyond","TheEnding"],"potions_floor_usage":[56,56],"damage_taken":[{"damage":12.0,"enemies":"Small Slimes","floor":1.0,"turns":4.0},{"damage":4.0,"enemies":"2 Louse","floor":2.0,"turns":3.0},{"damage":10.0,"enemies":"Lagavulin","floor":7.0,"turns":7.0},{"damage":0.0,"enemies":"Cultist","floor":8.0,"turns":3.0},{"damage":28.0,"enemies":"3 Sentries","floor":10.0,"turns":8.0},{"damage":19.0,"enemies":"Gremlin Nob","floor":12.0,"turns":5.0},{"damage":28.0,"enemies":"The Guardian","floor":16.0,"turns":11.0},{"damage":0.0,"enemies":"2 Thieves","floor":18.0,"turns":4.0},{"damage":3.0,"enemies":"Chosen","floor":19.0,"turns":6.0},{"damage":5.0,"enemies":"Shelled Parasite and Fungi","floor":21.0,"turns":7.0},{"damage":0.0,"enemies":"Centurion and Healer","floor":22.0,"turns":7.0},{"damage":7.0,"enemies":"Slavers","floor":23.0,"turns":6.0},{"damage":0.0,"enemies":"Chosen and Byrds","floor":24.0,"turns":7.0},{"damage":3.0,"enemies":"3 Cultists","floor":28.0,"turns":5.0},{"damage":0.0,"enemies":"Gremlin Leader","floor":31.0,"turns":5.0},{"damage":0.0,"enemies":"Champ","floor":33.0,"turns":8.0},{"damage":4.0,"enemies":"Orb Walker","floor":35.0,"turns":3.0},{"damage":27.0,"enemies":"3 Darklings","floor":36.0,"turns":6.0},{"damage":2.0,"enemies":"Jaw Worm Horde","floor":39.0,"turns":5.0},{"damage":0.0,"enemies":"Nemesis","floor":41.0,"turns":9.0},{"damage":2.0,"enemies":"Spire Growth","floor":45.0,"turns":5.0},{"damage":22.0,"enemies":"4 Shapes","floor":46.0,"turns":6.0},{"damage":0.0,"enemies":"Giant Head","floor":48.0,"turns":9.0},{"damage":15.0,"enemies":"Donu and Deca","floor":50.0,"turns":9.0},{"damage":47.0,"enemies":"Awakened One","floor":51.0,"turns":16.0},{"damage":35.0,"enemies":"Shield and Spear","floor":55.0,"turns":10.0},{"damage":35,"enemies":"The Heart","floor":56,"turns":8}],"seed_played":"-8644405156871683751","potions_obtained":[{"floor":1.0,"key":"Weak Potion"},{"floor":2.0,"key":"FairyPotion"},{"floor":21.0,"key":"DistilledChaos"},{"floor":22.0,"key":"AttackPotion"},{"floor":28.0,"key":"EssenceOfSteel"},{"floor":31.0,"key":"Strength Potion"},{"floor":33.0,"key":"SkillPotion"},{"floor":36.0,"key":"Weak Potion"},{"floor":39.0,"key":"SteroidPotion"},{"floor":46.0,"key":"Strength Potion"}],"is_trial":false,"path_per_floor":["M","M","?","$","?","R","E","M","T","E","R","E","?","$","R","B",null,"M","M","?","M","M","E","M","?","T","?","M","R","$","E","R","B",null,"M","M","$","?","M","R","E","?","T","$","M","M","R","E","R","B","B",null,"R","$","E","B"],"character_chosen":"THE_SILENT","items_purchased":["Noxious Fumes","Dagger Spray","Calculated Gamble","Terror","Footwork","Tactician","Well Laid Plans","Sling"],"campfire_rested":5,"item_purchase_floors":[14,14,30,37,37,44,44,54],"current_hp_per_floor":[47,43,43,43,43,43,33,33,33,5,23,4,4,4,22,18,50,50,47,47,42,42,35,35,35,35,35,32,50,50,50,50,50,58,56,31,31,31,31,49,51,51,51,60,58,38,38,47,67,52,7,52,52,67,32,0,0],"gold":53,"neow_bonus":"RANDOM_COLORLESS_2","is_daily":false,"chose_seed":false,"campfire_upgraded":3,"win_rate":0.0,"timestamp":1611720530,"path_taken":["M","M","?","$","?","R","E","M","T","E","R","E","?","$","R","BOSS","M","?","?","M","?","E","M","?","T","?","?","R","?","E","R","BOSS","M","M","$","?","M","R","E","?","T","$","M","M","R","E","R","BOSS","BOSS","R","$","E","BOSS"],"items_purchased_type":["Card","Card","Card","Card","Card","Card","Card","Relic"],"build_version":"2020-12-22","purchased_purges":4,"victory":false,"max_hp_per_floor":[66,66,60,60,60,60,60,60,60,60,60,60,60,60,60,60,60,60,60,60,60,60,60,60,60,60,60,60,60,60,60,60,60,60,60,60,60,60,60,60,60,60,60,60,60,60,60,67,67,67,67,67,67,67,67,67,67],"card_choices":[{"not_picked":["Magnetism","Sadistic Nature"],"picked":"Apotheosis","floor":0.0},{"not_picked":["Footwork","Backflip"],"picked":"Dagger Throw","floor":1.0},{"not_picked":["Bane","Riddle With Holes"],"picked":"Underhanded Strike","floor":2.0},{"not_picked":["Flying Knee","Caltrops"],"picked":"PiercingWail","floor":7.0},{"not_picked":["Catalyst","Setup"],"picked":"Unload","floor":8.0},{"not_picked":["Backflip","Bouncing Flask"],"picked":"Dodge and Roll","floor":10.0},{"not_picked":["Storm of Steel","Bouncing Flask"],"picked":"Backflip","floor":12.0},{"not_picked":["Storm of Steel","A Thousand Cuts"],"picked":"After Image","floor":16.0},{"not_picked":["Deadly Poison","Sucker Punch"],"picked":"Backflip","floor":18.0},{"not_picked":["Bane","Dagger Spray+1"],"picked":"Deflect","floor":19.0},{"not_picked":["Flying Knee","Distraction"],"picked":"Acrobatics+1","floor":21.0},{"not_picked":["PiercingWail","Backstab+1"],"picked":"Blade Dance","floor":22.0},{"not_picked":["Riddle With Holes","Unload"],"picked":"Sucker Punch","floor":23.0},{"not_picked":["Backflip","Infinite Blades"],"picked":"Concentrate","floor":24.0},{"not_picked":["Dodge and Roll","Deadly Poison"],"picked":"Choke+1","floor":28.0},{"not_picked":["Infinite Blades","Bane+1","Distraction"],"picked":"SKIP","floor":31.0},{"not_picked":["Venomology","Malaise"],"picked":"After Image","floor":33.0},{"not_picked":["Acrobatics","Sucker Punch","Masterful Stab+1","Bane+1"],"picked":"SKIP","floor":35.0},{"not_picked":["Catalyst","Backflip","Reflex","Bane"],"picked":"SKIP","floor":36.0},{"not_picked":["PiercingWail","Sucker Punch","Outmaneuver"],"picked":"Crippling Poison","floor":39.0},{"not_picked":["Caltrops+1","All Out Attack","Burst"],"picked":"Blur","floor":41.0},{"not_picked":["Sucker Punch","Blade Dance","Underhanded Strike+1"],"picked":"Leg Sweep+1","floor":45.0},{"not_picked":["Outmaneuver","Heel Hook","Choke","Dagger Throw"],"picked":"SKIP","floor":46.0},{"not_picked":["Deadly Poison","Endless Agony+1","Slice"],"picked":"Finisher","floor":48.0},{"not_picked":["Quick Slash","Dagger Spray","Masterful Stab+1"],"picked":"Acrobatics+1","floor":55.0}],"player_experience":1067909,"relics_obtained":[{"floor":7.0,"key":"Paper Crane"},{"floor":9.0,"key":"Lantern"},{"floor":10.0,"key":"Oddly Smooth Stone"},{"floor":12.0,"key":"MawBank"},{"floor":23.0,"key":"Happy Flower"},{"floor":26.0,"key":"Matryoshka"},{"floor":31.0,"key":"Dead Branch"},{"floor":34.0,"key":"Blood Vial"},{"floor":34.0,"key":"Question Card"},{"floor":34.0,"key":"Turnip"},{"floor":41.0,"key":"MealTicket"},{"floor":43.0,"key":"Nunchaku"},{"floor":48.0,"key":"Strawberry"},{"floor":55.0,"key":"White Beast Statue"}],"event_choices":[{"damage_healed":0.0,"max_hp_gain":0.0,"max_hp_loss":6.0,"gold_gain":0.0,"event_name":"Golden Idol","player_choice":"Lose Max HP","floor":3.0,"gold_loss":0.0,"damage_taken":0.0,"relics_obtained":["Golden Idol"]},{"damage_healed":0.0,"max_hp_gain":0.0,"max_hp_loss":0.0,"gold_gain":0.0,"event_name":"Living Wall","player_choice":"Grow","floor":5.0,"gold_loss":0.0,"damage_taken":0.0,"cards_upgraded":["Apotheosis"]},{"damage_healed":0.0,"max_hp_gain":0.0,"max_hp_loss":0.0,"gold_gain":0.0,"event_name":"FaceTrader","player_choice":"Leave","floor":13.0,"gold_loss":0.0,"damage_taken":0.0},{"damage_healed":0.0,"max_hp_gain":0.0,"max_hp_loss":0.0,"gold_gain":0.0,"event_name":"Upgrade Shrine","player_choice":"Upgraded","floor":20.0,"gold_loss":0.0,"damage_taken":0.0,"cards_upgraded":["After Image"]},{"damage_healed":0.0,"max_hp_gain":0.0,"max_hp_loss":0.0,"gold_gain":50.0,"event_name":"Nest","player_choice":"Stole From Cult","floor":25.0,"gold_loss":0.0,"damage_taken":0.0},{"cards_removed":["Shame"],"damage_healed":0.0,"max_hp_gain":0.0,"max_hp_loss":0.0,"gold_gain":0.0,"event_name":"Fountain of Cleansing","player_choice":"Removed Curses","floor":27.0,"gold_loss":0.0,"damage_taken":0.0},{"damage_healed":0.0,"max_hp_gain":0.0,"max_hp_loss":0.0,"gold_gain":0.0,"event_name":"SensoryStone","player_choice":"Memory 1","floor":38.0,"gold_loss":0.0,"damage_taken":0.0},{"damage_healed":0.0,"max_hp_gain":0.0,"max_hp_loss":0.0,"gold_gain":333.0,"event_name":"The Moai Head","player_choice":"Gave Idol","floor":42.0,"relics_lost":["Golden Idol"],"gold_loss":0.0,"damage_taken":0.0}],"is_beta":false,"boss_relics":[{"not_picked":["Velvet Choker","WristBlade"],"picked":"Cursed Key"},{"not_picked":["Runic Dome","Busted Crown"],"picked":"Calling Bell"}],"items_purged_floors":[14,30,37,44],"is_endless":false,"potions_floor_spawned":[1,2,21,22,28,31,33,36,39,46,48],"killed_by":"The Heart","ascension_level":20}}