{"host":"c9qdigwavhre9ru1","time":1611789617,"event":{"mods":["AlwaysNeverKeys","BaseMod","BetterRewards","Minty Spire (QoL Compilation)","Quick Restart","Rare Cards Sparkle","Shop Mod"],"gold_per_floor":[112,112,124,124,124,124,151,151,199,33,46,46,46,60,60,164,164,175,192,202,45,45,78,78,78,78],"floor_reached":25,"language":"ENG","playtime":777,"items_purged":["Strike_R"],"score":415,"play_id":"6aaea78c-7925-472f-a69d-05ac07030cd7","local_time":"20210127172017","is_ascension_mode":true,"campfire_choices":[{"data":"Headbutt","floor":6,"key":"SMITH"},{"data":"Rampage","floor":8,"key":"SMITH"},{"data":"Whirlwind","floor":15,"key":"SMITH"},{"data":"Limit Break","floor":24,"key":"SMITH"}],"circlet_count":0,"master_deck":["Defend_R","Defend_R","Defend_R","Bash+1","Headbutt+1","Shrug It Off+1","Thunderclap+1","Headbutt","Rampage+1","Finesse","Whirlwind+1","Power Through","Dropkick","Limit Break+1","Shrug It Off"],"relics":["Burning Blood","Vajra","Mummified Hand","MealTicket","Eternal Feather","Empty Cage","Membership Card","Gambling Chip"],"acts_visited":["Exordium","TheCity"],"potions_floor_usage":[16,19,19,20,23,23,23],"damage_taken":[{"damage":6,"enemies":"2 Louse","floor":1,"turns":2},{"damage":8,"enemies":"Cultist","floor":3,"turns":4},{"damage":29,"enemies":"Lagavulin","floor":7,"turns":5},{"damage":1,"enemies":"Jaw Worm","floor":11,"turns":2},{"damage":0,"enemies":"Looter","floor":14,"turns":2},{"damage":7,"enemies":"Slime Boss","floor":16,"turns":8},{"damage":10,"enemies":"Chosen","floor":18,"turns":3},{"damage":6,"enemies":"2 Thieves","floor":19,"turns":2},{"damage":6,"enemies":"3 Cultists","floor":20,"turns":3},{"damage":56,"enemies":"Book of Stabbing","floor":23,"turns":6},{"damage":41,"enemies":"Snake Plant","floor":25,"turns":4}],"seed_played":"-5119370021874497058","potions_obtained":[{"floor":3,"key":"SneckoOil"},{"floor":7,"key":"BlessingOfTheForge"},{"floor":18,"key":"Swift Potion"},{"floor":19,"key":"EntropicBrew"}],"is_trial":false,"path_per_floor":["M","?","M","?","?","R","E","R","T","$","M","T","?","M","R","B",null,"M","M","M","$","?","E","R","M"],"character_chosen":"IRONCLAD","items_purchased":["Vajra","Headbutt","Shrug It Off","Finesse","Membership Card"],"campfire_rested":0,"item_purchase_floors":[0,0,0,10,21],"current_hp_per_floor":[72,72,70,54,54,54,31,31,31,46,51,51,51,57,66,65,76,72,72,72,80,80,30,39,0,0],"gold":78,"neow_bonus":"","is_daily":false,"chose_seed":false,"campfire_upgraded":4,"win_rate":0.0,"timestamp":1611789617,"path_taken":["M","?","?","?","?","R","E","R","T","$","?","?","?","M","R","BOSS","M","M","M","$","?","E","R","?"],"items_purchased_type":["Relic","Card","Card","Card","Relic"],"build_version":"2020-12-22","purchased_purges":1,"victory":false,"max_hp_per_floor":[80,80,80,80,80,80,80,80,80,80,80,80,80,80,80,80,80,80,80,80,80,80,80,80,80,80],"card_choices":[{"not_picked":["Iron Wave","Uppercut"],"picked":"Thunderclap","floor":1},{"not_picked":["Warcry","Wild Strike"],"picked":"Headbutt","floor":3},{"not_picked":["Iron Wave","Wild Strike"],"picked":"Rampage","floor":7},{"not_picked":["Rage","Body Slam"],"picked":"Whirlwind","floor":11},{"not_picked":["Bludgeon","Sentinel"],"picked":"Dropkick","floor":14},{"not_picked":["Bludgeon","Corruption"],"picked":"Limit Break","floor":16},{"not_picked":["Anger","Clash"],"picked":"Shrug It Off","floor":18},{"not_picked":["Sentinel","Iron Wave","Clothesline"],"picked":"SKIP","floor":19},{"not_picked":["Shrug It Off+1","Pommel Strike","Armaments"],"picked":"SKIP","floor":20},{"not_picked":["Berserk","Perfected Strike","Clash+1"],"picked":"SKIP","floor":23}],"player_experience":339124,"relics_obtained":[{"floor":7,"key":"Mummified Hand"},{"floor":9,"key":"MealTicket"},{"floor":12,"key":"Eternal Feather"},{"floor":23,"key":"Gambling Chip"}],"event_choices":[{"cards_removed":["Strike_R"],"damage_healed":0,"gold_gain":0,"player_choice":"Offered Basic","damage_taken":0,"max_hp_gain":0,"max_hp_loss":0,"event_name":"Bonfire Elementals","floor":2,"gold_loss":0},{"damage_healed":0,"gold_gain":0,"player_choice":"Entered Light","damage_taken":16,"max_hp_gain":0,"max_hp_loss":0,"event_name":"Shining Light","floor":4,"gold_loss":0,"cards_upgraded":["Thunderclap","Bash"]},{"damage_healed":0,"gold_gain":0,"player_choice":"Forge","damage_taken":0,"max_hp_gain":0,"max_hp_loss":0,"event_name":"Accursed Blacksmith","floor":5,"gold_loss":0,"cards_upgraded":["Shrug It Off"]},{"damage_healed":0,"gold_gain":0,"cards_transformed":["Strike_R"],"player_choice":"Transformed","damage_taken":0,"max_hp_gain":0,"max_hp_loss":0,"event_name":"Transmorgrifier","floor":13,"gold_loss":0,"cards_obtained":["Power Through"]},{"cards_removed":["Defend_R"],"damage_healed":0,"gold_gain":0,"player_choice":"Purged","damage_taken":0,"max_hp_gain":0,"max_hp_loss":0,"event_name":"Purifier","floor":22,"gold_loss":0}],"is_beta":false,"boss_relics":[{"not_picked":["Calling Bell","Ectoplasm"],"picked":"Empty Cage"}],"items_purged_floors":[10],"is_endless":false,"potions_floor_spawned":[3,7,18,19],"killed_by":"Snake Plant","ascension_level":6}}