{"host":"Ultra Nova","time":1611784102,"event":{"mods":["2.2 Compatiblity","Aspiration","BaseMod","Conspire","Minty Spire (QoL Compilation)","Spikes Relics","StSLib","The Jungle"],"gold_per_floor":[109,109,124,17,31,56,67,67,67,43,43,58,72,88,88,188,188,206,206,206,226,238,238,271,283,283,283,29,58,77,92,92,187,187,202,202,202],"floor_reached":36,"language":"ENG","playtime":2201,"items_purged":[],"score":433,"play_id":"78ece14e-3c52-429c-9cfc-1a12260dd8ae","local_time":"20210127134822","is_ascension_mode":false,"campfire_choices":[{"floor":8,"key":"REST"},{"floor":15,"key":"REST"},{"floor":23,"key":"REST"},{"floor":27,"key":"REST"},{"floor":32,"key":"REST"}],"circlet_count":0,"master_deck":["Strike_R","Strike_R","Strike_R","Strike_R","Strike_R","Defend_R","Defend_R","Defend_R","Defend_R","Bash","Decay","Twin Strike","Pain","Thunderclap","Evolve","Spot Weakness","Anger","Rupture","Shockwave","Anger","Headbutt","conspire:ExplosiveBarrier","Cleave","Brutality","Headbutt","Shame","Headbutt","Flex","Rupture","Demon Form","Bandage Up+1","Twin Strike","Fiend Fire","Fire Breathing","Heavy Blade","Double Tap+1","Twin Strike+1"],"relics":["Burning Blood","CaptainsWheel","WarpedTongs","Mummified Hand","BlackRope","Mark of Pain","theJungle:SneckoAutograph","Toxic Egg 2","LugNut","Question Card","Brimstone","Regal Pillow","HailfireSword"],"acts_visited":["Exordium","theJungle:Jungle","TheBeyond"],"potions_floor_usage":[6,16,24,25,31,33,33,36],"damage_taken":[{"damage":0,"enemies":"conspire:RoseBush","floor":1,"turns":3},{"damage":11,"enemies":"Cultist","floor":3,"turns":3},{"damage":10,"enemies":"2 Louse","floor":5,"turns":3},{"damage":18,"enemies":"Gremlin Nob","floor":6,"turns":3},{"damage":7,"enemies":"Red Slaver","floor":7,"turns":4},{"damage":18,"enemies":"Gremlin Gang","floor":12,"turns":6},{"damage":4,"enemies":"3 Louse","floor":13,"turns":2},{"damage":12,"enemies":"Looter","floor":14,"turns":2},{"damage":28,"enemies":"The Guardian","floor":16,"turns":7},{"damage":9,"enemies":"theJungle:MUSHROOMGANG","floor":18,"turns":3},{"damage":7,"enemies":"theJungle:GiantWrat","floor":21,"turns":5},{"damage":36,"enemies":"theJungle:Lyon","floor":22,"turns":5},{"damage":46,"enemies":"theJungle:MamaSnecko","floor":24,"turns":5},{"damage":32,"enemies":"theJungle:Snecko_Cultist_And_Trap","floor":25,"turns":6},{"damage":16,"enemies":"theJungle:2_Phrogs","floor":29,"turns":4},{"damage":19,"enemies":"Snake Plant","floor":30,"turns":3},{"damage":19,"enemies":"theJungle:2_Snecko_Cultists","floor":31,"turns":4},{"damage":75,"enemies":"theJungle:TotemBoss","floor":33,"turns":5},{"damage":12,"enemies":"3 Shapes","floor":35,"turns":1},{"damage":91,"enemies":"conspire:MimicChest","floor":36,"turns":4}],"seed_played":"3870060924132389635","potions_obtained":[{"floor":3,"key":"BlessingOfTheForge"},{"floor":7,"key":"SkillPotion"},{"floor":11,"key":"FairyPotion"},{"floor":11,"key":"BloodPotion"},{"floor":14,"key":"SteroidPotion"},{"floor":18,"key":"conspire:TimeTravelPotion"},{"floor":30,"key":"DuplicationPotion"},{"floor":31,"key":"EntropicBrew"},{"floor":35,"key":"Explosive Potion"}],"is_trial":false,"path_per_floor":["M","?","M","$","M","E","M","R","T","$","?","M","M","M","R","B",null,"M","?","?","M","M","R","E","M","T","R","$","E","M","M","R","B",null,"M","?"],"character_chosen":"IRONCLAD","items_purchased":["Evolve","Spot Weakness","Anger","Brimstone","Bandage Up+1","Twin Strike"],"campfire_rested":5,"item_purchase_floors":[4,4,10,28,28,28],"current_hp_per_floor":[80,80,75,75,71,59,58,80,80,80,80,68,70,64,80,58,80,77,77,77,76,46,70,39,29,29,53,53,43,30,17,56,28,80,74,0,0],"gold":202,"neow_bonus":"ONE_RARE_RELIC","is_daily":false,"chose_seed":false,"campfire_upgraded":0,"win_rate":0.0,"timestamp":1611784102,"path_taken":["M","?","M","$","M","E","?","R","T","?","?","?","?","M","R","BOSS","M","?","?","?","M","R","E","M","T","R","$","E","M","M","R","BOSS","M","?"],"items_purchased_type":["Card","Card","Card","Relic","Card","Card"],"build_version":"2020-12-18","purchased_purges":0,"victory":false,"max_hp_per_floor":[80,80,80,80,80,80,80,80,80,80,80,80,80,80,80,80,80,80,80,80,80,80,80,80,80,80,80,80,80,80,80,80,80,80,80,80,80],"card_choices":[{"not_picked":["Sentinel","Feel No Pain"],"picked":"Twin Strike","floor":1},{"not_picked":["Battle Trance","Cleave"],"picked":"Thunderclap","floor":3},{"not_picked":["True Grit","Sever Soul"],"picked":"Anger","floor":5},{"not_picked":["Reckless Charge","Headbutt"],"picked":"Rupture","floor":6},{"not_picked":["Feel No Pain","Sword Boomerang"],"picked":"Shockwave","floor":7},{"not_picked":["Burning Pact","Pommel Strike"],"picked":"Headbutt","floor":12},{"not_picked":["True Grit","conspire:Charge"],"picked":"conspire:ExplosiveBarrier","floor":13},{"not_picked":["Seeing Red","Armaments"],"picked":"Cleave","floor":14},{"not_picked":["Berserk","Bludgeon"],"picked":"Brutality","floor":16},{"not_picked":["Twin Strike","Rage"],"picked":"Headbutt","floor":18},{"not_picked":["Perfected Strike","Body Slam"],"picked":"Headbutt","floor":21},{"not_picked":["Dark Embrace","Havoc+1"],"picked":"Flex","floor":22},{"not_picked":["Searing Blow","Heavy Blade"],"picked":"Rupture","floor":24},{"not_picked":["Iron Wave","Disarm+1"],"picked":"Demon Form","floor":25},{"not_picked":["Intimidate+1","Iron Wave","Second Wind+1"],"picked":"Fiend Fire","floor":29},{"not_picked":["Clothesline","Battle Trance+1","Havoc+1"],"picked":"Fire Breathing","floor":30},{"not_picked":["Rupture","Dual Wield+1","Invigoration"],"picked":"Heavy Blade","floor":31},{"not_picked":["Fiend Fire","conspire:Purge+1","Corruption"],"picked":"Double Tap+1","floor":33},{"not_picked":["Headbutt","Perfected Strike","Burning Pact+1"],"picked":"Twin Strike+1","floor":35}],"player_experience":230307,"relics_obtained":[{"floor":6,"key":"Mummified Hand"},{"floor":9,"key":"BlackRope"},{"floor":24,"key":"Toxic Egg 2"},{"floor":26,"key":"LugNut"},{"floor":29,"key":"Regal Pillow"}],"event_choices":[{"damage_healed":0,"gold_gain":0,"player_choice":"Rummage","damage_taken":0,"relics_obtained":["WarpedTongs"],"max_hp_gain":0,"max_hp_loss":0,"event_name":"Accursed Blacksmith","floor":2,"gold_loss":0,"cards_obtained":["Pain"]},{"damage_healed":0,"gold_gain":0,"player_choice":"Got Potions","damage_taken":0,"max_hp_gain":0,"max_hp_loss":0,"event_name":"Lab","floor":11,"gold_loss":0},{"damage_healed":0,"gold_gain":0,"player_choice":"Bought 0 Potions","damage_taken":0,"max_hp_gain":0,"max_hp_loss":0,"event_name":"The Woman in Blue","floor":20,"gold_loss":0}],"is_beta":true,"boss_relics":[{"not_picked":["Black Star","Velvet Choker"],"picked":"Mark of Pain"},{"not_picked":["Coffee Dripper","Empty Cage"],"picked":"HailfireSword"}],"items_purged_floors":[],"is_endless":false,"potions_floor_spawned":[3,7,12,14,18,30,31,35],"killed_by":"conspire:MimicChest","ascension_level":0}}