{"host":"ws1rigs6jhqnf67d","time":1611764109,"event":{"mods":["BaseMod","Downfall","Friendly Minions","KinomotoSakuraMod(ƒæ÷Æ±æ”£)","Kiyohime£®«Âºß£©","Lobotomy","LobotomyExtend","Marisa£®ÏF”Í°°ƒß¿Ì…≥£©","Minty Spire (QoL Compilation)","Remilia£®¿Ÿ√◊¿Ú—«£©","StSLib","The Bug Knight","The Senshi","Youmu£®ªÍ∆«—˝√Œ£©","[IsaacMod]“‘»ˆº‚À˛"],"gold_per_floor":[112,127,141,101,113,142,157,192,192,206,206,240,240,260,260,361,361,373,373,391,391,391,391,420,420,420,420,438,452,482,495,614,717,717,728,738,738,595,606,636,636,666,666,666,435,454,484,484,685,685,1006],"floor_reached":52,"language":"ZHS","playtime":2148,"items_purged":["Normality"],"score":1808,"play_id":"52562cb4-c892-4f7f-a3cc-4843998550ae","local_time":"20210128001509","is_ascension_mode":true,"campfire_choices":[{"floor":11,"key":"REST"},{"floor":15,"key":"REST"},{"data":"Storm of Steel","floor":23,"key":"SMITH"},{"data":"Terror","floor":25,"key":"SMITH"},{"data":"Accuracy","floor":27,"key":"SMITH"},{"floor":32,"key":"REST"},{"data":"After Image","floor":41,"key":"SMITH"},{"data":"Accuracy","floor":44,"key":"SMITH"},{"floor":49,"key":"REST"}],"circlet_count":0,"master_deck":["AscendersBane","Strike_G","Strike_G","Strike_G","Strike_G","Defend_G","Defend_G","Defend_G","Defend_G","Defend_G","Survivor","Neutralize","Poisoned Stab","Malaise","Skewer","Cloak And Dagger","Venomology+1","Terror+1","Storm of Steel+1","Cloak And Dagger","Die Die Die","Accuracy+1","After Image+1","Infinite Blades","Backstab+1","Accuracy+1","Blade Dance+1","Storm of Steel","Dash+1","Blade Dance+1"],"relics":["Ring of the Snake","HushsDoor","MoneyPower","LetterFromLob","HollowMod:PaleOreRelic","Lantern","DeadEye","Dead Branch","MagicMushroom","SharpPlug","theSenshi:SuperSailorFukuRelic","Cursed Key","Sling","PokeGo","Ginger","Toy Ornithopter","Singing Bowl","BloodDonationBag"],"acts_visited":["Exordium","TheCity","TheBeyond"],"potions_floor_usage":[6,8,10,10,12,14,16,18,30,33,35,36,42,46,50,50],"damage_taken":[{"damage":3,"enemies":"Cultist","floor":1,"turns":5},{"damage":5,"enemies":"Small Slimes","floor":2,"turns":5},{"damage":0,"enemies":"2 Louse","floor":3,"turns":4},{"damage":7,"enemies":"Looter","floor":5,"turns":3},{"damage":32,"enemies":"Lagavulin","floor":6,"turns":9},{"damage":4,"enemies":"3 Louse","floor":7,"turns":4},{"damage":18,"enemies":"Gremlin Nob","floor":8,"turns":5},{"damage":0,"enemies":"Red Slaver","floor":10,"turns":1},{"damage":0,"enemies":"3 Sentries","floor":12,"turns":7},{"damage":9,"enemies":"Blue Slaver","floor":14,"turns":2},{"damage":0,"enemies":"Hexaghost","floor":16,"turns":6},{"damage":0,"enemies":"2 Thieves","floor":18,"turns":2},{"damage":0,"enemies":"Chosen","floor":20,"turns":1},{"damage":0,"enemies":"Slavers","floor":24,"turns":1},{"damage":0,"enemies":"Snake Plant","floor":28,"turns":2},{"damage":0,"enemies":"Snecko","floor":29,"turns":2},{"damage":0,"enemies":"Book of Stabbing","floor":30,"turns":1},{"damage":0,"enemies":"3 Cultists","floor":31,"turns":3},{"damage":0,"enemies":"Collector","floor":33,"turns":5},{"damage":0,"enemies":"3 Shapes","floor":35,"turns":1},{"damage":0,"enemies":"Orb Walker","floor":36,"turns":2},{"damage":0,"enemies":"Sphere and 2 Shapes","floor":39,"turns":3},{"damage":0,"enemies":"Nemesis","floor":40,"turns":4},{"damage":0,"enemies":"Reptomancer","floor":42,"turns":3},{"damage":0,"enemies":"Writhing Mass","floor":46,"turns":3},{"damage":0,"enemies":"Nemesis","floor":47,"turns":3},{"damage":0,"enemies":"Donu and Deca","floor":50,"turns":4}],"seed_played":"-4133377684160137972","potions_obtained":[{"floor":3,"key":"SkillPotion"},{"floor":6,"key":"SteroidPotion"},{"floor":7,"key":"Fire Potion"},{"floor":10,"key":"Weak Potion"},{"floor":30,"key":"Weak Potion"},{"floor":36,"key":"Fruit Juice"}],"is_trial":false,"path_per_floor":["M","M","M","$","M","E","M","E","T","M","R","E","?","M","R","B",null,"M","$","M","M","$","R","E","R","T","R","M","M","E","M","R","B",null,"M","M","?","$","M","E","R","E","T","R","$","M","E","?","R","B",null,null],"character_chosen":"THE_SILENT","items_purchased":["Skewer","Accuracy","Sling","Storm of Steel"],"campfire_rested":4,"item_purchase_floors":[4,17,38,45],"current_hp_per_floor":[67,62,62,62,55,23,19,1,1,1,24,24,24,15,38,38,72,73,73,73,73,73,73,73,73,73,73,74,75,75,76,81,81,81,81,86,86,86,86,86,86,86,86,86,86,86,86,86,86,86,2],"gold":1006,"neow_bonus":"TEN_PERCENT_HP_BONUS","is_daily":false,"chose_seed":false,"campfire_upgraded":5,"win_rate":0.0,"timestamp":1611764109,"path_taken":["M","M","M","$","M","E","M","E","T","M","R","E","?","M","R","BOSS","M","$","M","M","$","R","E","R","T","R","?","M","E","M","R","BOSS","M","M","?","$","M","E","R","E","T","R","$","M","E","?","R","BOSS"],"items_purchased_type":["Card","Card","Relic","Card"],"build_version":"2020-12-22","purchased_purges":1,"victory":true,"max_hp_per_floor":[77,77,77,77,77,77,77,77,77,77,77,77,77,77,77,77,81,81,81,81,81,81,81,81,81,81,81,81,81,81,81,81,81,81,81,86,86,86,86,86,86,86,86,86,86,86,86,86,86,86,86],"card_choices":[{"not_picked":["Prepared","Dagger Throw"],"picked":"Poisoned Stab","floor":1},{"not_picked":["Flying Knee","Dodge and Roll"],"picked":"Malaise","floor":2},{"not_picked":["Deflect","Flechettes","Dagger Throw"],"picked":"SKIP","floor":3},{"not_picked":["Endless Agony","Backflip"],"picked":"Cloak And Dagger","floor":5},{"not_picked":["Setup","A Thousand Cuts"],"picked":"Venomology","floor":6},{"not_picked":["Outmaneuver","Sucker Punch"],"picked":"Terror","floor":7},{"not_picked":["Distraction","Setup"],"picked":"Storm of Steel","floor":8},{"not_picked":["Outmaneuver","Reflex","Dagger Spray"],"picked":"SKIP","floor":10},{"not_picked":["Underhanded Strike","Burst"],"picked":"Cloak And Dagger","floor":12},{"not_picked":["Dodge and Roll","Acrobatics","Cloak And Dagger"],"picked":"SKIP","floor":14},{"not_picked":["A Thousand Cuts","Storm of Steel"],"picked":"Die Die Die","floor":16},{"not_picked":["Deflect+1","Concentrate+1","Bane"],"picked":"SKIP","floor":18},{"not_picked":["Prepared+1","Bane","Setup"],"picked":"SKIP","floor":20},{"not_picked":["Skewer+1","Slice","Dodge and Roll"],"picked":"SKIP","floor":24},{"not_picked":["Finisher","Slice"],"picked":"After Image","floor":28},{"not_picked":["Dagger Throw+1","Sucker Punch","Dagger Spray"],"picked":"SKIP","floor":29},{"not_picked":["Calculated Gamble","Cloak And Dagger","Flying Knee+1"],"picked":"SKIP","floor":30},{"not_picked":["Heel Hook+1","Sucker Punch+1"],"picked":"Infinite Blades","floor":31},{"not_picked":["Dodge and Roll+1","Backflip","Dagger Spray"],"picked":"SKIP","floor":35},{"not_picked":["Bane","Flying Knee+1","Flechettes+1"],"picked":"SKIP","floor":36},{"not_picked":["Prepared","Poisoned Stab"],"picked":"Backstab+1","floor":39},{"not_picked":["Skewer+1","Prepared+1"],"picked":"Accuracy","floor":40},{"not_picked":["Acrobatics+1","PiercingWail+1"],"picked":"Blade Dance+1","floor":42},{"not_picked":["Terror+1","Distraction"],"picked":"Dash+1","floor":46},{"not_picked":["Flying Knee","Concentrate+1"],"picked":"Blade Dance+1","floor":47}],"player_experience":957714,"relics_obtained":[{"floor":1,"key":"LetterFromLob"},{"floor":6,"key":"HollowMod:PaleOreRelic"},{"floor":8,"key":"Lantern"},{"floor":9,"key":"DeadEye"},{"floor":12,"key":"Dead Branch"},{"floor":24,"key":"SharpPlug"},{"floor":26,"key":"theSenshi:SuperSailorFukuRelic"},{"floor":30,"key":"BloodDonationMachine"},{"floor":40,"key":"PokeGo"},{"floor":42,"key":"Ginger"},{"floor":43,"key":"Toy Ornithopter"},{"floor":47,"key":"Singing Bowl"}],"event_choices":[{"damage_healed":0,"gold_gain":0,"player_choice":"Grow","damage_taken":0,"max_hp_gain":0,"max_hp_loss":0,"event_name":"Living Wall","floor":13,"gold_loss":0,"cards_upgraded":["Venomology"]},{"cards_removed":["Strike_G"],"damage_healed":0,"gold_gain":0,"player_choice":"Removed Attack","damage_taken":0,"max_hp_gain":0,"max_hp_loss":0,"event_name":"Falling","floor":37,"gold_loss":0}],"is_beta":false,"boss_relics":[{"not_picked":["Ring of the Serpent","Fusion Hammer"],"picked":"MagicMushroom"},{"not_picked":[]},{"not_picked":["Tiny House","Sozu"],"picked":"Cursed Key"},{"not_picked":[]}],"items_purged_floors":[45],"is_endless":false,"potions_floor_spawned":[3,6,7,8,10,16,29,30,31,36,40,42],"ascension_level":11}}