{"host":"o6j8h35axmoodbwy","time":1611754120,"event":{"mods":["2.2 Compatiblity","Act Like it!","BaseMod","Colored Map","Colored Powertips","Gensokyo","MarisaÅiñ∂âJÅ@ñÇóùçπÅj","Minty Spire (QoL Compilation)","Prisma Mod","Quick Restart","Shop Mod","StSLib","SuperFastMode","Td1madao Mod"],"gold_per_floor":[114,114,13,88,99,124,124,124,148,168,168,85,104,104,104,176,176,195,245,260,277,104,104,116,149,175,275,291,309,309,309],"floor_reached":30,"language":"JPN","playtime":1370,"items_purged":["Strike_R","Strike_R"],"score":595,"play_id":"4c84f47a-d641-4e72-a9b6-79d154709caa","local_time":"20210127222840","is_ascension_mode":true,"campfire_choices":[{"data":"Bash","floor":7.0,"key":"SMITH"},{"data":"Twin Strike","floor":11.0,"key":"SMITH"},{"floor":15.0,"key":"REST"},{"data":"True Grit","floor":23.0,"key":"SMITH"}],"circlet_count":0,"master_deck":["AscendersBane","Strike_R+1","Strike_R","Defend_R","Defend_R","Defend_R","Defend_R","Bash+1","Dropkick","Inflame+1","Twin Strike+1","Blood for Blood","Headbutt","Thunderclap","Flash of Steel","Shockwave","Impervious","Sword Boomerang","True Grit+1","Dual Wield","Double Tap","Shrug It Off+1","Whirlwind","Impervious+1","Power Through+1"],"relics":["Burning Blood","Kunai","White Beast Statue","Omamori","Mark of Pain","Toxic Egg 2","Red Skull"],"acts_visited":["Exordium","TheCity"],"potions_floor_usage":[25,30,30],"damage_taken":[{"damage":0.0,"enemies":"Small Slimes","floor":1.0,"turns":3.0},{"damage":1.0,"enemies":"Cultist","floor":5.0,"turns":3.0},{"damage":20.0,"enemies":"Gremlin Nob","floor":6.0,"turns":4.0},{"damage":2.0,"enemies":"2 Louse","floor":10.0,"turns":3.0},{"damage":29.0,"enemies":"Exordium Thugs","floor":13.0,"turns":3.0},{"damage":12.0,"enemies":"Hexaghost","floor":16.0,"turns":8.0},{"damage":5.0,"enemies":"Spheric Guardian","floor":18.0,"turns":4.0},{"damage":0.0,"enemies":"3 Byrds","floor":20.0,"turns":5.0},{"damage":16.0,"enemies":"Shelled Parasite and Fungi","floor":21.0,"turns":5.0},{"damage":27.0,"enemies":"Centurion and Healer","floor":24.0,"turns":7.0},{"damage":42,"enemies":"Gremlin Leader","floor":25,"turns":8},{"damage":8,"enemies":"Snecko","floor":28,"turns":4},{"damage":12,"enemies":"Shelled Parasite and Fungi","floor":29,"turns":5},{"damage":14,"enemies":"Snake Plant","floor":30,"turns":1}],"seed_played":"2721253773334213559","potions_obtained":[{"floor":1.0,"key":"FearPotion"},{"floor":5.0,"key":"SkillPotion"},{"floor":10.0,"key":"EntropicBrew"},{"floor":13.0,"key":"Energy Potion"},{"floor":24.0,"key":"AttackPotion"},{"floor":25,"key":"Strength Potion"}],"is_trial":false,"path_per_floor":["M","?","$","?","M","E","R","?","T","M","R","$","M","?","R","B",null,"M","?","M","M","$","R","M","E","T","?","M","M","M"],"character_chosen":"IRONCLAD","items_purchased":["Twin Strike","Flash of Steel","Double Tap"],"campfire_rested":1,"item_purchase_floors":[3,12,22],"current_hp_per_floor":[74,59,59,48,53,39,39,39,39,43,43,43,20,20,42,36,65,66,66,72,62,62,62,56,20,20,20,18,12,0,0],"gold":309,"neow_bonus":"TRANSFORM_CARD","is_daily":false,"chose_seed":false,"campfire_upgraded":3,"win_rate":0.0,"timestamp":1611754120,"path_taken":["M","?","$","?","M","E","R","?","T","?","R","$","M","?","R","BOSS","M","?","?","M","$","R","M","E","T","?","M","M","M"],"items_purchased_type":["Card","Card","Card"],"build_version":"2020-12-22","purchased_purges":2,"victory":false,"max_hp_per_floor":[75,75,75,75,75,75,75,75,75,75,75,75,75,75,75,75,75,75,75,75,75,75,75,75,75,75,75,75,75,75,75],"card_choices":[{"not_picked":["Reckless Charge","Feel No Pain"],"picked":"Inflame","floor":1.0},{"not_picked":["Perfected Strike","Twin Strike"],"picked":"Blood for Blood","floor":5.0},{"not_picked":["Twin Strike","Dual Wield"],"picked":"Headbutt","floor":6.0},{"not_picked":["Infernal Blade","Warcry"],"picked":"Thunderclap","floor":10.0},{"not_picked":["Anger","Perfected Strike"],"picked":"Shockwave","floor":13.0},{"not_picked":["Fiend Fire","Bludgeon"],"picked":"Impervious","floor":16.0},{"not_picked":["Havoc","Warcry"],"picked":"Sword Boomerang","floor":18.0},{"not_picked":["Pommel Strike","Sword Boomerang"],"picked":"True Grit","floor":20.0},{"not_picked":["Shockwave","Armaments"],"picked":"Dual Wield","floor":21.0},{"not_picked":["Blood for Blood","Perfected Strike"],"picked":"Shrug It Off+1","floor":24.0},{"not_picked":["Thunderclap","Dropkick"],"picked":"Whirlwind","floor":25},{"not_picked":["Iron Wave","Cleave"],"picked":"Impervious+1","floor":28},{"not_picked":["Thunderclap","Sword Boomerang"],"picked":"Power Through+1","floor":29}],"player_experience":594896,"relics_obtained":[{"floor":6.0,"key":"Kunai"},{"floor":8.0,"key":"White Beast Statue"},{"floor":9.0,"key":"Omamori"},{"floor":25,"key":"Toxic Egg 2"},{"floor":26,"key":"Red Skull"}],"event_choices":[{"damage_healed":0.0,"max_hp_gain":0.0,"max_hp_loss":0.0,"gold_gain":0.0,"event_name":"Shining Light","player_choice":"Entered Light","floor":2.0,"gold_loss":0.0,"damage_taken":15.0,"cards_upgraded":["Strike_R","Inflame"]},{"damage_healed":0.0,"max_hp_gain":0.0,"max_hp_loss":0.0,"gold_gain":75.0,"event_name":"World of Goop","player_choice":"Gather Gold","floor":4.0,"gold_loss":0.0,"damage_taken":11.0},{"damage_healed":0.0,"max_hp_gain":0.0,"max_hp_loss":0.0,"gold_gain":0.0,"event_name":"Wheel of Change","player_choice":"Relic","floor":8.0,"gold_loss":0.0,"damage_taken":0.0},{"damage_healed":0.0,"max_hp_gain":0.0,"max_hp_loss":0.0,"gold_gain":0.0,"event_name":"Liars Game","player_choice":"Ignored","floor":14.0,"gold_loss":0.0,"damage_taken":0.0},{"damage_healed":0.0,"max_hp_gain":0.0,"max_hp_loss":0.0,"gold_gain":100.0,"event_name":"The Joust","player_choice":"Bet on Murderer","floor":19.0,"gold_loss":50.0,"damage_taken":0.0},{"damage_healed":0,"gold_gain":100,"player_choice":"Pray","damage_taken":0,"max_hp_gain":0,"max_hp_loss":0,"event_name":"Golden Shrine","floor":27,"gold_loss":0}],"is_beta":false,"boss_relics":[{"not_picked":["Black Star","Runic Pyramid"],"picked":"Mark of Pain"}],"items_purged_floors":[3,22],"is_endless":false,"potions_floor_spawned":[1,5,10,13,16,18,20,21,24,25,28,29],"killed_by":"Snake Plant","ascension_level":14}}