{"host":"vumwfieg2b2mnrfl","time":1611788862,"event":{"mods":["AchievementEnabler","BaseMod","Minty Spire (QoL Compilation)","Rare Cards Sparkle","Relic Stats"],"gold_per_floor":[119,119,194,194,211,236,236,263,314,346,359,359,373,125,125,202,202,219,219,231,16,33,58,58,70,95,95,106,106,106,106],"floor_reached":30,"language":"ENG","playtime":902,"items_purged":["Regret","Writhe"],"score":557,"play_id":"c6b2c939-60cc-4b9e-9a6c-561749c3ab27","local_time":"20210127170742","is_ascension_mode":true,"campfire_choices":[{"data":"Armaments","floor":7,"key":"SMITH"},{"data":"Bash","floor":12,"key":"SMITH"},{"data":"Inflame","floor":15,"key":"SMITH"},{"floor":24,"key":"REST"},{"floor":27,"key":"REST"}],"circlet_count":0,"master_deck":["AscendersBane","Strike_R","Strike_R","Strike_R","Strike_R","Defend_R","Defend_R","Defend_R","Defend_R","Bash+1","Cleave","Immolate","Armaments+1","Entrench","Headbutt","Inflame+1","Shockwave","Barricade","Headbutt","Iron Wave+1","Limit Break"],"relics":["Burning Blood","NeowsBlessing","Potion Belt","Regal Pillow","Boot","Toy Ornithopter","Smiling Mask","Orichalcum","Sozu","Meat on the Bone","Medical Kit","Anchor","Happy Flower"],"acts_visited":["Exordium","TheCity"],"potions_floor_usage":[10,16,18,20],"damage_taken":[{"damage":0,"enemies":"Jaw Worm","floor":1,"turns":1},{"damage":0,"enemies":"2 Louse","floor":5,"turns":1},{"damage":0,"enemies":"Gremlin Nob","floor":6,"turns":1},{"damage":35,"enemies":"3 Sentries","floor":8,"turns":7},{"damage":8,"enemies":"Gremlin Nob","floor":10,"turns":3},{"damage":0,"enemies":"Small Slimes","floor":11,"turns":2},{"damage":21,"enemies":"Exordium Wildlife","floor":13,"turns":3},{"damage":14,"enemies":"The Guardian","floor":16,"turns":15},{"damage":28,"enemies":"Spheric Guardian","floor":18,"turns":5},{"damage":27,"enemies":"Chosen","floor":20,"turns":7},{"damage":29,"enemies":"Centurion and Healer","floor":22,"turns":6},{"damage":28,"enemies":"Slavers","floor":23,"turns":2},{"damage":42,"enemies":"Shelled Parasite and Fungi","floor":25,"turns":5},{"damage":45,"enemies":"Cultist and Chosen","floor":28,"turns":5},{"damage":50,"enemies":"Book of Stabbing","floor":30,"turns":4}],"seed_played":"7330680021816651895","potions_obtained":[{"floor":8,"key":"SteroidPotion"},{"floor":10,"key":"ColorlessPotion"},{"floor":11,"key":"EssenceOfSteel"},{"floor":16,"key":"Ancient Potion"}],"is_trial":false,"path_per_floor":["M","?","?","?","M","E","R","E","T","E","M","R","M","$","R","B",null,"M","?","M","$","M","E","R","M","T","R","M","?","E"],"character_chosen":"IRONCLAD","items_purchased":["Orichalcum","Shockwave","Medical Kit"],"campfire_rested":2,"item_purchase_floors":[14,14,21],"current_hp_per_floor":[74,74,63,63,69,75,75,46,46,49,55,55,40,40,40,37,66,49,49,45,45,34,24,61,37,37,74,47,47,0,0],"gold":106,"neow_bonus":"THREE_ENEMY_KILL","is_daily":false,"chose_seed":false,"campfire_upgraded":3,"win_rate":0.0,"timestamp":1611788862,"path_taken":["M","?","?","?","M","E","R","E","T","E","?","R","M","$","R","BOSS","M","?","M","$","M","E","R","M","T","R","M","?","E"],"items_purchased_type":["Relic","Card","Relic"],"build_version":"2020-12-22","purchased_purges":2,"victory":false,"max_hp_per_floor":[75,75,75,75,75,75,75,75,75,75,75,75,75,75,75,75,75,75,75,75,75,75,75,75,75,75,75,75,75,75,75],"relic_stats":{"Sozu":3,"Regal Pillow":30,"Happy Flower":[3],"counters":[15,67],"Orichalcum":[84],"Boot":[5],"Smiling Mask":75,"Medical Kit":[0],"obtain_stats":[{"Potion Belt":4,"Regal Pillow":6,"NeowsBlessing":0,"Happy Flower":26,"Orichalcum":14,"Boot":8,"Smiling Mask":10,"Medical Kit":21,"Burning Blood":0,"Sozu":17,"Anchor":23,"Toy Ornithopter":9,"Meat on the Bone":19},{"Potion Belt":1,"Regal Pillow":3,"NeowsBlessing":0,"Happy Flower":13,"Orichalcum":7,"Boot":4,"Smiling Mask":5,"Medical Kit":10,"Burning Blood":0,"Sozu":8,"Anchor":12,"Toy Ornithopter":4,"Meat on the Bone":9},{"Potion Belt":1,"Regal Pillow":3,"NeowsBlessing":0,"Happy Flower":58,"Orichalcum":18,"Boot":10,"Smiling Mask":13,"Medical Kit":45,"Burning Blood":0,"Sozu":33,"Anchor":53,"Toy Ornithopter":10,"Meat on the Bone":38}],"Burning Blood":84,"Toy Ornithopter":20,"Meat on the Bone":60},"card_choices":[{"not_picked":["Sword Boomerang","Clothesline"],"picked":"Cleave","floor":1},{"not_picked":["Havoc","Burning Pact"],"picked":"Armaments","floor":5},{"not_picked":["Ghostly Armor","Inflame"],"picked":"Entrench","floor":6},{"not_picked":["Shockwave","Whirlwind"],"picked":"Headbutt","floor":8},{"not_picked":["Combust","Reckless Charge","Exhume"],"picked":"SKIP","floor":10},{"not_picked":["Whirlwind","Headbutt"],"picked":"Inflame","floor":11},{"not_picked":["Reckless Charge","Pommel Strike","Havoc"],"picked":"SKIP","floor":13},{"not_picked":["Double Tap","Fiend Fire"],"picked":"Barricade","floor":16},{"not_picked":["Flex","Thunderclap"],"picked":"Headbutt","floor":18},{"not_picked":["Cleave","Anger","Pommel Strike"],"picked":"SKIP","floor":20},{"not_picked":["Armaments","Seeing Red","Sword Boomerang+1"],"picked":"SKIP","floor":22},{"not_picked":["Burning Pact","Sever Soul","Headbutt"],"picked":"SKIP","floor":23},{"not_picked":["Clothesline","Carnage","Intimidate"],"picked":"SKIP","floor":25},{"not_picked":["Uppercut","Havoc"],"picked":"Iron Wave+1","floor":28}],"player_experience":479738,"relics_obtained":[{"floor":6,"key":"Regal Pillow"},{"floor":8,"key":"Boot"},{"floor":9,"key":"Toy Ornithopter"},{"floor":10,"key":"Smiling Mask"},{"floor":23,"key":"Anchor"},{"floor":26,"key":"Happy Flower"}],"event_choices":[{"damage_healed":0,"gold_gain":0,"cards_transformed":["Strike_R"],"player_choice":"Change","damage_taken":0,"max_hp_gain":0,"max_hp_loss":0,"event_name":"Living Wall","floor":2,"gold_loss":0,"cards_obtained":["Immolate"]},{"damage_healed":0,"gold_gain":75,"player_choice":"Gather Gold","damage_taken":11,"max_hp_gain":0,"max_hp_loss":0,"event_name":"World of Goop","floor":3,"gold_loss":0},{"damage_healed":0,"gold_gain":0,"player_choice":"Box","damage_taken":0,"relics_obtained":["Potion Belt"],"max_hp_gain":0,"max_hp_loss":0,"event_name":"Big Fish","floor":4,"gold_loss":0,"cards_obtained":["Regret"]},{"damage_healed":0,"gold_gain":0,"player_choice":"Opened","damage_taken":0,"relics_obtained":["Meat on the Bone"],"max_hp_gain":0,"max_hp_loss":0,"event_name":"The Mausoleum","floor":19,"gold_loss":0,"cards_obtained":["Writhe"]},{"damage_healed":0,"gold_gain":0,"player_choice":"Read","damage_taken":0,"max_hp_gain":0,"max_hp_loss":0,"event_name":"The Library","floor":29,"gold_loss":0,"cards_obtained":["Limit Break"]}],"is_beta":false,"boss_relics":[{"not_picked":["Velvet Choker","Pandora\u0027s Box"],"picked":"Sozu"}],"items_purged_floors":[14,21],"is_endless":false,"potions_floor_spawned":[8,10,11,16,20,22,23],"killed_by":"Book of Stabbing","ascension_level":18}}