{"host":"6r74n87by7n2az0t","time":1611763810,"event":{"mods":["AchievementEnabler","BaseMod","Colored Map","Colored Powertips","Highlight Path","Minty Spire (QoL Compilation)","Rare Cards Sparkle","StSLib"],"gold_per_floor":[365,381,381,394,17,48,68,68,68,109,59,59,82,103,103,233,233,251,251,266,280,36,36,80,95,95,109,109,147,167,167,167,297,297,321,321,321,346,366,407,407,407,407,425,4,35,59,82,82,82,82,82,2,35,35,35],"floor_reached":55,"language":"ENG","playtime":3339,"items_purged":["Injury","Strike_R"],"score":958,"play_id":"e2d31ec2-0b8a-4444-b3fb-50c0a1ad62bb","local_time":"20210128001010","is_ascension_mode":true,"campfire_choices":[{"data":"Wild Strike","floor":8,"key":"SMITH"},{"data":"Clothesline","floor":12,"key":"SMITH"},{"data":"Armaments","floor":15,"key":"SMITH"},{"data":"Reaper","floor":23,"key":"SMITH"},{"data":"Warcry","floor":28,"key":"SMITH"},{"data":"Pummel","floor":32,"key":"SMITH"},{"data":"Limit Break","floor":41,"key":"SMITH"},{"floor":49,"key":"RECALL"},{"data":"True Grit","floor":52,"key":"SMITH"}],"circlet_count":0,"master_deck":["Strike_R","Strike_R","Defend_R","Defend_R","Defend_R+1","Defend_R+1","Bash+1","Cleave","Wild Strike+1","Reaper+1","Bloodletting","Clothesline+1","Armaments+1","True Grit+1","Reaper+1","Shrug It Off","Pummel+1","Warcry+1","Limit Break+1","Combust+1","Intimidate+1"],"relics":["Burning Blood","Golden Idol","Brimstone","Bag of Marbles","The Courier","Bottled Lightning","Self Forming Clay","Busted Crown","Membership Card","War Paint","Gremlin Horn","Blue Candle","Coffee Dripper","Happy Flower","Bronze Scales","Ancient Tea Set","Anchor","Whetstone","Lantern","Frozen Eye","Omamori","Singing Bowl","HandDrill","Bottled Flame"],"acts_visited":["Exordium","TheCity","TheBeyond","TheEnding"],"potions_floor_usage":[10,16,18,19,24,24,29,30,33,40,42,47,50,54],"damage_taken":[{"damage":6,"enemies":"2 Louse","floor":1,"turns":3},{"damage":3,"enemies":"Jaw Worm","floor":2,"turns":5},{"damage":0,"enemies":"Small Slimes","floor":4,"turns":2},{"damage":13,"enemies":"3 Sentries","floor":6,"turns":4},{"damage":2,"enemies":"Looter","floor":7,"turns":2},{"damage":0,"enemies":"Gremlin Nob","floor":10,"turns":2},{"damage":6,"enemies":"Blue Slaver","floor":13,"turns":3},{"damage":0,"enemies":"Large Slime","floor":14,"turns":4},{"damage":36,"enemies":"The Guardian","floor":16,"turns":7},{"damage":19,"enemies":"Spheric Guardian","floor":18,"turns":4},{"damage":0,"enemies":"Masked Bandits","floor":19,"turns":1},{"damage":13,"enemies":"2 Thieves","floor":20,"turns":3},{"damage":42,"enemies":"Snake Plant","floor":21,"turns":4},{"damage":11,"enemies":"Gremlin Leader","floor":24,"turns":4},{"damage":0,"enemies":"Snecko","floor":25,"turns":3},{"damage":14,"enemies":"Centurion and Healer","floor":27,"turns":5},{"damage":19,"enemies":"Book of Stabbing","floor":29,"turns":3},{"damage":20,"enemies":"Cultist and Chosen","floor":30,"turns":4},{"damage":53,"enemies":"Collector","floor":33,"turns":8},{"damage":43,"enemies":"3 Shapes","floor":35,"turns":3},{"damage":16,"enemies":"3 Darklings","floor":38,"turns":4},{"damage":23,"enemies":"Jaw Worm Horde","floor":39,"turns":2},{"damage":31,"enemies":"Reptomancer","floor":40,"turns":7},{"damage":0,"enemies":"Nemesis","floor":42,"turns":2},{"damage":10,"enemies":"4 Shapes","floor":44,"turns":3},{"damage":67,"enemies":"Giant Head","floor":46,"turns":7},{"damage":35,"enemies":"Writhing Mass","floor":47,"turns":6},{"damage":7,"enemies":"Jaw Worm Horde","floor":48,"turns":3},{"damage":80,"enemies":"Awakened One","floor":50,"turns":9},{"damage":42,"enemies":"Shield and Spear","floor":54,"turns":5},{"damage":125,"enemies":"The Heart","floor":55,"turns":5}],"seed_played":"-5304223598662965140","potions_obtained":[{"floor":6,"key":"Weak Potion"},{"floor":7,"key":"AttackPotion"},{"floor":14,"key":"Explosive Potion"},{"floor":18,"key":"SmokeBomb"},{"floor":25,"key":"GamblersBrew"},{"floor":27,"key":"EssenceOfSteel"},{"floor":29,"key":"SmokeBomb"},{"floor":33,"key":"DuplicationPotion"},{"floor":35,"key":"Dexterity Potion"},{"floor":38,"key":"Block Potion"},{"floor":46,"key":"SteroidPotion"},{"floor":48,"key":"FairyPotion"}],"is_trial":false,"path_per_floor":["M","M","?","M","$","E","M","R","T","E","?","R","M","M","R","B",null,"M","?","M","M","$","R","E","M","T","M","R","E","M","?","R","B",null,"M","?","?","M","M","E","R","E","T","M","$","E","M","M","R","B",null,"R","$","E","B"],"character_chosen":"IRONCLAD","items_purchased":["Brimstone","Bag of Marbles","Membership Card","AttackPotion","SteroidPotion","LiquidMemories","Bronze Scales","Ancient Tea Set","Anchor","Whetstone","Lantern","Frozen Eye","Omamori","HandDrill","AttackPotion"],"campfire_rested":0,"item_purchase_floors":[5,5,22,22,22,22,45,45,45,45,45,45,45,53,53],"current_hp_per_floor":[56,59,59,65,65,58,62,62,62,68,68,68,79,80,80,77,80,75,80,80,70,70,70,65,80,80,80,80,67,75,75,75,63,80,62,62,62,76,76,51,51,57,57,72,72,48,35,67,67,9,82,82,82,84,0,0],"gold":35,"neow_bonus":"TWO_FIFTY_GOLD","is_daily":false,"chose_seed":false,"campfire_upgraded":8,"win_rate":0.0,"timestamp":1611763810,"path_taken":["M","M","?","M","$","E","M","R","T","E","?","R","M","M","R","BOSS","M","?","M","M","$","R","E","M","T","M","R","E","M","?","R","BOSS","M","?","?","M","M","E","R","E","T","M","$","E","M","M","R","BOSS","R","$","E","BOSS"],"items_purchased_type":["Relic","Relic","Relic","Potion","Potion","Potion","Relic","Relic","Relic","Relic","Relic","Relic","Relic","Relic","Potion"],"build_version":"2020-12-22","purchased_purges":2,"victory":false,"max_hp_per_floor":[80,80,80,80,80,80,80,80,80,80,80,80,80,80,80,80,80,80,80,80,80,80,80,80,80,80,80,80,80,80,80,80,80,80,80,76,76,76,76,76,76,76,76,76,76,78,80,82,82,82,82,82,82,84,84,84],"card_choices":[{"not_picked":["Warcry","Shockwave"],"picked":"Cleave","floor":1},{"not_picked":["Shockwave","True Grit"],"picked":"Wild Strike","floor":2},{"not_picked":["Perfected Strike","Cleave"],"picked":"Reaper","floor":4},{"not_picked":["Entrench","Uppercut"],"picked":"Bloodletting","floor":6},{"not_picked":["Evolve","Bloodletting"],"picked":"Clothesline","floor":7},{"not_picked":["Evolve","Wild Strike","Perfected Strike"],"picked":"SKIP","floor":10},{"not_picked":["Body Slam","Havoc"],"picked":"Armaments","floor":13},{"not_picked":["Seeing Red","Headbutt"],"picked":"True Grit","floor":14},{"not_picked":["Berserk","Corruption"],"picked":"Reaper","floor":16},{"not_picked":[],"picked":"Shrug It Off","floor":18},{"not_picked":["True Grit"],"picked":"SKIP","floor":20},{"not_picked":["Iron Wave"],"picked":"SKIP","floor":21},{"not_picked":[],"picked":"Pummel","floor":24},{"not_picked":["Perfected Strike"],"picked":"SKIP","floor":25},{"not_picked":[],"picked":"Warcry","floor":27},{"not_picked":["Clothesline"],"picked":"SKIP","floor":29},{"not_picked":["Twin Strike"],"picked":"SKIP","floor":30},{"not_picked":[],"picked":"Limit Break","floor":33},{"not_picked":["Bloodletting+1"],"picked":"SKIP","floor":35},{"not_picked":[],"picked":"Combust+1","floor":38},{"not_picked":["Sword Boomerang+1"],"picked":"SKIP","floor":39},{"not_picked":["Fiend Fire"],"picked":"SKIP","floor":40},{"not_picked":[],"picked":"Intimidate+1","floor":44},{"not_picked":["Clash+1"],"picked":"Singing Bowl","floor":46},{"not_picked":["Cleave+1"],"picked":"Singing Bowl","floor":47},{"not_picked":["Cleave"],"picked":"Singing Bowl","floor":48},{"not_picked":["Clash+1"],"picked":"Singing Bowl","floor":54}],"player_experience":161671,"relics_obtained":[{"floor":6,"key":"The Courier"},{"floor":9,"key":"Bottled Lightning"},{"floor":10,"key":"Self Forming Clay"},{"floor":24,"key":"War Paint"},{"floor":26,"key":"Gremlin Horn"},{"floor":29,"key":"Blue Candle"},{"floor":40,"key":"Happy Flower"},{"floor":46,"key":"Singing Bowl"},{"floor":54,"key":"Bottled Flame"}],"event_choices":[{"damage_healed":0,"gold_gain":0,"player_choice":"Take Wound","damage_taken":0,"relics_obtained":["Golden Idol"],"max_hp_gain":0,"max_hp_loss":0,"event_name":"Golden Idol","floor":3,"gold_loss":0,"cards_obtained":["Injury"]},{"cards_removed":["Strike_R"],"damage_healed":0,"gold_gain":0,"player_choice":"Card Removal","damage_taken":0,"max_hp_gain":0,"max_hp_loss":0,"event_name":"The Cleric","floor":11,"gold_loss":50},{"damage_healed":0,"gold_gain":0,"player_choice":"Fought Bandits","damage_taken":0,"max_hp_gain":0,"max_hp_loss":0,"event_name":"Masked Bandits","floor":19,"gold_loss":0},{"cards_removed":["Strike_R"],"damage_healed":0,"gold_gain":0,"player_choice":"Elegance","damage_taken":0,"max_hp_gain":0,"max_hp_loss":0,"event_name":"Back to Basics","floor":31,"gold_loss":0},{"damage_healed":0,"gold_gain":0,"player_choice":"Max HP","damage_taken":0,"max_hp_gain":0,"max_hp_loss":4,"event_name":"Winding Halls","floor":36,"gold_loss":0},{"damage_healed":0,"gold_gain":0,"player_choice":"Memory 1","damage_taken":0,"max_hp_gain":0,"max_hp_loss":0,"event_name":"SensoryStone","floor":37,"gold_loss":0}],"is_beta":false,"boss_relics":[{"not_picked":["Empty Cage","Black Blood"],"picked":"Busted Crown"},{"not_picked":["Astrolabe","SacredBark"],"picked":"Coffee Dripper"}],"items_purged_floors":[5,22],"is_endless":false,"potions_floor_spawned":[6,7,14,18,25,27,29,33,35,38,46,48],"killed_by":"The Heart","ascension_level":3}}