{"host":"c97twqu0op5dg8i4","time":1611771137,"event":{"mods":["AchievementEnabler","BaseMod","Colored Map","Minty Spire (QoL Compilation)","Permanent Neow"],"gold_per_floor":[117,117,117,141,141,141,174,174,174,189,209,209,209,159,159,159,284,284,298,298,2,2,26,26,26,41,41,41,41],"floor_reached":28,"language":"ENG","playtime":915,"items_purged":[],"score":353,"play_id":"0a4dda41-b373-4a1d-ab2a-96c26161cb31","local_time":"20210127131217","is_ascension_mode":true,"campfire_choices":[{"data":"Uppercut","floor":6,"key":"SMITH"},{"data":"Bash","floor":12,"key":"SMITH"},{"data":"Anger","floor":15,"key":"SMITH"},{"data":"True Grit","floor":16,"key":"SMITH"},{"data":"Double Tap","floor":24,"key":"SMITH"}],"circlet_count":0,"master_deck":["Defend_R+1","Defend_R","Defend_R","Defend_R","Bash+1","Anger+1","Clothesline","Reaper","Uppercut+1","Shrug It Off","Fire Breathing","Burning Pact","True Grit+1","Double Tap+1","Bite","Bite","Bite","Bite","Bite","Reaper"],"relics":["Burning Blood","Golden Idol","Sundial","Frozen Egg 2","Snecko Eye","TungstenRod","Matryoshka"],"acts_visited":["Exordium","TheCity"],"potions_floor_usage":[17,19,25],"damage_taken":[{"damage":15,"enemies":"Small Slimes","floor":1,"turns":3},{"damage":4,"enemies":"Cultist","floor":4,"turns":3},{"damage":47,"enemies":"3 Sentries","floor":7,"turns":9},{"damage":2,"enemies":"2 Louse","floor":10,"turns":2},{"damage":15,"enemies":"Exordium Thugs","floor":11,"turns":6},{"damage":47,"enemies":"The Guardian","floor":17,"turns":9},{"damage":14,"enemies":"Chosen","floor":19,"turns":5},{"damage":2,"enemies":"Spheric Guardian","floor":23,"turns":3},{"damage":13,"enemies":"Gremlin Leader","floor":25,"turns":5},{"damage":19,"enemies":"Snake Plant","floor":26,"turns":6},{"damage":55,"enemies":"Slavers","floor":28,"turns":4}],"seed_played":"6643221322488284877","potions_obtained":[{"floor":1,"key":"EssenceOfSteel"},{"floor":4,"key":"SmokeBomb"},{"floor":10,"key":"Strength Potion"},{"floor":17,"key":"BloodPotion"}],"is_trial":false,"path_per_floor":["M","?","?","M","?","R","E","?","T","M","M","R","?","?","R","R","B",null,"M","?","$","?","M","R","E","M","T","E"],"character_chosen":"IRONCLAD","items_purchased":["TungstenRod"],"campfire_rested":0,"item_purchase_floors":[21],"current_hp_per_floor":[63,63,63,66,66,66,33,18,18,30,25,25,43,43,43,43,11,56,66,49,49,49,49,49,46,44,44,7,7],"gold":41,"neow_bonus":"THREE_CARDS","is_daily":false,"chose_seed":false,"campfire_upgraded":5,"win_rate":0.0,"timestamp":1611771137,"path_taken":["M","?","?","?","?","R","E","?","T","M","M","R","?","?","R","R","BOSS","M","?","?","?","M","R","E","M","T","E"],"items_purchased_type":["Relic"],"build_version":"2020-12-22","purchased_purges":0,"victory":false,"max_hp_per_floor":[80,74,74,74,74,74,74,74,74,74,74,74,74,71,71,71,71,71,71,49,49,49,49,49,49,49,49,49,49],"card_choices":[{"not_picked":["Armaments","Pommel Strike"],"picked":"Anger","floor":0},{"not_picked":["Combust","Clash"],"picked":"Clothesline","floor":1},{"not_picked":["Perfected Strike","Clothesline"],"picked":"Shrug It Off","floor":4},{"not_picked":["Infernal Blade","Shrug It Off"],"picked":"Fire Breathing","floor":7},{"not_picked":["Body Slam","Whirlwind"],"picked":"Burning Pact","floor":10},{"not_picked":["Warcry","Shrug It Off"],"picked":"True Grit","floor":11},{"not_picked":["Offering","Feed"],"picked":"Double Tap","floor":17},{"not_picked":["Warcry","Bloodletting","Blood for Blood"],"picked":"SKIP","floor":19},{"not_picked":["True Grit","Warcry","Wild Strike"],"picked":"SKIP","floor":23},{"not_picked":["Heavy Blade","Clash","Bloodletting+1"],"picked":"SKIP","floor":26}],"player_experience":315128,"relics_obtained":[{"floor":7,"key":"Sundial"},{"floor":9,"key":"Frozen Egg 2"},{"floor":27,"key":"Matryoshka"}],"event_choices":[{"damage_healed":0,"gold_gain":0,"player_choice":"Lose Max HP","damage_taken":0,"relics_obtained":["Golden Idol"],"max_hp_gain":0,"max_hp_loss":6,"event_name":"Golden Idol","floor":2,"gold_loss":0},{"damage_healed":0,"gold_gain":0,"player_choice":"2 cards matched","damage_taken":0,"max_hp_gain":0,"max_hp_loss":0,"event_name":"Match and Keep!","floor":3,"gold_loss":0,"cards_obtained":["Reaper","Uppercut"]},{"damage_healed":0,"gold_gain":0,"player_choice":"Ignored","damage_taken":0,"max_hp_gain":0,"max_hp_loss":0,"event_name":"Liars Game","floor":5,"gold_loss":0},{"damage_healed":0,"gold_gain":0,"player_choice":"Entered Light","damage_taken":15,"max_hp_gain":0,"max_hp_loss":0,"event_name":"Shining Light","floor":8,"gold_loss":0,"cards_upgraded":["Defend_R","Strike_R"]},{"damage_healed":18,"gold_gain":0,"player_choice":"Healed and dodged fight","damage_taken":0,"max_hp_gain":0,"max_hp_loss":0,"event_name":"Mushrooms","floor":13,"gold_loss":0,"cards_obtained":["Parasite"]},{"cards_removed":["Parasite"],"damage_healed":0,"gold_gain":0,"player_choice":"Card Removal","damage_taken":0,"max_hp_gain":0,"max_hp_loss":0,"event_name":"The Cleric","floor":14,"gold_loss":50},{"damage_healed":0,"gold_gain":0,"player_choice":"Became a vampire","damage_taken":0,"max_hp_gain":0,"max_hp_loss":22,"event_name":"Vampires","floor":20,"gold_loss":0,"cards_obtained":["Bite","Bite","Bite","Bite","Bite"]},{"damage_healed":0,"gold_gain":0,"player_choice":"Copied","damage_taken":0,"max_hp_gain":0,"max_hp_loss":0,"event_name":"Duplicator","floor":22,"gold_loss":0,"cards_obtained":["Reaper"]}],"is_beta":false,"boss_relics":[{"not_picked":["Astrolabe","Black Star"],"picked":"Snecko Eye"}],"items_purged_floors":[],"is_endless":false,"potions_floor_spawned":[1,4,10,17,25],"killed_by":"Slavers","ascension_level":8}}