{"host":"mai03x2ekbjy4059","time":1611760971,"event":{"mods":["2.2 Compatiblity","BaseMod","Colored Map","DeckTracker","Keyboard Shortcuts","Minty Spire (QoL Compilation)","Permanent Neow","Quick Restart","SuperFastMode","everything is the same but u backflip on backflip"],"gold_per_floor":[360,376,391,95,106,138,213,213,240,240,256,268,295,295,295,395,395,395,310,47,47,47,47,47,47,47,47,47,47,47,47,47,47,47,47,47,47,47,47,47,47,47,47,47,47,47,47,47,47,47,47,47,47,47,47,47],"floor_reached":55,"language":"KOR","playtime":1540,"items_purged":["Strike_G","Strike_G"],"score":942,"play_id":"1760fb7a-87a0-4815-be7d-7e9bbc6783d8","local_time":"20210128002251","is_ascension_mode":true,"campfire_choices":[{"data":"Accuracy","floor":8.0,"key":"SMITH"},{"data":"Footwork","floor":10.0,"key":"SMITH"},{"data":"Neutralize","floor":15.0,"key":"SMITH"},{"data":"Terror","floor":27.0,"key":"SMITH"},{"data":"Accuracy","floor":30.0,"key":"SMITH"},{"data":"A Thousand Cuts","floor":32.0,"key":"SMITH"},{"data":"Cloak And Dagger","floor":42.0,"key":"SMITH"},{"floor":46.0,"key":"REST"},{"floor":49.0,"key":"RECALL"},{"data":"Cloak And Dagger","floor":52,"key":"SMITH"}],"circlet_count":0,"master_deck":["Strike_G","Strike_G","Defend_G","Defend_G","Defend_G","Defend_G","Defend_G","Survivor","Neutralize+1","Accuracy+1","Escape Plan","Infinite Blades","Footwork+1","Backstab","Infinite Blades","Caltrops+1","Die Die Die","Cloak And Dagger+1","Accuracy+1","Cloak And Dagger+1","Blur","Terror+1","Deflect+1","A Thousand Cuts+1","Acrobatics","Footwork+1","Masterful Stab+1","Backstab+1","Blur+1","Backstab+1","Infinite Blades","Blur"],"relics":["Ring of the Snake","Regal Pillow","Pen Nib","Boot","Blood Vial","Ectoplasm","White Beast Statue","Orichalcum","Toy Ornithopter","Oddly Smooth Stone","MealTicket","Anchor","WristBlade","Lantern","Darkstone Periapt","CaptainsWheel","Bronze Scales"],"acts_visited":["Exordium","TheCity","TheBeyond","TheEnding"],"potions_floor_usage":[50,55,55,55],"damage_taken":[{"damage":0.0,"enemies":"Cultist","floor":1.0,"turns":4.0},{"damage":0.0,"enemies":"Jaw Worm","floor":2.0,"turns":5.0},{"damage":0.0,"enemies":"Small Slimes","floor":3.0,"turns":4.0},{"damage":0.0,"enemies":"Blue Slaver","floor":5.0,"turns":6.0},{"damage":13.0,"enemies":"3 Sentries","floor":6.0,"turns":8.0},{"damage":0.0,"enemies":"Red Slaver","floor":11.0,"turns":4.0},{"damage":0.0,"enemies":"Exordium Thugs","floor":12.0,"turns":4.0},{"damage":24.0,"enemies":"Gremlin Nob","floor":13.0,"turns":4.0},{"damage":0.0,"enemies":"Hexaghost","floor":16.0,"turns":8.0},{"damage":11.0,"enemies":"Chosen","floor":18.0,"turns":4.0},{"damage":0.0,"enemies":"Spheric Guardian","floor":21.0,"turns":4.0},{"damage":12.0,"enemies":"3 Cultists","floor":22.0,"turns":4.0},{"damage":0.0,"enemies":"Book of Stabbing","floor":23.0,"turns":6.0},{"damage":1.0,"enemies":"Shelled Parasite and Fungi","floor":24.0,"turns":5.0},{"damage":0.0,"enemies":"Gremlin Leader","floor":25.0,"turns":5.0},{"damage":20.0,"enemies":"Book of Stabbing","floor":28.0,"turns":5.0},{"damage":8.0,"enemies":"Gremlin Leader","floor":31.0,"turns":4.0},{"damage":42.0,"enemies":"Automaton","floor":33.0,"turns":7.0},{"damage":3.0,"enemies":"3 Shapes","floor":35.0,"turns":3.0},{"damage":10.0,"enemies":"3 Darklings","floor":38.0,"turns":5.0},{"damage":0.0,"enemies":"Maw","floor":39.0,"turns":6.0},{"damage":3.0,"enemies":"Giant Head","floor":40.0,"turns":7.0},{"damage":0.0,"enemies":"Writhing Mass","floor":41.0,"turns":4.0},{"damage":20.0,"enemies":"Transient","floor":44.0,"turns":5.0},{"damage":36.0,"enemies":"Nemesis","floor":45.0,"turns":5.0},{"damage":0.0,"enemies":"4 Shapes","floor":47.0,"turns":3.0},{"damage":6.0,"enemies":"Giant Head","floor":48.0,"turns":6.0},{"damage":33,"enemies":"Awakened One","floor":50,"turns":9},{"damage":26,"enemies":"Shield and Spear","floor":54,"turns":6},{"damage":62,"enemies":"The Heart","floor":55,"turns":5}],"seed_played":"3434129347328565992","potions_obtained":[{"floor":1.0,"key":"CunningPotion"},{"floor":2.0,"key":"Explosive Potion"},{"floor":3.0,"key":"BlessingOfTheForge"},{"floor":11.0,"key":"Swift Potion"},{"floor":13.0,"key":"EssenceOfSteel"},{"floor":21.0,"key":"SteroidPotion"},{"floor":22.0,"key":"SkillPotion"},{"floor":23.0,"key":"Explosive Potion"},{"floor":24.0,"key":"Regen Potion"},{"floor":25.0,"key":"SkillPotion"},{"floor":33.0,"key":"AttackPotion"},{"floor":35.0,"key":"SkillPotion"},{"floor":40.0,"key":"Dexterity Potion"},{"floor":41.0,"key":"CultistPotion"},{"floor":45.0,"key":"Dexterity Potion"},{"floor":54,"key":"Swift Potion"}],"is_trial":false,"path_per_floor":["M","M","M","$","M","E","?","R","T","R","M","M","E","?","R","B",null,"M","?","$","M","M","E","M","E","T","R","E","$","R","E","R","B",null,"M","$","?","M","M","E","M","R","T","M","E","R","M","E","R","B",null,"R","$","E","B"],"character_chosen":"THE_SILENT","items_purchased":["Footwork","Regal Pillow","Accuracy","Cloak And Dagger","Blur"],"campfire_rested":1,"item_purchase_floors":[4,4,20,20,20],"current_hp_per_floor":[49,49,49,49,49,36,25,25,25,25,25,25,1,1,1,3,70,59,59,59,61,51,53,54,56,56,56,38,53,53,47,47,27,70,67,70,70,60,62,61,63,63,63,45,11,47,49,45,45,19,70,70,70,44,0,0],"gold":47,"neow_bonus":"TWO_FIFTY_GOLD","is_daily":false,"chose_seed":false,"campfire_upgraded":8,"win_rate":0.0,"timestamp":1611760971,"path_taken":["M","M","M","$","M","E","?","R","T","R","M","M","E","?","R","BOSS","M","?","$","M","M","E","M","E","T","R","E","?","R","E","R","BOSS","M","$","?","M","M","E","M","R","T","M","E","R","M","E","R","BOSS","R","$","E","BOSS"],"items_purchased_type":["Card","Relic","Card","Card","Card"],"build_version":"2020-12-22","purchased_purges":2,"victory":false,"max_hp_per_floor":[70,70,70,70,70,70,70,70,70,70,70,70,70,70,70,70,70,70,70,70,70,70,70,70,70,70,70,70,70,70,70,70,70,70,70,70,70,70,70,70,70,70,70,70,70,70,70,70,70,70,70,70,70,70,70,70],"card_choices":[{"not_picked":["Backflip","Choke"],"picked":"Accuracy","floor":1.0},{"not_picked":["Noxious Fumes","Quick Slash"],"picked":"Escape Plan","floor":2.0},{"not_picked":["Poisoned Stab","Acrobatics"],"picked":"Infinite Blades","floor":3.0},{"not_picked":["Dagger Throw","Leg Sweep","Backflip"],"picked":"SKIP","floor":5.0},{"not_picked":["Quick Slash","Poisoned Stab"],"picked":"Backstab","floor":6.0},{"not_picked":["Concentrate","PiercingWail"],"picked":"Infinite Blades","floor":11.0},{"not_picked":["Outmaneuver","Prepared","Dodge and Roll"],"picked":"SKIP","floor":12.0},{"not_picked":["Backflip","Underhanded Strike"],"picked":"Caltrops","floor":13.0},{"not_picked":["Phantasmal Killer","Wraith Form v2"],"picked":"Die Die Die","floor":16.0},{"not_picked":["Riddle With Holes+1","Sucker Punch"],"picked":"Cloak And Dagger","floor":18.0},{"not_picked":["Eviscerate","Slice","Prepared"],"picked":"SKIP","floor":21.0},{"not_picked":["Acrobatics","Finisher","Prepared"],"picked":"SKIP","floor":22.0},{"not_picked":["Calculated Gamble","Acrobatics","Quick Slash+1"],"picked":"SKIP","floor":23.0},{"not_picked":["Dagger Throw","Backflip+1"],"picked":"Terror","floor":24.0},{"not_picked":["Choke","Outmaneuver+1","Acrobatics"],"picked":"SKIP","floor":25.0},{"not_picked":["Venomology","Crippling Poison+1"],"picked":"Deflect+1","floor":28.0},{"not_picked":["Outmaneuver","Predator"],"picked":"A Thousand Cuts","floor":31.0},{"not_picked":["Flying Knee","Dagger Throw+1","Quick Slash"],"picked":"SKIP","floor":35.0},{"not_picked":["Setup","Catalyst","Outmaneuver+1"],"picked":"SKIP","floor":38.0},{"not_picked":["Slice+1","Backflip+1"],"picked":"Footwork+1","floor":39.0},{"not_picked":["Deflect","Choke+1"],"picked":"Masterful Stab+1","floor":40.0},{"not_picked":["Setup+1","Tools of the Trade","Catalyst+1"],"picked":"SKIP","floor":41.0},{"not_picked":["Bouncing Flask+1","Expertise+1"],"picked":"Backstab+1","floor":44.0},{"not_picked":["Catalyst","Acrobatics+1"],"picked":"Blur+1","floor":45.0},{"not_picked":["Underhanded Strike","Backflip+1"],"picked":"Backstab+1","floor":47.0},{"not_picked":["Catalyst+1","Bouncing Flask+1"],"picked":"Infinite Blades","floor":48.0},{"not_picked":["Caltrops","All Out Attack+1"],"picked":"Blur","floor":54}],"player_experience":1142246,"relics_obtained":[{"floor":6.0,"key":"Pen Nib"},{"floor":9.0,"key":"Boot"},{"floor":13.0,"key":"Blood Vial"},{"floor":23.0,"key":"Orichalcum"},{"floor":25.0,"key":"Toy Ornithopter"},{"floor":26.0,"key":"Oddly Smooth Stone"},{"floor":28.0,"key":"MealTicket"},{"floor":31.0,"key":"Anchor"},{"floor":40.0,"key":"Lantern"},{"floor":45.0,"key":"Darkstone Periapt"},{"floor":48.0,"key":"CaptainsWheel"},{"floor":54,"key":"Bronze Scales"}],"event_choices":[{"damage_healed":0.0,"max_hp_gain":0.0,"max_hp_loss":0.0,"gold_gain":75.0,"event_name":"World of Goop","player_choice":"Gather Gold","floor":7.0,"gold_loss":0.0,"damage_taken":11.0},{"damage_healed":0.0,"max_hp_gain":0.0,"max_hp_loss":0.0,"gold_gain":0.0,"event_name":"Upgrade Shrine","player_choice":"Upgraded","floor":14.0,"gold_loss":0.0,"damage_taken":0.0,"cards_upgraded":["Caltrops"]},{"damage_healed":0.0,"max_hp_gain":0.0,"max_hp_loss":0.0,"gold_gain":0.0,"event_name":"Addict","player_choice":"Obtained Relic","floor":19.0,"gold_loss":85.0,"damage_taken":0.0,"relics_obtained":["White Beast Statue"]},{"damage_healed":0.0,"max_hp_gain":0.0,"max_hp_loss":0.0,"gold_gain":0.0,"cards_transformed":["Strike_G"],"event_name":"Transmorgrifier","player_choice":"Transformed","floor":37.0,"gold_loss":0.0,"damage_taken":0.0,"cards_obtained":["Acrobatics"]}],"is_beta":false,"boss_relics":[{"not_picked":["Snecko Eye","Runic Dome"],"picked":"Ectoplasm"},{"not_picked":["Velvet Choker","Philosopher\u0027s Stone"],"picked":"WristBlade"}],"items_purged_floors":[4,20],"is_endless":false,"potions_floor_spawned":[1,2,3,11,13,21,22,23,24,25,28,31,33,35,38,39,40,41,44,45,47,48,54],"killed_by":"The Heart","ascension_level":1}}