{"host":"jlw4slqoq862puwo","time":1611748845,"event":{"mods":["BaseMod","DeckTracker","Dota2Spire","Highlight Path","Minty Spire (QoL Compilation)","Quick Restart","StSLib","SuperFastMode"],"gold_per_floor":[111,131,131,141,156,156,106,118,118,118,118,148,73,148,167,167,265,265,265,362,362,380,393,393,363,377,410,428,428,501,501,519,544,544,559,572,591,591,691,691,691,793,793,807,322,372,385,385,385,418,418,436,460,460,486,361,374,43,43,55,55,55,55,55,5,37,37],"floor_reached":68,"language":"ENG","playtime":8435,"items_purged":["Strike_G","Strike_G","Strike_G+1","Strike_G+1"],"score":2234,"play_id":"b33f3db7-cc44-4d4e-a86d-ba195585ee3a","local_time":"20210127130045","is_ascension_mode":true,"campfire_choices":[{"data":"Poisoned Stab","floor":6.0,"key":"SMITH"},{"data":"Dagger Spray","floor":11.0,"key":"SMITH"},{"data":"Deadly Poison","floor":16.0,"key":"SMITH"},{"data":"Caltrops","floor":19.0,"key":"SMITH"},{"data":"Neutralize","floor":29.0,"key":"SMITH"},{"data":"Leg Sweep","floor":34.0,"key":"SMITH"},{"floor":38.0,"key":"REST"},{"data":"Dash","floor":41.0,"key":"SMITH"},{"data":"Survivor","floor":49.0,"key":"SMITH"},{"data":"Apotheosis","floor":59.0,"key":"SMITH"},{"floor":61,"key":"RECALL"},{"data":"Defend_G","floor":64,"key":"SMITH"}],"circlet_count":0,"master_deck":["Defend_G","Defend_G","Defend_G","Defend_G","Defend_G+1","Survivor+1","Neutralize+1","Dagger Spray+1","Poisoned Stab+1","Dash+1","Caltrops+1","Deadly Poison+1","Venomology","Noxious Fumes+1","Eviscerate+1","Well Laid Plans+1","PiercingWail+1","Leg Sweep+1","Predator+1","Night Terror","CurseOfTheBell","Bullet Time","Crippling Poison+1","Apotheosis+1","Noxious Fumes+1"],"relics":["Velvet Choker","Matryoshka","Strawberry","Molten Egg 2","Dota2Spire:Butterfly","Snecko Eye","SacredBark","Regal Pillow","MealTicket","Mercury Hourglass","Smiling Mask","Calling Bell","Nunchaku","Dota2Spire:EtherealBlade","Dota2Spire:HeartOfTarrasque","SlaversCollar","Membership Card","Bottled Tornado","Dota2Spire:Satanic","Tingsha","Pantograph","Whetstone","Snake Skull","Bird Faced Urn","Toy Ornithopter","Kunai","White Beast Statue","FossilizedHelix"],"acts_visited":["Exordium","TheCity","TheBeyond","TheEnding"],"potions_floor_usage":[62,67,67,67],"damage_taken":[{"damage":0.0,"enemies":"2 Louse","floor":1.0,"turns":3.0},{"damage":4.0,"enemies":"Jaw Worm","floor":2.0,"turns":4.0},{"damage":0.0,"enemies":"Small Slimes","floor":4.0,"turns":3.0},{"damage":16.0,"enemies":"Exordium Wildlife","floor":5.0,"turns":4.0},{"damage":2.0,"enemies":"3 Louse","floor":8.0,"turns":2.0},{"damage":10.0,"enemies":"Lagavulin","floor":12.0,"turns":5.0},{"damage":0.0,"enemies":"Lots of Slimes","floor":15.0,"turns":1.0},{"damage":0.0,"enemies":"Hexaghost","floor":17.0,"turns":7.0},{"damage":13.0,"enemies":"Hexaghost","floor":20.0,"turns":8.0},{"damage":4.0,"enemies":"Shell Parasite","floor":22.0,"turns":4.0},{"damage":5.0,"enemies":"Chosen","floor":23.0,"turns":5.0},{"damage":8.0,"enemies":"Centurion and Healer","floor":26.0,"turns":5.0},{"damage":31.0,"enemies":"Book of Stabbing","floor":27.0,"turns":4.0},{"damage":7.0,"enemies":"Cultist and Chosen","floor":28.0,"turns":5.0},{"damage":13.0,"enemies":"Snecko","floor":32.0,"turns":3.0},{"damage":1.0,"enemies":"Gremlin Leader","floor":33.0,"turns":4.0},{"damage":8.0,"enemies":"Snake Plant","floor":35.0,"turns":3.0},{"damage":4.0,"enemies":"Shelled Parasite and Fungi","floor":36.0,"turns":4.0},{"damage":0.0,"enemies":"3 Cultists","floor":37.0,"turns":4.0},{"damage":0.0,"enemies":"Champ","floor":39.0,"turns":9.0},{"damage":13.0,"enemies":"Champ","floor":42.0,"turns":10.0},{"damage":0.0,"enemies":"3 Shapes","floor":44.0,"turns":4.0},{"damage":0.0,"enemies":"Mind Bloom Boss Battle","floor":46.0,"turns":5.0},{"damage":0.0,"enemies":"Orb Walker","floor":47.0,"turns":3.0},{"damage":11.0,"enemies":"Reptomancer","floor":50.0,"turns":6.0},{"damage":1.0,"enemies":"Jaw Worm Horde","floor":52.0,"turns":3.0},{"damage":10.0,"enemies":"Giant Head","floor":55.0,"turns":7.0},{"damage":0.0,"enemies":"Maw","floor":57.0,"turns":7.0},{"damage":9,"enemies":"Writhing Mass","floor":60,"turns":5},{"damage":6,"enemies":"Awakened One","floor":62,"turns":13},{"damage":29,"enemies":"Shield and Spear","floor":66,"turns":5},{"damage":113,"enemies":"The Heart","floor":67,"turns":10}],"seed_played":"1355567711229165834","potions_obtained":[{"floor":5.0,"key":"Regen Potion"},{"floor":8.0,"key":"Ancient Potion"},{"floor":12.0,"key":"EssenceOfSteel"},{"floor":15.0,"key":"DistilledChaos"},{"floor":23.0,"key":"Dota2Spire:HealingSalve"},{"floor":25.0,"key":"Poison Potion"},{"floor":25.0,"key":"Regen Potion"},{"floor":33.0,"key":"DuplicationPotion"},{"floor":42.0,"key":"Strength Potion"},{"floor":55.0,"key":"FairyPotion"}],"is_trial":false,"path_per_floor":["M","M","?","M","M","R","?","M","T","T","R","E","$","?","M","R","B",null,"R","B",null,"M","M","?","?","M","E","M","R","T","T","M","E","R","M","M","M","R","B",null,"R","B",null,"M","$","?","M","T","R","E","?","M","T","T","E","$","M","$","R","M","R","B",null,"R","$","E","B",null],"character_chosen":"THE_SILENT","items_purchased":["Membership Card","Bottled Tornado","Dota2Spire:Satanic","Toy Ornithopter","Apotheosis","Kunai","White Beast Statue"],"campfire_rested":1,"item_purchase_floors":[45,45,45,56,58,58,58],"current_hp_per_floor":[70,66,66,66,50,50,50,48,48,55,55,60,60,49,49,49,49,49,49,36,77,73,68,68,68,60,61,54,54,54,54,41,40,40,32,28,28,66,66,74,74,73,85,85,85,85,85,85,85,78,78,77,77,77,75,85,85,85,85,80,80,85,85,85,85,57,49],"gold":37,"neow_bonus":"BOSS_RELIC","is_daily":false,"chose_seed":false,"campfire_upgraded":10,"win_rate":0.0,"timestamp":1611748845,"path_taken":["M","M","?","M","M","R","?","M","T","T","R","E","$","?","M","R","BOSS","R","BOSS","M","M","?","?","?","E","M","R","T","T","?","E","R","M","M","M","R","BOSS","R","BOSS","M","$","?","M","?","R","E","?","M","T","T","E","?","M","$","R","M","R","BOSS","R","$","E","BOSS"],"items_purchased_type":["Relic","Relic","Relic","Relic","Card","Relic","Relic"],"build_version":"2020-12-22","purchased_purges":4,"victory":true,"max_hp_per_floor":[70,70,70,70,70,70,70,70,70,77,77,77,77,77,77,77,77,77,77,77,77,77,77,77,77,77,77,77,77,77,77,77,77,77,77,77,77,77,77,85,85,85,85,85,85,85,85,85,85,85,85,85,85,85,85,85,85,85,85,85,85,85,85,85,85,85,85],"card_choices":[{"not_picked":["PiercingWail","Slice"],"picked":"Dagger Spray","floor":1.0},{"not_picked":["Deflect","PiercingWail"],"picked":"Poisoned Stab","floor":2.0},{"not_picked":["Backflip","Bane"],"picked":"Dash","floor":4.0},{"not_picked":["Blade Dance","Dagger Throw"],"picked":"Caltrops","floor":5.0},{"not_picked":["Flying Knee","Distraction"],"picked":"Deadly Poison","floor":8.0},{"not_picked":["Die Die Die+1","Underhanded Strike+1","Choke+1"],"picked":"SKIP","floor":12.0},{"not_picked":["Dagger Spray+1","Flying Knee+1","Eviscerate+1"],"picked":"SKIP","floor":15.0},{"not_picked":["Die Die Die+1","Burst"],"picked":"Venomology","floor":20.0},{"not_picked":["All Out Attack+1","Blade Dance"],"picked":"Noxious Fumes+1","floor":22.0},{"not_picked":["Finisher+1","PiercingWail","Prepared+1"],"picked":"SKIP","floor":23.0},{"not_picked":["Quick Slash+1","Cloak And Dagger"],"picked":"Eviscerate+1","floor":26.0},{"not_picked":["Bouncing Flask","Skewer+1"],"picked":"Well Laid Plans+1","floor":27.0},{"not_picked":["Blade Dance","Flying Knee+1"],"picked":"PiercingWail+1","floor":28.0},{"not_picked":["Deadly Poison","Endless Agony+1"],"picked":"Leg Sweep","floor":32.0},{"not_picked":["Noxious Fumes","PiercingWail+1","Bane+1"],"picked":"SKIP","floor":33.0},{"not_picked":["Slice+1","Blade Dance","Flying Knee+1"],"picked":"SKIP","floor":35.0},{"not_picked":["Blade Dance","Acrobatics"],"picked":"Predator+1","floor":36.0},{"not_picked":["Infinite Blades+1","Caltrops","Distraction+1"],"picked":"SKIP","floor":37.0},{"not_picked":["A Thousand Cuts","Adrenaline"],"picked":"Night Terror","floor":39.0},{"not_picked":["Adrenaline","Burst"],"picked":"Bullet Time","floor":42.0},{"not_picked":["Deflect","Dodge and Roll","Quick Slash+1"],"picked":"SKIP","floor":44.0},{"not_picked":["Skewer+1","Acrobatics+1"],"picked":"Crippling Poison+1","floor":46.0},{"not_picked":["Slice+1","Crippling Poison","Underhanded Strike+1"],"picked":"SKIP","floor":47.0},{"not_picked":["All Out Attack+1","PiercingWail","Accuracy"],"picked":"SKIP","floor":50.0},{"not_picked":["Dodge and Roll+1","Accuracy+1","Distraction"],"picked":"SKIP","floor":52.0},{"not_picked":["Cloak And Dagger","Finisher+1","Deadly Poison+1"],"picked":"SKIP","floor":55.0},{"not_picked":["Blade Dance+1","Well Laid Plans+1","PiercingWail+1"],"picked":"SKIP","floor":57.0},{"not_picked":["Sucker Punch+1","Deflect+1"],"picked":"Noxious Fumes+1","floor":60},{"not_picked":["Eviscerate+1","Dagger Spray+1","Slice+1"],"picked":"SKIP","floor":66}],"player_experience":9035,"relics_obtained":[{"floor":9.0,"key":"Matryoshka"},{"floor":10.0,"key":"Strawberry"},{"floor":10.0,"key":"Molten Egg 2"},{"floor":12.0,"key":"Dota2Spire:Butterfly"},{"floor":27.0,"key":"Regal Pillow"},{"floor":30.0,"key":"MealTicket"},{"floor":30.0,"key":"Mercury Hourglass"},{"floor":31.0,"key":"Smiling Mask"},{"floor":40.0,"key":"Nunchaku"},{"floor":40.0,"key":"Dota2Spire:EtherealBlade"},{"floor":40.0,"key":"Dota2Spire:HeartOfTarrasque"},{"floor":46.0,"key":"Tingsha"},{"floor":48.0,"key":"Pantograph"},{"floor":50.0,"key":"Whetstone"},{"floor":53.0,"key":"Snake Skull"},{"floor":55.0,"key":"Bird Faced Urn"},{"floor":66,"key":"FossilizedHelix"}],"event_choices":[{"damage_healed":0.0,"max_hp_gain":0.0,"max_hp_loss":0.0,"gold_gain":0.0,"event_name":"Liars Game","player_choice":"Ignored","floor":3.0,"gold_loss":0.0,"damage_taken":0.0},{"cards_removed":["Strike_G"],"damage_healed":0.0,"max_hp_gain":0.0,"max_hp_loss":0.0,"gold_gain":0.0,"event_name":"The Cleric","player_choice":"Card Removal","floor":7.0,"gold_loss":50.0,"damage_taken":0.0},{"damage_healed":0.0,"max_hp_gain":0.0,"max_hp_loss":0.0,"gold_gain":75.0,"event_name":"World of Goop","player_choice":"Gather Gold","floor":14.0,"gold_loss":0.0,"damage_taken":11.0},{"damage_healed":0.0,"max_hp_gain":0.0,"max_hp_loss":0.0,"gold_gain":0.0,"event_name":"Vampires","player_choice":"Ignored","floor":24.0,"gold_loss":0.0,"damage_taken":0.0},{"damage_healed":0.0,"max_hp_gain":0.0,"max_hp_loss":0.0,"gold_gain":0.0,"event_name":"The Woman in Blue","player_choice":"Bought 2 Potions","floor":25.0,"gold_loss":0.0,"damage_taken":0.0},{"damage_healed":0.0,"max_hp_gain":0.0,"max_hp_loss":0.0,"gold_gain":0.0,"event_name":"MindBloom","player_choice":"Fight","floor":46.0,"gold_loss":0.0,"damage_taken":0.0},{"damage_healed":0.0,"max_hp_gain":0.0,"max_hp_loss":0.0,"gold_gain":0.0,"event_name":"Tomb of Lord Red Mask","player_choice":"Ignored","floor":51.0,"gold_loss":0.0,"damage_taken":0.0}],"is_beta":false,"boss_relics":[{"not_picked":["WristBlade","Fusion Hammer"],"picked":"Snecko Eye"},{"not_picked":["Runic Dome","Coffee Dripper"],"picked":"SacredBark"},{"not_picked":["Busted Crown","Cursed Key"],"picked":"Calling Bell"},{"not_picked":["HoveringKite","Philosopher\u0027s Stone"],"picked":"SlaversCollar"}],"items_purged_floors":[13,45,56,65],"is_endless":false,"potions_floor_spawned":[5,8,12,15,23,33,36,42,52,55,57,60,66],"ascension_level":3}}