{"host":"bi4xrs8tqq9xpuhm","time":1611718529,"event":{"mods":["AchievementEnabler","BaseMod","Colored Map","Colored Powertips","Highlight Path","Minty Spire (QoL Compilation)","Relic Stats"],"gold_per_floor":[116,132,132,143,163,163,182,211,211,286,286,286,286,299,299,404,404,419,429,64,75,92,92,92,92,92,7,32,32,58,58,58,157,157,174,174,174,224,184,184,194,205,205,6,22,22,39,59,59,59,59],"floor_reached":50,"language":"ENG","playtime":6740,"items_purged":["Strike_R"],"score":588,"play_id":"44f7ec80-92f4-40ee-9eb4-9251e69220ef","local_time":"20210126223529","is_ascension_mode":true,"campfire_choices":[{"data":"Iron Wave","floor":6,"key":"SMITH"},{"floor":11,"key":"REST"},{"data":"Feed","floor":13,"key":"SMITH"},{"data":"Flex","floor":15,"key":"SMITH"},{"data":"True Grit","floor":23,"key":"SMITH"},{"floor":25,"key":"REST"},{"data":"Heavy Blade","floor":32,"key":"SMITH"},{"data":"Demon Form","floor":40,"key":"SMITH"},{"data":"Rupture","floor":46,"key":"SMITH"},{"data":"Bash","floor":49,"key":"SMITH"}],"circlet_count":0,"master_deck":["Strike_R","Strike_R","Defend_R","Defend_R+1","Defend_R+1","Defend_R","Bash+1","Iron Wave+1","Rupture+1","Cleave","Flex+1","True Grit+1","Feed+1","Demon Form+1","Heavy Blade+1","Armaments+1","Flex+1","Headbutt","Flex+1","Offering+1","Ghostly Armor+1","Whirlwind","Twin Strike+1","Iron Wave+1","Shrug It Off+1","Thunderclap+1","Shockwave+1","Parasite"],"relics":["Burning Blood","Vajra","Meat on the Bone","Bottled Tornado","White Beast Statue","Philosopher\u0027s Stone","Happy Flower","Toy Ornithopter","Enchiridion","Gremlin Horn","Toxic Egg 2","Juzu Bracelet","Red Skull","Coffee Dripper","Torii","Art of War","DollysMirror"],"acts_visited":["Exordium","TheCity","TheBeyond"],"potions_floor_usage":[16,16,16,22,28,28,31,41,45,45,50,50,50],"damage_taken":[{"damage":0,"enemies":"Small Slimes","floor":1,"turns":3},{"damage":7,"enemies":"2 Louse","floor":2,"turns":3},{"damage":8,"enemies":"Jaw Worm","floor":4,"turns":4},{"damage":12,"enemies":"Looter","floor":5,"turns":3},{"damage":0,"enemies":"Lots of Slimes","floor":7,"turns":2},{"damage":47,"enemies":"Gremlin Nob","floor":8,"turns":6},{"damage":0,"enemies":"3 Louse","floor":14,"turns":3},{"damage":50,"enemies":"Slime Boss","floor":16,"turns":13},{"damage":29,"enemies":"Spheric Guardian","floor":18,"turns":5},{"damage":9,"enemies":"Chosen","floor":19,"turns":3},{"damage":31,"enemies":"Sentry and Sphere","floor":21,"turns":5},{"damage":34,"enemies":"Snake Plant","floor":22,"turns":3},{"damage":23,"enemies":"Book of Stabbing","floor":28,"turns":3},{"damage":19,"enemies":"Shelled Parasite and Fungi","floor":31,"turns":2},{"damage":73,"enemies":"Champ","floor":33,"turns":7},{"damage":0,"enemies":"3 Shapes","floor":35,"turns":4},{"damage":6,"enemies":"Mind Bloom Boss Battle","floor":38,"turns":4},{"damage":24,"enemies":"Orb Walker","floor":41,"turns":3},{"damage":17,"enemies":"Spire Growth","floor":42,"turns":3},{"damage":33,"enemies":"Maw","floor":45,"turns":7},{"damage":21,"enemies":"Jaw Worm Horde","floor":47,"turns":3},{"damage":16,"enemies":"Writhing Mass","floor":48,"turns":5},{"damage":96,"enemies":"Awakened One","floor":50,"turns":7}],"seed_played":"-4809481993537486594","potions_obtained":[{"floor":2,"key":"Weak Potion"},{"floor":8,"key":"SteroidPotion"},{"floor":14,"key":"Fire Potion"},{"floor":16,"key":"SneckoOil"},{"floor":18,"key":"BloodPotion"},{"floor":19,"key":"Explosive Potion"},{"floor":21,"key":"AttackPotion"},{"floor":22,"key":"ColorlessPotion"},{"floor":28,"key":"SmokeBomb"},{"floor":33,"key":"ColorlessPotion"},{"floor":35,"key":"LiquidMemories"},{"floor":38,"key":"AttackPotion"},{"floor":41,"key":"SkillPotion"},{"floor":42,"key":"Energy Potion"},{"floor":47,"key":"SteroidPotion"},{"floor":48,"key":"SteroidPotion"}],"is_trial":false,"path_per_floor":["M","M","?","M","M","R","M","E","T","?","R","?","R","M","R","B",null,"M","M","$","M","M","R","?","R","T","?","E","?","T","M","R","B",null,"M","?","?","?","?","R","M","M","T","$","M","R","M","M","R","B"],"character_chosen":"IRONCLAD","items_purchased":["Happy Flower","Toy Ornithopter","DollysMirror","Shrug It Off+1"],"campfire_rested":2,"item_purchase_floors":[20,20,44,44],"current_hp_per_floor":[80,79,72,70,64,64,70,29,29,18,42,39,39,49,49,21,88,69,70,70,61,70,70,54,84,84,84,81,81,81,77,77,22,108,112,112,112,116,116,116,103,92,92,92,75,75,76,70,70,0,0],"gold":59,"neow_bonus":"RANDOM_COMMON_RELIC","is_daily":false,"chose_seed":false,"campfire_upgraded":8,"win_rate":0.0,"timestamp":1611718529,"path_taken":["M","M","?","M","M","R","M","E","T","?","R","?","R","M","R","BOSS","M","M","$","M","M","R","?","R","T","?","E","?","?","M","R","BOSS","M","?","?","?","?","R","M","M","T","?","M","R","M","M","R","BOSS"],"items_purchased_type":["Relic","Relic","Relic","Card"],"build_version":"2020-12-22","purchased_purges":1,"victory":false,"max_hp_per_floor":[80,80,80,80,80,80,80,80,80,80,80,80,80,84,84,88,88,92,96,96,100,100,100,100,100,100,100,104,104,104,108,108,108,108,112,112,112,116,116,116,116,116,116,116,116,116,120,124,124,128,128],"relic_stats":{"Happy Flower":[18],"Gremlin Horn":[9,9],"Torii":13,"counters":[23,101],"Juzu Bracelet":2,"Art of War":[1],"obtain_stats":[{"Happy Flower":20,"Gremlin Horn":26,"Torii":38,"Vajra":0,"Enchiridion":24,"Juzu Bracelet":28,"Bottled Tornado":9,"Burning Blood":0,"White Beast Statue":12,"DollysMirror":44,"Philosopher\u0027s Stone":17,"Coffee Dripper":34,"Art of War":43,"Toxic Egg 2":27,"Toy Ornithopter":20,"Red Skull":30,"Meat on the Bone":8},{"Happy Flower":10,"Gremlin Horn":12,"Torii":17,"Vajra":0,"Enchiridion":12,"Juzu Bracelet":13,"Bottled Tornado":6,"Burning Blood":0,"White Beast Statue":6,"DollysMirror":19,"Philosopher\u0027s Stone":8,"Coffee Dripper":15,"Art of War":19,"Toxic Egg 2":12,"Toy Ornithopter":10,"Red Skull":13,"Meat on the Bone":6},{"Happy Flower":45,"Gremlin Horn":53,"Torii":73,"Vajra":0,"Enchiridion":53,"Juzu Bracelet":56,"Bottled Tornado":21,"Burning Blood":0,"White Beast Statue":21,"DollysMirror":79,"Philosopher\u0027s Stone":37,"Coffee Dripper":65,"Art of War":79,"Toxic Egg 2":53,"Toy Ornithopter":45,"Red Skull":56,"Meat on the Bone":21}],"Burning Blood":120,"Toy Ornithopter":50,"Meat on the Bone":60},"card_choices":[{"not_picked":["Cleave","Headbutt"],"picked":"Iron Wave","floor":1},{"not_picked":["Twin Strike","Evolve"],"picked":"Rupture","floor":2},{"not_picked":["Thunderclap","Havoc"],"picked":"Cleave","floor":4},{"not_picked":["Dual Wield","Feel No Pain"],"picked":"Flex","floor":5},{"not_picked":["Fire Breathing","Flex"],"picked":"True Grit","floor":7},{"not_picked":["Disarm","Clothesline"],"picked":"Feed","floor":8},{"not_picked":["Warcry","Clash","True Grit"],"picked":"SKIP","floor":14},{"not_picked":["Fiend Fire","Reaper"],"picked":"Demon Form","floor":16},{"not_picked":["Rampage","Havoc"],"picked":"Heavy Blade","floor":18},{"not_picked":["Rage","Reckless Charge"],"picked":"Armaments+1","floor":19},{"not_picked":["Flame Barrier","Anger"],"picked":"Flex+1","floor":21},{"not_picked":["Dark Embrace","Pommel Strike"],"picked":"Headbutt","floor":22},{"not_picked":["True Grit+1","Pommel Strike"],"picked":"Flex+1","floor":28},{"not_picked":["Impervious+1","Double Tap+1"],"picked":"Offering+1","floor":33},{"not_picked":["Armaments+1","Second Wind+1","Entrench+1"],"picked":"SKIP","floor":35},{"not_picked":["Iron Wave","Seeing Red+1"],"picked":"Ghostly Armor+1","floor":38},{"not_picked":["Flex+1","Evolve"],"picked":"Whirlwind","floor":41},{"not_picked":["Thunderclap+1","Clash"],"picked":"Twin Strike+1","floor":42},{"not_picked":["Bloodletting+1","Power Through+1"],"picked":"Thunderclap+1","floor":45},{"not_picked":["Offering+1","Clothesline+1"],"picked":"Shockwave+1","floor":47},{"not_picked":["Clash+1","Pommel Strike","Fire Breathing"],"picked":"SKIP","floor":48}],"player_experience":82675,"relics_obtained":[{"floor":8,"key":"Meat on the Bone"},{"floor":9,"key":"Bottled Tornado"},{"floor":24,"key":"Enchiridion"},{"floor":26,"key":"Gremlin Horn"},{"floor":28,"key":"Juzu Bracelet"},{"floor":30,"key":"Red Skull"},{"floor":38,"key":"Torii"},{"floor":43,"key":"Art of War"}],"event_choices":[{"cards_removed":["Strike_R"],"damage_healed":0,"gold_gain":0,"player_choice":"Card Removal","damage_taken":7,"max_hp_gain":0,"max_hp_loss":0,"event_name":"Golden Wing","floor":3,"gold_loss":0},{"damage_healed":0,"gold_gain":75,"player_choice":"Gather Gold","damage_taken":11,"max_hp_gain":0,"max_hp_loss":0,"event_name":"World of Goop","floor":10,"gold_loss":0},{"damage_healed":0,"gold_gain":0,"player_choice":"Success","damage_taken":3,"relics_obtained":["White Beast Statue"],"max_hp_gain":0,"max_hp_loss":0,"event_name":"Scrap Ooze","floor":12,"gold_loss":0},{"damage_healed":0,"gold_gain":0,"player_choice":"Obtained Book","damage_taken":16,"max_hp_gain":0,"max_hp_loss":0,"event_name":"Cursed Tome","floor":24,"gold_loss":0},{"damage_healed":0,"gold_gain":0,"player_choice":"Obtained Relic","damage_taken":0,"relics_obtained":["Toxic Egg 2"],"max_hp_gain":0,"max_hp_loss":0,"event_name":"Addict","floor":27,"gold_loss":85},{"damage_healed":0,"gold_gain":0,"player_choice":"Ignored","damage_taken":0,"max_hp_gain":0,"max_hp_loss":0,"event_name":"Ghosts","floor":29,"gold_loss":0},{"cards_removed":["Strike_R"],"damage_healed":0,"gold_gain":0,"player_choice":"Purged","damage_taken":0,"max_hp_gain":0,"max_hp_loss":0,"event_name":"Purifier","floor":36,"gold_loss":0},{"damage_healed":0,"gold_gain":0,"player_choice":"Ignored","damage_taken":0,"max_hp_gain":0,"max_hp_loss":0,"event_name":"SecretPortal","floor":37,"gold_loss":0},{"damage_healed":0,"gold_gain":0,"player_choice":"Fight","damage_taken":0,"max_hp_gain":0,"max_hp_loss":0,"event_name":"MindBloom","floor":38,"gold_loss":0},{"damage_healed":0,"gold_gain":0,"player_choice":"Upgraded Two","damage_taken":0,"max_hp_gain":0,"max_hp_loss":0,"event_name":"Designer","floor":39,"gold_loss":40,"cards_upgraded":["Defend_R","Defend_R"]}],"is_beta":false,"boss_relics":[{"not_picked":["Calling Bell","Runic Pyramid"],"picked":"Philosopher\u0027s Stone"},{"not_picked":["Sozu","SacredBark"],"picked":"Coffee Dripper"}],"items_purged_floors":[20],"is_endless":false,"potions_floor_spawned":[2,8,14,16,18,19,21,22,28,31,33,35,38,41,42,45,47,48],"killed_by":"Awakened One","ascension_level":2}}