{"host":"hpn0uxah5qjr7pa6","time":1611745051,"event":{"mods":["Act Like it!","BaseMod","BetterRewards","Colored Powertips","Conspire","Downfall","Hallownest","Hermit","Hubris","Infinite Spire","Minty Spire (QoL Compilation)","Quick Restart","Replay The Spire","StSLib","The Cursed","The Disciple","The Jungle","The Servant 0.9.4"],"gold_per_floor":[99,113,125,138,158,158,158,175,190,153,173,192,192,177,197,294,294,294,314,330,349,349,349,349,449,285,285,295,311,508,527,540,540,540,540],"floor_reached":33,"language":"ENG","playtime":2052,"items_purged":[],"score":272,"play_id":"1e75f3f8-cf37-4e40-83e2-56922be21229","local_time":"20210127025731","is_ascension_mode":true,"campfire_choices":[{"floor":6,"key":"REST"},{"data":"bronze:RecursiveStrike","floor":23,"key":"SMITH"}],"circlet_count":0,"master_deck":["bronze:Strike","bronze:Strike+1","bronze:Strike","bronze:Strike+1","bronze:Defend","bronze:Defend","bronze:Defend","bronze:Defend","bronze:Replicate","bronze:Goto","bronze:DelayedSlice","bronze:OilSpill","bronze:OilSpill","bronze:Branch","bronze:WhirlingStrike","bronze:Branch","bronze:Constructor+1","bronze:RecursiveStrike+1","bronze:OilSpill","bronze:WhirlingStrike","bronze:FollowUp+1","bronze:InfiniteLoop","bronze:Turbo+1","bronze:DelayedGuard+1","bronze:Flail+1"],"relics":["bronze:BronzeCore","ReplayFunnel","Letter Opener","Blue Candle","hubris:TerracottaHorce","Peace Pipe","conspire:GiftBox","Bronze Scales","Simple Rune","Omamori","ReplayTheSpireMod:CursedCoin"],"acts_visited":["Hallownest:Greenpath","TheCity"],"potions_floor_usage":[12,16,16,16,21,29,33,33],"damage_taken":[{"damage":14,"enemies":"Hallownest:2_MossCreeps","floor":2,"turns":6},{"damage":6,"enemies":"Hallownest:monsterHuskGuard","floor":3,"turns":6},{"damage":1,"enemies":"Hallownest:2_Tiktiks_and_1_Crawlid","floor":4,"turns":2},{"damage":7,"enemies":"Hallownest:1_Baldur_1_Crawlid_1_Warrior","floor":5,"turns":6},{"damage":0,"enemies":"Hallownest:monsterAspidMother","floor":8,"turns":3},{"damage":0,"enemies":"Hallownest:monsterFoolEater","floor":9,"turns":3},{"damage":0,"enemies":"downfall:FleeingMerchant","floor":10,"turns":4},{"damage":10,"enemies":"Hallownest:Guard_and_Warrior","floor":11,"turns":5},{"damage":12,"enemies":"Hallownest:1_Ooma_and_2_Uuma","floor":12,"turns":4},{"damage":0,"enemies":"downfall:FleeingMerchant","floor":14,"turns":4},{"damage":6,"enemies":"Hallownest:MossCreep_and_Mosskin","floor":15,"turns":4},{"damage":14,"enemies":"DF_ARCHETYPE_STREAMLINE","floor":16,"turns":8},{"damage":4,"enemies":"Chosen","floor":19,"turns":4},{"damage":0,"enemies":"3 Byrds","floor":20,"turns":4},{"damage":0,"enemies":"Snecko","floor":21,"turns":3},{"damage":0,"enemies":"downfall:FleeingMerchant","floor":26,"turns":4},{"damage":14,"enemies":"Snake Plant","floor":28,"turns":3},{"damage":25,"enemies":"Centurion and Healer","floor":29,"turns":5},{"damage":0,"enemies":"downfall:FleeingMerchant","floor":30,"turns":2},{"damage":5,"enemies":"Shelled Parasite and Fungi","floor":31,"turns":5},{"damage":0,"enemies":"Sentry and Sphere","floor":32,"turns":4},{"damage":27,"enemies":"WA_ARCHETYPE_CALM","floor":33,"turns":5}],"seed_played":"6573876085500070943","potions_obtained":[{"floor":1,"key":"Strength Potion"},{"floor":1,"key":"Reflective Coating"},{"floor":5,"key":"Venom Potion"},{"floor":8,"key":"Swift Potion"},{"floor":12,"key":"Energy Potion"},{"floor":16,"key":"bronze:FreeFunctionsPotion"},{"floor":20,"key":"sneckomod:MuddlingPotion"},{"floor":21,"key":"Dexterity Potion"},{"floor":29,"key":"Dexterity Potion"},{"floor":31,"key":"LiquidBronze"},{"floor":32,"key":"Swift Potion"}],"is_trial":false,"path_per_floor":["R","M","M","M","M","R","T","M","M","$","M","M","?","$","M","B",null,"R","M","M","M","AVR","R","T","?","$","?","M","M","$","M","M","B"],"character_chosen":"THE_AUTOMATON","items_purchased":["bronze:WhirlingStrike","Bronze Scales","Simple Rune","Omamori","ReplayTheSpireMod:CursedCoin"],"campfire_rested":1,"item_purchase_floors":[10,26,30,30,30],"current_hp_per_floor":[70,56,50,49,42,63,63,63,63,63,53,41,36,36,30,16,57,70,66,66,66,66,66,66,66,66,66,52,27,27,22,22,0,0,0],"gold":540,"neow_bonus":"RANDOM_COMMON_RELIC","is_daily":false,"chose_seed":false,"campfire_upgraded":1,"win_rate":0.0,"timestamp":1611745051,"path_taken":["R","M","M","M","M","R","T","M","?","$","M","M","?","?","M","BOSS","R","M","M","M","AVR","R","T","?","?","?","?","M","$","M","M","BOSS"],"items_purchased_type":["Card","Relic","Relic","Relic","Relic"],"build_version":"2020-12-22","purchased_purges":0,"victory":false,"max_hp_per_floor":[70,70,70,70,70,70,70,70,70,70,70,70,70,70,70,70,70,70,70,70,70,70,70,70,70,70,70,70,70,70,70,70,70,70,70],"card_choices":[{"not_picked":["bronze:ChildClass","bronze:Invalidate"],"picked":"bronze:DelayedSlice","floor":2},{"not_picked":["bronze:Repulsor","bronze:Turbo"],"picked":"bronze:OilSpill","floor":3},{"not_picked":["bronze:FineTuning","bronze:ForceShield"],"picked":"bronze:OilSpill","floor":4},{"not_picked":["bronze:Break","bronze:BugBarrage","bronze:Safeguard"],"picked":"SKIP","floor":5},{"not_picked":["bronze:WildBeam","bronze:ForLoop"],"picked":"bronze:Branch","floor":8},{"not_picked":["bronze:Deprecate","bronze:Invalidate","bronze:BugBarrage"],"picked":"SKIP","floor":9},{"not_picked":["bronze:Fortify","bronze:Repulsor","bronze:Mutator"],"picked":"SKIP","floor":10},{"not_picked":["bronze:Deprecate","bronze:Allocate","bronze:Frontload"],"picked":"SKIP","floor":11},{"not_picked":["bronze:Deprecate","bronze:Invalidate"],"picked":"bronze:Branch","floor":12},{"not_picked":["bronze:BuggyMess","bronze:ForLoop","bronze:BugBarrage"],"picked":"SKIP","floor":14},{"not_picked":["bronze:FollowUp","bronze:BuggyMess"],"picked":"bronze:Constructor","floor":15},{"not_picked":["bronze:AlphaBuild","bronze:FindAndReplace"],"picked":"bronze:RecursiveStrike","floor":16},{"not_picked":["bronze:Shield+1","bronze:BuggyMess"],"picked":"bronze:OilSpill","floor":19},{"not_picked":["bronze:InfiniteBeams","bronze:Boost"],"picked":"bronze:WhirlingStrike","floor":20},{"not_picked":["bronze:Deprecate","bronze:InfiniteBeams"],"picked":"bronze:FollowUp+1","floor":21},{"not_picked":["bronze:Verify","bronze:Assembly"],"picked":"bronze:InfiniteLoop","floor":24},{"not_picked":["bronze:Repulsor","bronze:CloningBeam","bronze:Invalidate"],"picked":"SKIP","floor":26},{"not_picked":["bronze:BuggyMess","bronze:ForceShield+1"],"picked":"bronze:Turbo+1","floor":28},{"not_picked":["bronze:BuggyMess","bronze:CutThrough+1"],"picked":"bronze:DelayedGuard+1","floor":29},{"not_picked":["bronze:Constructor","bronze:BugBarrage","bronze:Assembly"],"picked":"SKIP","floor":30},{"not_picked":["bronze:Branch+1","bronze:Philosophize"],"picked":"bronze:Flail+1","floor":31},{"not_picked":["bronze:DelayedGuard","bronze:Allocate","bronze:Shield+1"],"picked":"SKIP","floor":32}],"player_experience":115316,"relics_obtained":[{"floor":7,"key":"Letter Opener"},{"floor":24,"key":"conspire:GiftBox"}],"event_choices":[],"is_beta":false,"boss_relics":[{"not_picked":["Cursed Key","hubris:BlackHole"],"picked":"hubris:TerracottaHorce"}],"items_purged_floors":[],"is_endless":false,"potions_floor_spawned":[5,8,11,12,16,20,21,29,31,32],"killed_by":"WA_ARCHETYPE_CALM","ascension_level":2}}