{"host":"lte3xujvwediduij","time":1611737908,"event":{"mods":["Aspiration","BaseMod","Better-Laid Plans","BetterRewards","Colored Map","Colored Powertips","Downfall","Energized Spire","GifTheSpireLib","Minty Spire (QoL Compilation)","Permanent Neow","Replay The Spire","Spicy Shops","StSLib","The Gatherer","The Hayseed","The Runesmith","The Servant 0.9.4","óô»ðÖ¸ÄÏ"],"gold_per_floor":[99,119,190,190,190,90,115,132,164,178,195,220,20,20,31,129,129,129,142,142,157,174,203,228,328,341,12,25,25,35,35,55,160,160,160,160,160,176,196,212,312,337,416,436,46,80,80,65,65,65,83,83,83,83,83,83],"floor_reached":54,"language":"ZHS","playtime":5518,"items_purged":["Voices","downfall:Haunted","Doubt"],"score":929,"play_id":"ab658c63-474e-4a6c-b592-0fc662846859","local_time":"20210127165828","is_ascension_mode":false,"campfire_choices":[{"floor":1.0,"key":"RECALL"},{"data":"Slimebound:Schlurp","floor":6.0,"key":"SMITH"},{"data":"Dramatic Entrance","floor":13.0,"key":"SMITH"},{"data":"Slimebound:CorrosiveSpit","floor":18.0,"key":"SMITH"},{"data":"Slimebound:DouseInSlime","floor":47.0,"key":"SMITH"}],"circlet_count":0,"master_deck":["Slimebound:Strike_Slimebound+1","Slimebound:Strike_Slimebound","Slimebound:Strike_Slimebound+1","Slimebound:Tackle","Slimebound:Defend_Slimebound","Slimebound:Defend_Slimebound","Slimebound:Defend_Slimebound","Slimebound:Split","Slimebound:CorrosiveSpit+1","Dramatic Entrance+1","Slimebound:Schlurp+1","ReplayTheSpireMod:Splinters","Slimebound:LevelUp","Slimebound:SplitLeeching","Slimebound:LeechingTouch","Slimebound:SplitMire","Slimebound:SplitMire","Slimebound:Repurpose","Slimebound:LeadByExample","Slimebound:SamplingLick","Slimebound:SelfFormingGoo","Injury","TheSimpletonMod:Nettles","Slimebound:ProtectTheBoss+1","Slimebound:GoopSpray","Slimebound:LeechingTouch","Slimebound:LeechEnergy+1","Slimebound:Equalize","downfall:Haunted","Clumsy","Slimebound:DouseInSlime+1","Slimebound:GoopSpray","Slimebound:GrowthPunch+1","Slimebound:PressTheAttack+1","Slimebound:LeechLife","Slimebound:GoopSpray+1","Slimebound:SlimeBarrage+1","Slimebound:DisruptingSlam","Slimebound:MinionMaster","Apotheosis+1","Slimebound:GoopSpray+1","Slimebound:SplitMire","Slimebound:MegaLick"],"relics":["Slimebound:AbsorbEndCombat","Lantern","CaptainsWheel","downfall:HeartBlessingRed","Strawberry","Simple Rune","downfall:HeartBlessingGreen","downfall:HeartBlessingBlue","Replay:Ancient Bell","Replay:Wax Seal","White Beast Statue","Pondfish Scales","Replay:Bottled Snecko","Replay:Rubber Ducky","Darkstone Periapt","aspiration:Nostalgia","Sizzling Blood","sneckomod:BabySnecko","Slimebound:TarBlob","Centennial Puzzle","Bottled Flame","TheAbacus","Replay:Mystery Machine","ReplayTheSpireMod:Shallot"],"acts_visited":["Exordium","TheCity","TheBeyond","TheEnding"],"potions_floor_usage":[52,52,52],"damage_taken":[{"damage":4.0,"enemies":"Cultist","floor":2.0,"turns":3.0},{"damage":5.0,"enemies":"Jaw Worm","floor":8.0,"turns":3.0},{"damage":8.0,"enemies":"Lagavulin","floor":9.0,"turns":7.0},{"damage":0.0,"enemies":"2 Louse","floor":10.0,"turns":1.0},{"damage":2.0,"enemies":"Lots of Slimes","floor":11.0,"turns":1.0},{"damage":9.0,"enemies":"Gremlin Nob","floor":12.0,"turns":4.0},{"damage":4.0,"enemies":"3 Louse","floor":15.0,"turns":1.0},{"damage":31.0,"enemies":"WA_ARCHETYPE_RETAIN","floor":16.0,"turns":6.0},{"damage":8.0,"enemies":"Shell Parasite","floor":19.0,"turns":4.0},{"damage":0.0,"enemies":"Chosen","floor":20.0,"turns":1.0},{"damage":12.0,"enemies":"Snake Plant","floor":21.0,"turns":4.0},{"damage":3.0,"enemies":"Chosen and Byrds","floor":22.0,"turns":6.0},{"damage":27.0,"enemies":"Gremlin Leader","floor":23.0,"turns":5.0},{"damage":0.0,"enemies":"Centurion and Healer","floor":26.0,"turns":7.0},{"damage":32.0,"enemies":"3 Cultists","floor":28.0,"turns":7.0},{"damage":0.0,"enemies":"Cultist and Chosen","floor":30.0,"turns":5.0},{"damage":10.0,"enemies":"Centurion and Healer","floor":32.0,"turns":6.0},{"damage":60.0,"enemies":"SI_MIRROR_ARCHETYPE","floor":33.0,"turns":12.0},{"damage":8.0,"enemies":"3 Darklings","floor":38.0,"turns":5.0},{"damage":0.0,"enemies":"3 Shapes","floor":39.0,"turns":3.0},{"damage":0.0,"enemies":"3 Darklings","floor":40.0,"turns":6.0},{"damage":53.0,"enemies":"Giant Head","floor":42.0,"turns":9.0},{"damage":21.0,"enemies":"Jaw Worm Horde","floor":44.0,"turns":7.0},{"damage":23.0,"enemies":"R_Hoarder","floor":46.0,"turns":10.0},{"damage":2.0,"enemies":"downfall:FleeingMerchant","floor":48.0,"turns":4.0},{"damage":6.0,"enemies":"Spire Growth","floor":51.0,"turns":5.0},{"damage":93,"enemies":"IC_BLOCK_ARCHETYPE","floor":52,"turns":16},{"damage":173,"enemies":"downfall:CharBossMerchant","floor":54,"turns":11}],"seed_played":"-4096596975446338487","potions_obtained":[{"floor":2.0,"key":"SteroidPotion"},{"floor":3.0,"key":"SkillPotion"},{"floor":3.0,"key":"Ancient Potion"},{"floor":12.0,"key":"Fire Potion"},{"floor":15.0,"key":"champ:CounterPotion"},{"floor":16.0,"key":"Fire Potion"},{"floor":19.0,"key":"BlessingOfTheForge"},{"floor":20.0,"key":"SneckoOil"},{"floor":21.0,"key":"Energy Potion"},{"floor":22.0,"key":"Fire Potion"},{"floor":23.0,"key":"Dexterity Potion"},{"floor":26.0,"key":"Weak Potion"},{"floor":28.0,"key":"SmokeBomb"},{"floor":30.0,"key":"Fire Potion"},{"floor":32.0,"key":"AttackPotion"},{"floor":33.0,"key":"Dexterity Potion"},{"floor":38.0,"key":"Adrenaline Potion"},{"floor":39.0,"key":"Weak Potion"},{"floor":40.0,"key":"Slimebound:ThreeZeroPotion"},{"floor":42.0,"key":"FearPotion"},{"floor":44.0,"key":"champ:CounterPotion"},{"floor":46.0,"key":"SkillPotion"}],"is_trial":false,"path_per_floor":["R_BF","M","?","?","?","R","T","M","E","M","M","E","R","?","M","B",null,"R","M","M","M","M","E","T","?","M","R","M","?","M","?","M","B",null,"PTL","PTL","PTL","M","M","M","?","E","T","M","R","E","R","$","T","?","M","B",null,"E"],"character_chosen":"SLIMEBOUND","items_purchased":["aspiration:Nostalgia","TheAbacus","Apotheosis"],"campfire_rested":0,"item_purchase_floors":[27,45,45],"current_hp_per_floor":[65,65,65,65,58,58,58,57,64,68,72,65,75,75,75,52,82,82,80,80,72,77,58,58,93,109,113,93,99,119,125,133,77,133,133,133,133,133,133,133,133,84,84,73,73,97,97,111,111,111,117,66,133,0,0,0],"gold":83,"neow_bonus":"RANDOM_COLORLESS","is_daily":false,"chose_seed":false,"campfire_upgraded":4,"win_rate":0.0,"timestamp":1611737908,"path_taken":["R_BF","M","?","?","?","R","T","M","E","M","M","E","R","?","M","BOSS","R","M","M","M","?","E","T","?","M","R","M","?","M","?","M","BOSS","PTL","PTL","PTL","M","M","M","?","E","T","M","R","E","R","$","?","?","M","BOSS","E"],"items_purchased_type":["Relic","Relic","Card"],"build_version":"2020-12-22","purchased_purges":3,"victory":false,"max_hp_per_floor":[65,65,65,65,65,65,65,65,72,72,72,72,82,82,82,82,82,82,82,82,82,82,82,82,117,117,121,121,127,127,133,133,133,133,133,133,133,133,133,133,133,133,133,133,133,133,133,133,133,133,133,133,133,133,133,133],"card_choices":[{"not_picked":["Discovery","ReplayTheSpireMod:Uncanny Aura"],"picked":"Dramatic Entrance","floor":0.0},{"not_picked":["Slimebound:Prepare","Slimebound:SplitBruiser"],"picked":"Slimebound:Schlurp","floor":2.0},{"not_picked":["Slimebound:ComboTackle","Slimebound:ProtectTheBoss"],"picked":"Slimebound:LevelUp","floor":3.0},{"not_picked":["Slimebound:FinishingTackle","Slimebound:BestDefense"],"picked":"Slimebound:SplitLeeching","floor":8.0},{"not_picked":["Slimebound:Prepare","Slimebound:Chomp"],"picked":"Slimebound:LeechingTouch","floor":9.0},{"not_picked":["Slimebound:FinishingTackle","Slimebound:Nibble"],"picked":"Slimebound:SplitMire","floor":10.0},{"not_picked":["Slimebound:LevelUp","Slimebound:Teamwork"],"picked":"Slimebound:SplitMire","floor":11.0},{"not_picked":["Slimebound:RollThrough","Slimebound:ComboTackle"],"picked":"Slimebound:Repurpose","floor":12.0},{"not_picked":["Slimebound:LivingWall","Slimebound:Schlurp"],"picked":"Slimebound:SamplingLick","floor":15.0},{"not_picked":["Slimebound:DouseInSlime","Slimebound:RallyTheTroops"],"picked":"Slimebound:SelfFormingGoo","floor":16.0},{"not_picked":["downfall:Aged","Amnesia"],"picked":"Writhe","floor":17.0},{"not_picked":["downfall:Bewildered","ReplayTheSpireMod:Faulty Equipment"],"picked":"Injury","floor":17.0},{"not_picked":["ReplayTheSpireMod:Doomed","Overencumbered"],"picked":"TheSimpletonMod:Nettles","floor":17.0},{"not_picked":["Slimebound:Chomp+1","Slimebound:SlimeSpikes+1"],"picked":"Slimebound:ProtectTheBoss+1","floor":19.0},{"not_picked":["Slimebound:GrowthPunch","Slimebound:Schlurp"],"picked":"Slimebound:GoopSpray","floor":20.0},{"not_picked":["Slimebound:SlimeSpikes","Slimebound:SamplingLick+1"],"picked":"Slimebound:LeechingTouch","floor":21.0},{"not_picked":["Slimebound:HauntingLick","Slimebound:ViciousTackle"],"picked":"Slimebound:LeechEnergy+1","floor":22.0},{"not_picked":["Slimebound:FormOfPuddle","Slimebound:ViciousTackle"],"picked":"Slimebound:Equalize","floor":23.0},{"not_picked":["Slimebound:SlimeTap","Slimebound:Schlurp"],"picked":"Slimebound:GoopSpray","floor":26.0},{"not_picked":["Slimebound:SlimeSpikes","Slimebound:Prepare"],"picked":"Slimebound:GrowthPunch+1","floor":28.0},{"not_picked":["Slimebound:SplitMire","Slimebound:WasteNot"],"picked":"Slimebound:PressTheAttack+1","floor":30.0},{"not_picked":["Slimebound:SplitLeeching","Slimebound:ViciousTackle","Slimebound:PressTheAttack"],"picked":"SKIP","floor":32.0},{"not_picked":["Slimebound:Teamwork","Slimebound:OneTwoCombo"],"picked":"Slimebound:LeechLife","floor":33.0},{"not_picked":["Slimebound:SplitMire+1","Slimebound:LivingWall"],"picked":"Slimebound:GoopSpray+1","floor":38.0},{"not_picked":["Slimebound:Nibble+1","Slimebound:SlimeSpikes"],"picked":"Slimebound:SlimeBarrage+1","floor":39.0},{"not_picked":["Slimebound:SlimeSpikes+1","Slimebound:ItLooksTasty"],"picked":"Slimebound:DisruptingSlam","floor":40.0},{"not_picked":["Slimebound:OneTwoCombo","Slimebound:SlimeSpikes+1"],"picked":"Slimebound:MinionMaster","floor":42.0},{"not_picked":["Slimebound:FormOfPuddle","Slimebound:SplitAcid+1","Slimebound:PressTheAttack+1"],"picked":"SKIP","floor":44.0},{"not_picked":["Slimebound:LivingWall+1","Slimebound:FormOfPuddle"],"picked":"Slimebound:GoopSpray+1","floor":46.0},{"not_picked":["Slimebound:PressTheAttack+1","Slimebound:SplitBruiser+1"],"picked":"Slimebound:SplitMire","floor":48.0},{"not_picked":["Slimebound:SplitLeeching+1","Slimebound:SplitBruiser+1"],"picked":"Slimebound:MegaLick","floor":51.0}],"player_experience":97797,"relics_obtained":[{"floor":3.0,"key":"Lantern"},{"floor":9.0,"key":"Strawberry"},{"floor":12.0,"key":"Simple Rune"},{"floor":23.0,"key":"Replay:Bottled Snecko"},{"floor":24.0,"key":"Replay:Rubber Ducky"},{"floor":42.0,"key":"Centennial Puzzle"},{"floor":43.0,"key":"Bottled Flame"},{"floor":46.0,"key":"Replay:Mystery Machine"},{"floor":49.0,"key":"ReplayTheSpireMod:Shallot"}],"event_choices":[{"damage_healed":0.0,"max_hp_gain":0.0,"max_hp_loss":0.0,"gold_gain":0.0,"event_name":"Scrap Ooze","player_choice":"Success","floor":5.0,"gold_loss":0.0,"damage_taken":7.0,"relics_obtained":["CaptainsWheel"]},{"damage_healed":0.0,"max_hp_gain":0.0,"max_hp_loss":0.0,"gold_gain":0.0,"event_name":"Accursed Blacksmith","player_choice":"Forge","floor":50.0,"gold_loss":0.0,"damage_taken":0.0,"cards_upgraded":["Apotheosis"]}],"is_beta":false,"boss_relics":[{"not_picked":["Slimebound:AbsorbEndCombatUpgraded","Replay:Wanted Poster"],"picked":"Replay:Ancient Bell"},{"not_picked":["Gremlin Food","Regal Pillow"],"picked":"Replay:Wax Seal"},{"not_picked":["InkBottle","Onion Ring"],"picked":"White Beast Statue"},{"not_picked":["Pocketwatch","Turnip"],"picked":"Pondfish Scales"},{"not_picked":["Runic Dome","Calling Bell"],"picked":"Slimebound:TarBlob"}],"items_purged_floors":[27,27,45],"is_endless":false,"potions_floor_spawned":[2,12,15,16,19,20,21,22,23,26,28,30,32,33,38,39,40,42,44,46,48,51],"killed_by":"downfall:CharBossMerchant","ascension_level":0}}