{"host":"san3zorndfes7b27","time":1611714036,"event":{"mods":["BaseMod","Colored Map","Minty Spire (QoL Compilation)","Relic Stats","StSLib"],"gold_per_floor":[119,194,194,209,225,225,268,268,268,302,216,87,87,128,128,247,247,272,291,291,49,49,49,15,54,81,95,113,113,113,138,138,264,264,285,308,308,0,56,56,100,100,100,100,134,134,170,189,189,189,189,189,25,66,66],"floor_reached":56,"language":"ENG","playtime":6580,"items_purged":["Strike_G","Strike_G","Dagger Spray"],"score":1913,"play_id":"2e08fd9c-be0c-41ed-8578-69755f4dc9d2","local_time":"20210126212036","is_ascension_mode":true,"campfire_choices":[{"data":"Deadly Poison","floor":6.0,"key":"SMITH"},{"floor":13.0,"key":"REST"},{"data":"Cloak And Dagger","floor":15.0,"key":"SMITH"},{"floor":23.0,"key":"REST"},{"floor":30.0,"key":"REST"},{"data":"Strike_G","floor":32.0,"key":"PURGE"},{"floor":40.0,"key":"REST"},{"data":"Accuracy","floor":42,"key":"SMITH"},{"floor":46,"key":"RECALL"},{"data":"Prepared","floor":49,"key":"SMITH"},{"data":"Survivor","floor":52,"key":"SMITH"}],"circlet_count":0,"master_deck":["AscendersBane","Defend_G","Defend_G","Defend_G","Defend_G+1","Defend_G","Survivor+1","Neutralize+1","Dagger Throw+1","Deadly Poison+1","Poisoned Stab+1","Endless Agony+1","Accuracy+1","Blade Dance","Cloak And Dagger+1","Accuracy","Corpse Explosion","Deflect","PiercingWail","Noxious Fumes","Terror","Prepared+1","Calculated Gamble+1","Sucker Punch","Flying Knee","Bullet Time","Venomology","Noxious Fumes+1","PiercingWail+1","Blade Dance","PiercingWail","Footwork+1","Concentrate+1","Leg Sweep+1","Backflip","Finisher"],"relics":["Ring of the Snake","Golden Idol","Pen Nib","StrikeDummy","Bag of Preparation","Peace Pipe","Runic Pyramid","Mummified Hand","Bird Faced Urn","Dream Catcher","WristBlade","Membership Card","Potion Belt","TungstenRod","Eternal Feather","Bottled Lightning","Whetstone","Happy Flower","Centennial Puzzle"],"acts_visited":["Exordium","TheCity","TheBeyond","TheEnding"],"potions_floor_usage":[45,47,48,54,55,55,55,55,55,55],"damage_taken":[{"damage":0.0,"enemies":"Cultist","floor":1.0,"turns":4.0},{"damage":0.0,"enemies":"2 Louse","floor":4.0,"turns":4.0},{"damage":6.0,"enemies":"Small Slimes","floor":5.0,"turns":4.0},{"damage":5.0,"enemies":"Gremlin Nob","floor":7.0,"turns":3.0},{"damage":24.0,"enemies":"3 Sentries","floor":10.0,"turns":7.0},{"damage":10.0,"enemies":"Lagavulin","floor":14.0,"turns":7.0},{"damage":0.0,"enemies":"Slime Boss","floor":16.0,"turns":5.0},{"damage":25.0,"enemies":"Shell Parasite","floor":18.0,"turns":6.0},{"damage":0.0,"enemies":"Chosen","floor":19.0,"turns":5.0},{"damage":23.0,"enemies":"Gremlin Leader","floor":25.0,"turns":6.0},{"damage":0.0,"enemies":"3 Cultists","floor":27.0,"turns":2.0},{"damage":10.0,"enemies":"Centurion and Healer","floor":28.0,"turns":6.0},{"damage":5.0,"enemies":"Snecko","floor":31.0,"turns":4.0},{"damage":25.0,"enemies":"Automaton","floor":33.0,"turns":8.0},{"damage":4.0,"enemies":"3 Darklings","floor":35.0,"turns":2.0},{"damage":7.0,"enemies":"3 Shapes","floor":36.0,"turns":3.0},{"damage":51.0,"enemies":"2 Orb Walkers","floor":39.0,"turns":6.0},{"damage":0.0,"enemies":"Reptomancer","floor":41.0,"turns":6.0},{"damage":0,"enemies":"Nemesis","floor":45,"turns":5},{"damage":26,"enemies":"Giant Head","floor":47,"turns":8},{"damage":0,"enemies":"Sphere and 2 Shapes","floor":48,"turns":4},{"damage":51,"enemies":"Donu and Deca","floor":50,"turns":6},{"damage":0,"enemies":"Shield and Spear","floor":54,"turns":3},{"damage":80,"enemies":"The Heart","floor":55,"turns":9}],"seed_played":"824914484309188800","potions_obtained":[{"floor":0.0,"key":"EntropicBrew"},{"floor":0.0,"key":"DuplicationPotion"},{"floor":0.0,"key":"DistilledChaos"},{"floor":28.0,"key":"Poison Potion"},{"floor":31.0,"key":"Ancient Potion"},{"floor":41,"key":"Explosive Potion"},{"floor":47,"key":"CunningPotion"},{"floor":54,"key":"LiquidMemories"}],"is_trial":false,"path_per_floor":["M","?","?","M","M","R","E","?","T","E","$","$","R","E","R","B",null,"M","M","?","$","$","R","$","E","T","M","M","?","R","M","R","B",null,"M","M","?","$","?","R","E","R","T","?","E","R","E","M","R","B",null,"R","$","E","B",null],"character_chosen":"THE_SILENT","items_purchased":["Accuracy","Blade Dance","Cloak And Dagger","Mummified Hand","Noxious Fumes","Membership Card","Potion Belt","Blade Dance","PiercingWail","Backflip","Happy Flower"],"campfire_rested":4,"item_purchase_floors":[11,11,12,21,24,38,38,38,38,53,53],"current_hp_per_floor":[63,52,52,52,46,46,41,28,28,4,4,4,23,13,13,13,52,27,27,27,27,27,46,46,23,23,27,23,23,42,41,41,22,54,54,55,55,55,12,30,40,58,58,58,62,62,38,48,62,19,51,62,62,62,16],"gold":66,"neow_bonus":"THREE_SMALL_POTIONS","is_daily":false,"chose_seed":false,"campfire_upgraded":5,"win_rate":0.0,"timestamp":1611714036,"path_taken":["M","?","?","M","M","R","E","?","T","E","?","$","R","E","R","BOSS","M","M","?","?","$","R","$","E","T","M","?","?","R","M","R","BOSS","M","M","?","$","?","R","E","R","T","?","E","R","E","M","R","BOSS","R","$","E","BOSS"],"items_purchased_type":["Card","Card","Card","Relic","Card","Relic","Relic","Card","Card","Card","Relic"],"build_version":"2020-12-22","purchased_purges":3,"victory":true,"max_hp_per_floor":[70,70,65,65,65,65,65,65,65,65,65,65,65,65,65,65,65,65,65,65,65,65,65,65,65,65,65,65,65,65,65,65,65,65,65,65,62,62,62,62,62,62,62,62,62,62,62,62,62,62,62,62,62,62,62],"relic_stats":{"Happy Flower":[4],"counters":[24,123],"Golden Idol":222,"Eternal Feather":43,"Pen Nib":[28],"Bag of Preparation":[39],"Whetstone":["Endless Agony","Poisoned Stab"],"Peace Pipe":1,"Dream Catcher":2,"Centennial Puzzle":[3],"Mummified Hand":[50],"Bird Faced Urn":[80],"obtain_stats":[{"Potion Belt":38,"Happy Flower":53,"Golden Idol":3,"Eternal Feather":41,"Pen Nib":7,"Bag of Preparation":10,"Whetstone":47,"Peace Pipe":14,"Dream Catcher":26,"Centennial Puzzle":54,"WristBlade":34,"Mummified Hand":21,"Bird Faced Urn":25,"Membership Card":38,"Bottled Lightning":45,"StrikeDummy":9,"TungstenRod":39,"Ring of the Snake":0,"Runic Pyramid":17},{"Potion Belt":16,"Happy Flower":22,"Golden Idol":1,"Eternal Feather":18,"Pen Nib":4,"Bag of Preparation":5,"Whetstone":20,"Peace Pipe":6,"Dream Catcher":10,"Centennial Puzzle":23,"WristBlade":14,"Mummified Hand":9,"Bird Faced Urn":10,"Membership Card":16,"Bottled Lightning":19,"StrikeDummy":4,"TungstenRod":17,"Ring of the Snake":0,"Runic Pyramid":7},{"Potion Belt":76,"Happy Flower":111,"Golden Idol":4,"Eternal Feather":88,"Pen Nib":15,"Bag of Preparation":22,"Whetstone":101,"Peace Pipe":29,"Dream Catcher":51,"Centennial Puzzle":114,"WristBlade":71,"Mummified Hand":45,"Bird Faced Urn":51,"Membership Card":76,"Bottled Lightning":93,"StrikeDummy":15,"TungstenRod":82,"Ring of the Snake":0,"Runic Pyramid":34}],"TungstenRod":49,"Ring of the Snake":[49]},"card_choices":[{"not_picked":["Catalyst","Prepared"],"picked":"Dagger Throw","floor":1.0},{"not_picked":["Dodge and Roll","Slice"],"picked":"Deadly Poison","floor":4.0},{"not_picked":["Acrobatics","Night Terror"],"picked":"Dagger Spray","floor":5.0},{"not_picked":["Flechettes","Heel Hook"],"picked":"Poisoned Stab","floor":7.0},{"not_picked":["Flying Knee","Flechettes"],"picked":"Endless Agony","floor":10.0},{"not_picked":["Acrobatics","Calculated Gamble"],"picked":"Accuracy","floor":14.0},{"not_picked":["Night Terror","Glass Knife"],"picked":"Corpse Explosion","floor":16.0},{"not_picked":["Accuracy+1","Bane+1"],"picked":"Deflect","floor":18.0},{"not_picked":["Deadly Poison","Dodge and Roll+1"],"picked":"PiercingWail","floor":19.0},{"not_picked":["Die Die Die","Dagger Throw"],"picked":"Terror","floor":25.0},{"not_picked":["Cloak And Dagger","Bane"],"picked":"Prepared","floor":27.0},{"not_picked":["Caltrops","PiercingWail"],"picked":"Calculated Gamble+1","floor":28.0},{"not_picked":["Bane","Quick Slash"],"picked":"Bullet Time","floor":30.0},{"not_picked":["Dagger Spray","Sucker Punch","Acrobatics"],"picked":"SKIP","floor":31.0},{"not_picked":["Storm of Steel","Grand Finale"],"picked":"Venomology","floor":33.0},{"not_picked":["All Out Attack","Crippling Poison+1"],"picked":"Noxious Fumes+1","floor":35.0},{"not_picked":["Slice","Dodge and Roll"],"picked":"PiercingWail+1","floor":36.0},{"not_picked":["Outmaneuver+1","Slice+1"],"picked":"Footwork+1","floor":39.0},{"not_picked":["Slice","Bane+1"],"picked":"Concentrate+1","floor":41},{"not_picked":["Tactician","Accuracy+1"],"picked":"Leg Sweep+1","floor":45},{"not_picked":["Deadly Poison","Outmaneuver","Prepared"],"picked":"SKIP","floor":47},{"not_picked":["Bullet Time","Bouncing Flask","Bane+1"],"picked":"SKIP","floor":48},{"not_picked":["Calculated Gamble+1","Dagger Spray"],"picked":"Finisher","floor":54}],"player_experience":1510630,"relics_obtained":[{"floor":7.0,"key":"Pen Nib"},{"floor":9.0,"key":"StrikeDummy"},{"floor":10.0,"key":"Bag of Preparation"},{"floor":14.0,"key":"Peace Pipe"},{"floor":25.0,"key":"Bird Faced Urn"},{"floor":26.0,"key":"Dream Catcher"},{"floor":39.0,"key":"TungstenRod"},{"floor":41,"key":"Eternal Feather"},{"floor":45,"key":"Bottled Lightning"},{"floor":47,"key":"Whetstone"},{"floor":54,"key":"Centennial Puzzle"}],"event_choices":[{"damage_healed":0.0,"max_hp_gain":0.0,"max_hp_loss":0.0,"gold_gain":75.0,"event_name":"World of Goop","player_choice":"Gather Gold","floor":2.0,"gold_loss":0.0,"damage_taken":11.0},{"damage_healed":0.0,"max_hp_gain":0.0,"max_hp_loss":5.0,"gold_gain":0.0,"event_name":"Golden Idol","player_choice":"Lose Max HP","floor":3.0,"gold_loss":0.0,"damage_taken":0.0,"relics_obtained":["Golden Idol"]},{"damage_healed":0.0,"max_hp_gain":0.0,"max_hp_loss":0.0,"gold_gain":0.0,"event_name":"Shining Light","player_choice":"Entered Light","floor":8.0,"gold_loss":0.0,"damage_taken":13.0,"cards_upgraded":["Dagger Throw","Defend_G"]},{"damage_healed":0.0,"max_hp_gain":0.0,"max_hp_loss":0.0,"gold_gain":0.0,"event_name":"Upgrade Shrine","player_choice":"Upgraded","floor":20.0,"gold_loss":0.0,"damage_taken":0.0,"cards_upgraded":["Neutralize"]},{"damage_healed":0.0,"max_hp_gain":0.0,"max_hp_loss":0.0,"gold_gain":0.0,"cards_transformed":["Strike_G","Strike_G"],"event_name":"Drug Dealer","player_choice":"Became Test Subject","floor":29.0,"gold_loss":0.0,"damage_taken":0.0,"cards_obtained":["Sucker Punch","Flying Knee"]},{"damage_healed":0.0,"max_hp_gain":0.0,"max_hp_loss":3.0,"gold_gain":0.0,"event_name":"Winding Halls","player_choice":"Max HP","floor":37.0,"gold_loss":0.0,"damage_taken":0.0},{"damage_healed":0.0,"max_hp_gain":0.0,"max_hp_loss":0.0,"gold_gain":0.0,"event_name":"Mysterious Sphere","player_choice":"Fight","floor":39.0,"gold_loss":0.0,"damage_taken":0.0},{"damage_healed":0,"gold_gain":0,"player_choice":"Ignored","damage_taken":0,"max_hp_gain":0,"max_hp_loss":0,"event_name":"Tomb of Lord Red Mask","floor":44,"gold_loss":0}],"is_beta":false,"boss_relics":[{"not_picked":["SacredBark","Sozu"],"picked":"Runic Pyramid"},{"not_picked":["Calling Bell","Tiny House"],"picked":"WristBlade"}],"items_purged_floors":[12,38,53],"is_endless":false,"potions_floor_spawned":[5,10,14,28,31,33,36,41,47,54],"ascension_level":10}}