{"host":"7jl4uf745pjtflnx","time":1611786809,"event":{"mods":["BaseMod","BetterRewards","Hubris","Minty Spire (QoL Compilation)","Replay The Spire","StSLib","SuperFastMode","The Construct"],"gold_per_floor":[116,131,148,148,163,197,197,197,197,197,244,244,244,260,271,346,346,425,425,443,462,462,479,499,499,499,499,499,528,56,66,99,79,79,153,153,163,39,53,68,80,80,109,109,109,141,141,141,156,188,199,23,23,23,23,23,6,35,35],"floor_reached":60,"language":"ENG","playtime":2287,"items_purged":["Strike_B","Strike_B","Strike_B","Strike_B"],"score":2930,"play_id":"204bac0f-5c07-4363-9625-4de54bd37e64","local_time":"20210127173329","is_ascension_mode":true,"campfire_choices":[{"floor":7,"key":"REST"},{"data":"hubris:EnhanceAbility","floor":10,"key":"SMITH"},{"data":"Defragment","floor":12,"key":"SMITH"},{"data":"ReplayTheSpireMod:Calculation Training","floor":17,"key":"SMITH"},{"data":"Creative AI","floor":25,"key":"SMITH"},{"floor":27,"key":"RECALL"},{"data":"Mayhem","floor":34,"key":"SMITH"},{"data":"Storm","floor":42,"key":"SMITH"},{"data":"Capacitor","floor":44,"key":"SMITH"},{"data":"Defragment","floor":53,"key":"SMITH"},{"data":"hubris:PowerSurge","floor":56,"key":"SMITH"}],"circlet_count":0,"master_deck":["AscendersBane","Defend_B","Defend_B","Defend_B","Defend_B","Zap","Dualcast","Defragment+1","Coolheaded+1","Barrage","ReplayTheSpireMod:Calculation Training+1","ReplayTheSpireMod:Calculation Training","Glacier","Hello World","hubris:EnhanceAbility+1","Defragment+1","Heatsinks","Chill","Coolheaded+1","Gash","Tempest","FTL","Creative AI+1","hubris:PowerSurge+1","RitualDagger","Force Field","Streamline+1","Mayhem+1","Defragment+1","Bandage Up","Creative AI","Ball Lightning","Storm+1","Capacitor+1","Double Energy","Defragment","Static Discharge"],"relics":["Cracked Core","Replay:Rubber Ducky","construct:FoamFinger","Omamori","ReplayTheSpireMod:CursedCoin","FossilizedHelix","hubris:BallOfYels","Replay:Mystery Machine","Busted Crown","Replay:Bottled Eggs","hubris:ToyBattleship","Vajra","SlaversCollar","Pen Nib","Happy Flower","Bronze Scales","Membership Card","Lantern"],"acts_visited":["Exordium","TheCity","TheBeyond","TheEnding"],"potions_floor_usage":[3,3,3,37,39,40,59],"damage_taken":[{"damage":0,"enemies":"Cultist","floor":1,"turns":4},{"damage":0,"enemies":"2 Louse","floor":2,"turns":3},{"damage":0,"enemies":"Small Slimes","floor":3,"turns":3},{"damage":0,"enemies":"Blue Slaver","floor":5,"turns":4},{"damage":0,"enemies":"Gremlin Nob","floor":6,"turns":6},{"damage":0,"enemies":"Large Slime","floor":14,"turns":5},{"damage":0,"enemies":"Red Slaver","floor":15,"turns":2},{"damage":0,"enemies":"Slime Boss","floor":18,"turns":11},{"damage":0,"enemies":"2 Thieves","floor":20,"turns":3},{"damage":0,"enemies":"Shell Parasite","floor":21,"turns":6},{"damage":0,"enemies":"Snecko","floor":23,"turns":5},{"damage":0,"enemies":"Cultist and Chosen","floor":24,"turns":6},{"damage":0,"enemies":"Replay:Snechameleon","floor":29,"turns":5},{"damage":0,"enemies":"Snake Plant","floor":31,"turns":5},{"damage":0,"enemies":"Gremlin Leader","floor":32,"turns":9},{"damage":0,"enemies":"Automaton","floor":35,"turns":8},{"damage":13,"enemies":"3 Shapes","floor":37,"turns":5},{"damage":0,"enemies":"3 Darklings","floor":39,"turns":4},{"damage":3,"enemies":"Jaw Worm Horde","floor":40,"turns":4},{"damage":0,"enemies":"Maw","floor":41,"turns":5},{"damage":0,"enemies":"Nemesis","floor":43,"turns":3},{"damage":0,"enemies":"Reptomancer","floor":46,"turns":3},{"damage":0,"enemies":"Transient","floor":49,"turns":5},{"damage":0,"enemies":"Giant Head","floor":50,"turns":5},{"damage":0,"enemies":"Jaw Worm Horde","floor":51,"turns":3},{"damage":8,"enemies":"hubris:GrandSnecko","floor":54,"turns":5},{"damage":10,"enemies":"Shield and Spear","floor":58,"turns":3},{"damage":86,"enemies":"The Heart","floor":59,"turns":6}],"seed_played":"-2576242014334206999","potions_obtained":[{"floor":1,"key":"Weak Potion"},{"floor":2,"key":"EntropicBrew"},{"floor":14,"key":"SneckoOil"},{"floor":15,"key":"Fire Potion"},{"floor":29,"key":"FairyPotion"},{"floor":33,"key":"PowerPotion"},{"floor":39,"key":"Flashbang"},{"floor":41,"key":"PowerPotion"}],"is_trial":false,"path_per_floor":["M","M","M","?","M","E","R","PTL","PTL","R","T","R","?","M","M","?","R","B",null,"M","M","?","M","M","R","?","R","T","E","$","M","E","?","R","B",null,"M","$","M","M","M","R","E","R","T","E","PTL","PTL","M","E","M","$","R","B",null,"R","$","E","B",null],"character_chosen":"DEFECT","items_purchased":["Defragment","Replay:Rubber Ducky","Coolheaded","Barrage","ReplayTheSpireMod:Calculation Training","construct:FoamFinger","Glacier","Hello World","Omamori","hubris:EnhanceAbility","ReplayTheSpireMod:CursedCoin","Defragment","FossilizedHelix","Mayhem","Defragment","Bandage Up","Storm","Adrenaline Potion","Membership Card","Defragment","Static Discharge"],"campfire_rested":1,"item_purchase_floors":[0,0,0,0,0,0,0,0,0,0,0,0,0,30,30,30,38,38,52,52,57],"current_hp_per_floor":[22,22,22,22,22,22,43,43,43,43,43,43,43,43,43,32,32,32,61,61,61,55,55,55,55,55,55,55,55,55,59,63,63,63,67,70,61,61,65,66,70,70,70,70,70,70,70,70,71,71,71,71,71,63,69,69,69,59,19],"gold":35,"neow_bonus":"","is_daily":false,"chose_seed":false,"campfire_upgraded":9,"win_rate":0.0,"timestamp":1611786809,"path_taken":["M","M","?","?","M","E","R","PTL","PTL","R","T","R","?","?","M","?","R","BOSS","M","M","?","M","M","R","?","R","T","E","$","?","E","?","R","BOSS","M","$","M","M","M","R","E","R","T","E","PTL","PTL","?","E","M","?","R","BOSS","R","$","E","BOSS"],"items_purchased_type":["Card","Relic","Card","Card","Card","Relic","Card","Card","Relic","Card","Relic","Card","Relic","Card","Card","Card","Card","Potion","Relic","Card","Card"],"build_version":"2020-12-22","purchased_purges":4,"victory":true,"max_hp_per_floor":[71,71,71,71,71,71,71,71,71,71,71,71,71,71,71,71,71,71,71,71,71,71,71,71,71,71,71,71,71,71,71,71,71,71,71,71,71,71,71,71,71,71,71,71,71,71,71,71,71,71,71,71,71,71,71,71,71,71,71],"card_choices":[{"not_picked":["Rebound","FTL"],"picked":"Heatsinks","floor":1},{"not_picked":["Conserve Battery","Leap"],"picked":"Chill","floor":2},{"not_picked":["Leap","Crystallizer"],"picked":"Coolheaded","floor":3},{"not_picked":["Thunder Strike","Streamline"],"picked":"Gash","floor":5},{"not_picked":["Streamline","Barrage"],"picked":"Tempest","floor":6},{"not_picked":["Compile Driver","Streamline"],"picked":"FTL","floor":14},{"not_picked":["Barrage","Conserve Battery","Skim"],"picked":"SKIP","floor":15},{"not_picked":["hubris:SpecializedCircuitry","hubris:Prefetch"],"picked":"Creative AI","floor":18},{"not_picked":["Steam"],"picked":"SKIP","floor":20},{"not_picked":[],"picked":"hubris:PowerSurge","floor":21},{"not_picked":["Panic Button"],"picked":"SKIP","floor":23},{"not_picked":["Coolheaded"],"picked":"SKIP","floor":24},{"not_picked":[],"picked":"Streamline+1","floor":29},{"not_picked":["Streamline"],"picked":"SKIP","floor":31},{"not_picked":["Cold Snap"],"picked":"SKIP","floor":32},{"not_picked":[],"picked":"Creative AI","floor":35},{"not_picked":[],"picked":"Ball Lightning","floor":37},{"not_picked":[],"picked":"Capacitor","floor":39},{"not_picked":["Streamline"],"picked":"SKIP","floor":40},{"not_picked":["Ball Lightning"],"picked":"SKIP","floor":41},{"not_picked":["Sweeping Beam+1"],"picked":"SKIP","floor":43},{"not_picked":[],"picked":"Double Energy","floor":46},{"not_picked":["Conserve Battery+1"],"picked":"SKIP","floor":49},{"not_picked":["Streamline"],"picked":"SKIP","floor":50},{"not_picked":["Compile Driver"],"picked":"SKIP","floor":51},{"not_picked":["Meteor Strike"],"picked":"SKIP","floor":58}],"player_experience":727204,"relics_obtained":[{"floor":6,"key":"hubris:BallOfYels"},{"floor":11,"key":"Replay:Mystery Machine"},{"floor":28,"key":"Replay:Bottled Eggs"},{"floor":29,"key":"hubris:ToyBattleship"},{"floor":32,"key":"Vajra"},{"floor":43,"key":"Pen Nib"},{"floor":46,"key":"Happy Flower"},{"floor":50,"key":"Bronze Scales"},{"floor":58,"key":"Lantern"}],"event_choices":[{"damage_healed":0,"gold_gain":0,"player_choice":"Ignored","damage_taken":0,"max_hp_gain":0,"max_hp_loss":0,"event_name":"Shining Light","floor":4,"gold_loss":0},{"damage_healed":0,"gold_gain":0,"player_choice":"Forge","damage_taken":0,"max_hp_gain":0,"max_hp_loss":0,"event_name":"Accursed Blacksmith","floor":13,"gold_loss":0,"cards_upgraded":["Defragment"]},{"damage_healed":0,"gold_gain":75,"player_choice":"Gather Gold","damage_taken":11,"max_hp_gain":0,"max_hp_loss":0,"event_name":"World of Goop","floor":16,"gold_loss":0},{"damage_healed":0,"gold_gain":0,"player_choice":"Joined the Cult","damage_taken":6,"max_hp_gain":0,"max_hp_loss":0,"event_name":"Nest","floor":22,"gold_loss":0,"cards_obtained":["RitualDagger"]},{"damage_healed":0,"gold_gain":0,"player_choice":"1 cards matched","damage_taken":0,"max_hp_gain":0,"max_hp_loss":0,"event_name":"Match and Keep!","floor":26,"gold_loss":0,"cards_obtained":["Force Field"]},{"damage_healed":0,"gold_gain":0,"player_choice":"Bought 1 Potion","damage_taken":0,"max_hp_gain":0,"max_hp_loss":0,"event_name":"The Woman in Blue","floor":33,"gold_loss":0}],"is_beta":false,"boss_relics":[{"not_picked":["hubris:CrackedHourglass","Fusion Hammer"],"picked":"Busted Crown"},{"not_picked":["Coffee Dripper","hubris:RunicObelisk"],"picked":"SlaversCollar"}],"items_purged_floors":[0,0,0,30],"is_endless":false,"potions_floor_spawned":[1,2,14,15,20,23,29,32,39,41,49,51],"ascension_level":15}}