{"host":"6xsbn6ynqlzwllfm","time":1611759366,"event":{"mods":["2.2 Compatiblity","BaseMod","Bestiary","Colored Map","Colored Powertips","Curses Come First","Highlight Path","Keyboard Shortcuts","Minty Spire (QoL Compilation)","Relic Stats","Slay the Relics Exporter","StSLib","SuperFastMode"],"gold_per_floor":[368,383,383,395,75,109,109,144,144,144,161,175,175,190,190,190,190],"floor_reached":16,"language":"ENG","playtime":455,"items_purged":["Strike_R"],"score":224,"play_id":"4a9fa429-c23e-4b6b-9332-acec8802c827","local_time":"20210127095606","is_ascension_mode":true,"campfire_choices":[{"floor":10,"key":"REST"},{"data":"Bash","floor":13,"key":"SMITH"},{"data":"Cleave","floor":15,"key":"SMITH"}],"circlet_count":0,"master_deck":["AscendersBane","Strike_R","Strike_R","Strike_R","Strike_R","Defend_R","Defend_R","Defend_R","Defend_R","Bash+1","Carnage","Rampage","Cleave+1","Headbutt","Shrug It Off","Offering"],"relics":["Burning Blood","Chemical X","Boot","Darkstone Periapt","Omamori","Pen Nib"],"acts_visited":["Exordium"],"potions_floor_usage":[6,6,8,11],"damage_taken":[{"damage":4,"enemies":"Jaw Worm","floor":1,"turns":4},{"damage":3,"enemies":"Small Slimes","floor":2,"turns":4},{"damage":1,"enemies":"Cultist","floor":4,"turns":3},{"damage":30,"enemies":"Lagavulin","floor":6,"turns":6},{"damage":25,"enemies":"3 Sentries","floor":8,"turns":5},{"damage":7,"enemies":"3 Louse","floor":11,"turns":4},{"damage":6,"enemies":"Blue Slaver","floor":12,"turns":2},{"damage":18,"enemies":"Large Slime","floor":14,"turns":3},{"damage":38,"enemies":"Slime Boss","floor":16,"turns":6}],"seed_played":"2480656616341365135","potions_obtained":[{"floor":2,"key":"Swift Potion"},{"floor":6,"key":"Swift Potion"},{"floor":8,"key":"SpeedPotion"}],"is_trial":false,"path_per_floor":["M","M","$","M","$","E","?","E","T","R","M","M","R","M","R","B"],"character_chosen":"IRONCLAD","items_purchased":["Chemical X","DuplicationPotion"],"campfire_rested":1,"item_purchase_floors":[5,5],"current_hp_per_floor":[52,55,55,60,60,36,36,17,17,39,38,38,38,26,26,0,0],"gold":190,"neow_bonus":"TWO_FIFTY_GOLD","is_daily":false,"chose_seed":false,"campfire_upgraded":2,"win_rate":0.0,"timestamp":1611759366,"path_taken":["M","M","$","M","$","E","?","E","T","R","M","M","R","M","R","BOSS"],"items_purchased_type":["Relic","Potion"],"build_version":"2020-12-22","purchased_purges":1,"victory":false,"max_hp_per_floor":[75,75,75,75,75,75,75,75,75,75,75,75,75,75,75,75,75],"relic_stats":{"Darkstone Periapt":0,"counters":[9,37],"Pen Nib":[3],"Chemical X":[1],"Boot":[3],"obtain_stats":[{"Darkstone Periapt":7,"Pen Nib":9,"Omamori":8,"Chemical X":5,"Boot":6,"Burning Blood":0},{"Darkstone Periapt":4,"Pen Nib":5,"Omamori":5,"Chemical X":3,"Boot":4,"Burning Blood":0},{"Darkstone Periapt":17,"Pen Nib":22,"Omamori":22,"Chemical X":11,"Boot":17,"Burning Blood":0}],"Burning Blood":48},"card_choices":[{"not_picked":["Warcry","Cleave"],"picked":"Carnage","floor":1},{"not_picked":["Body Slam","Dropkick"],"picked":"Rampage","floor":2},{"not_picked":["Perfected Strike","Searing Blow"],"picked":"Cleave","floor":4},{"not_picked":["Exhume","Cleave"],"picked":"Headbutt","floor":6},{"not_picked":["Body Slam","Havoc"],"picked":"Shrug It Off","floor":8},{"not_picked":["Anger","Feel No Pain"],"picked":"Offering","floor":11}],"player_experience":1155056,"relics_obtained":[{"floor":6,"key":"Boot"},{"floor":8,"key":"Omamori"},{"floor":9,"key":"Pen Nib"}],"event_choices":[{"damage_healed":0,"gold_gain":0,"player_choice":"Searched \u00272\u0027 times","damage_taken":0,"relics_obtained":["Darkstone Periapt"],"max_hp_gain":0,"max_hp_loss":0,"event_name":"Dead Adventurer","floor":7,"gold_loss":0}],"is_beta":false,"boss_relics":[],"items_purged_floors":[5],"is_endless":false,"potions_floor_spawned":[2,6,8],"killed_by":"Slime Boss","ascension_level":20}}