{"host":"a4ifeplrx8vfq4u5","time":1611789630,"event":{"mods":["BaseMod","Beaked The Cultist","Better Third Choice","Colored Map","Conspire","Downfall","Marisa????????","Minty Spire (QoL Compilation)","Random Character Button","Rare Cards Sparkle","Replay The Spire","StSLib","The Servant 0.9.4"],"gold_per_floor":[116,129,54,64,80,80,80,80,80,91,119,133,33,51,51,149,149,169,185,185,198,233,233,252,177,252,252,268,268,278,153,153,254,254,264,275,286,286,286,286],"floor_reached":39,"language":"ENG","playtime":3026,"items_purged":["Strike_B","Strike_B","Defend_B"],"score":527,"play_id":"cb024583-0eb5-49dd-87a4-5a1ffc1ba4aa","local_time":"20210127232030","is_ascension_mode":false,"campfire_choices":[{"data":"Zap","floor":6,"key":"SMITH"},{"data":"Dualcast","floor":8,"key":"SMITH"},{"data":"Defend_B","floor":15,"key":"SMITH"},{"floor":23,"key":"REST"},{"data":"Defend_B","floor":27,"key":"SMITH"},{"data":"Conserve Battery","floor":29,"key":"SMITH"},{"data":"Auto Shields","floor":32,"key":"SMITH"}],"circlet_count":0,"master_deck":["Defend_B","Defend_B+1","Defend_B+1","Zap+1","Dualcast+1","Gash","Conserve Battery+1","Gash","Ball Lightning+1","Gash","Auto Shields+1","Chill+1","All For One","Genetic Algorithm+1"],"relics":["FrozenCore","Odd Mushroom","BranchBurnRelic","conspire:RunicOctahedron","Red Mask","Question Card"],"acts_visited":["Exordium","TheCity","TheBeyond"],"potions_floor_usage":[5,22,33,39],"damage_taken":[{"damage":0,"enemies":"Jaw Worm","floor":1,"turns":3},{"damage":2,"enemies":"conspire:RoseBush","floor":2,"turns":2},{"damage":7,"enemies":"2 Louse","floor":4,"turns":3},{"damage":1,"enemies":"conspire:2 RoseBushes","floor":5,"turns":5},{"damage":2,"enemies":"Blue Slaver","floor":10,"turns":3},{"damage":21,"enemies":"The Mushroom Lair","floor":11,"turns":5},{"damage":0,"enemies":"2 Fungi Beasts","floor":12,"turns":4},{"damage":5,"enemies":"Exordium Thugs","floor":14,"turns":3},{"damage":19,"enemies":"The Guardian","floor":16,"turns":10},{"damage":10,"enemies":"2 Thieves","floor":18,"turns":4},{"damage":2,"enemies":"Shell Parasite","floor":19,"turns":4},{"damage":9,"enemies":"Cultist and Chosen","floor":21,"turns":6},{"damage":29,"enemies":"Masked Bandits","floor":22,"turns":4},{"damage":13,"enemies":"Snecko","floor":24,"turns":7},{"damage":14,"enemies":"Chosen and Byrds","floor":28,"turns":6},{"damage":6,"enemies":"Snake Plant","floor":30,"turns":4},{"damage":9,"enemies":"Pondfish","floor":33,"turns":10},{"damage":2,"enemies":"3 Darklings","floor":35,"turns":5},{"damage":0,"enemies":"Orb Walker","floor":36,"turns":3},{"damage":0,"enemies":"Transient","floor":37,"turns":5},{"damage":46,"enemies":"4 Shapes","floor":39,"turns":10}],"seed_played":"-8189154462279972661","potions_obtained":[{"floor":4,"key":"LifebloodPotion"},{"floor":10,"key":"PotionOfCapacity"},{"floor":21,"key":"Dexterity Potion"},{"floor":24,"key":"FearPotion"},{"floor":30,"key":"Guardian:BlockOnCardUsePotion"},{"floor":35,"key":"Block Potion"}],"is_trial":false,"path_per_floor":["M","M","$","M","M","R","?","R","T","M","?","M","$","M","R","B",null,"M","M","?","M","?","R","M","?","T","R","M","R","M","$","R","B",null,"M","M","M","?","M"],"character_chosen":"DEFECT","items_purchased":[],"campfire_rested":1,"item_purchase_floors":[],"current_hp_per_floor":[75,73,73,66,65,65,65,65,65,63,42,42,42,37,37,33,75,65,63,49,40,11,35,37,37,37,37,38,38,44,44,44,50,80,78,78,78,78,32,32],"gold":286,"neow_bonus":"REMOVE_CARD","is_daily":false,"chose_seed":false,"campfire_upgraded":6,"win_rate":0.0,"timestamp":1611789630,"path_taken":["M","M","$","M","M","R","?","R","T","M","?","?","$","M","R","BOSS","M","M","?","M","?","R","M","?","T","R","M","R","M","$","R","BOSS","M","M","M","?","M"],"items_purchased_type":[],"build_version":"2020-12-22","purchased_purges":3,"victory":false,"max_hp_per_floor":[75,75,75,75,75,75,75,75,75,75,75,75,75,75,75,75,75,75,75,80,80,80,80,80,80,80,80,80,80,80,80,80,80,80,80,80,80,80,80,80],"card_choices":[{"not_picked":["Streamline","Hologram"],"picked":"Gash","floor":1},{"not_picked":["Sweeping Beam","Skim"],"picked":"Conserve Battery","floor":2},{"not_picked":["Redo","Hologram"],"picked":"Gash","floor":4},{"not_picked":["ReplayTheSpireMod:Dual Polarity","Steam","Coolheaded"],"picked":"SKIP","floor":5},{"not_picked":["Heatsinks","Compile Driver","Coolheaded"],"picked":"SKIP","floor":10},{"not_picked":["Compile Driver","Panic Button","BootSequence"],"picked":"SKIP","floor":12},{"not_picked":["conspire:Rain","BasicCrystalCard"],"picked":"Ball Lightning","floor":14},{"not_picked":["BasicCrystalCard","Stack"],"picked":"Gash","floor":18},{"not_picked":["Scrape","Streamline","Rip and Tear"],"picked":"SKIP","floor":19},{"not_picked":["Rebound","Coolheaded+1"],"picked":"Auto Shields","floor":21},{"not_picked":["ReplayTheSpireMod:Reroute Power","Coolheaded+1","Crystallizer"],"picked":"SKIP","floor":24},{"not_picked":["Rebound+1","ReplayRNGCard","Hologram"],"picked":"Chill+1","floor":28},{"not_picked":["Hologram+1","Rebound+1","Blizzard+1","BootSequence+1"],"picked":"SKIP","floor":30},{"not_picked":["Amplify","Mirror Shield","Meteor Strike"],"picked":"All For One","floor":33},{"not_picked":["Sweeping Beam","Crystallizer+1","Rebound","Steam"],"picked":"SKIP","floor":35},{"not_picked":["Go for the Eyes","Sweeping Beam","Steam+1","Coolheaded"],"picked":"SKIP","floor":36},{"not_picked":["Go for the Eyes","White Noise+1","Crystallizer+1"],"picked":"Genetic Algorithm+1","floor":37}],"player_experience":412341,"relics_obtained":[{"floor":9,"key":"Dead Branch"},{"floor":11,"key":"Odd Mushroom"},{"floor":22,"key":"Red Mask"},{"floor":26,"key":"Question Card"}],"event_choices":[{"damage_healed":0,"gold_gain":0,"player_choice":"Ignored","damage_taken":0,"max_hp_gain":0,"max_hp_loss":0,"event_name":"Golden Idol","floor":7,"gold_loss":0},{"damage_healed":0,"gold_gain":0,"player_choice":"Fought Mushrooms","damage_taken":0,"max_hp_gain":0,"max_hp_loss":0,"event_name":"Mushrooms","floor":11,"gold_loss":0},{"damage_healed":0,"gold_gain":0,"player_choice":"Shed Blood","damage_taken":19,"max_hp_gain":5,"max_hp_loss":0,"event_name":"Forgotten Altar","floor":20,"gold_loss":0},{"damage_healed":0,"gold_gain":0,"player_choice":"Fought Bandits","damage_taken":0,"max_hp_gain":0,"max_hp_loss":0,"event_name":"Masked Bandits","floor":22,"gold_loss":0},{"cards_removed":["Strike_B"],"damage_healed":0,"gold_gain":0,"player_choice":"Gave Gold","damage_taken":0,"max_hp_gain":0,"max_hp_loss":0,"event_name":"Beggar","floor":25,"gold_loss":75},{"damage_healed":0,"gold_gain":0,"player_choice":"Upgraded","damage_taken":0,"max_hp_gain":0,"max_hp_loss":0,"event_name":"Upgrade Shrine","floor":38,"gold_loss":0,"cards_upgraded":["Ball Lightning"]}],"is_beta":false,"boss_relics":[{"not_picked":["Ectoplasm","Calling Bell"],"picked":"conspire:RunicOctahedron"},{"not_picked":["ReplayTheSpireMod:DimensionalGlitch","Black Star"],"picked":"FrozenCore"}],"items_purged_floors":[3,13,31],"is_endless":false,"potions_floor_spawned":[1,4,10,21,24,30,35],"killed_by":"4 Shapes","ascension_level":0}}