{"host":"crmowuwgj9wiiaqp","time":1611784037,"event":{"mods":["BaseMod","Downfall","Minty Spire (QoL Compilation)","StSLib"],"gold_per_floor":[99,113,127,144,144,44,116,127,27,57,69,82,108,18,35,136,136,36,56,71,156,14,44,90,122,122,138,163,179,189,289,306,403,403,403,416,155,172,182,182,182,199,199,209,226,244,244,257,268,268,268,293,54,54,54,54,54,54],"floor_reached":56,"language":"ENG","playtime":8262,"items_purged":["champ:Defend","champ:Defend","champ:FanOfKnives"],"score":804,"play_id":"eb85b76c-78bf-465d-85a7-d4029adbdf34","local_time":"20210127144717","is_ascension_mode":false,"campfire_choices":[{"floor":1,"key":"RECALL"},{"data":"champ:Circumvent","floor":6,"key":"SMITH"},{"data":"champ:Taunt","floor":9,"key":"SMITH"},{"data":"champ:Improvising","floor":18,"key":"SMITH"},{"data":"champ:Improvising","floor":35,"key":"SMITH"},{"data":"champ:StrikeOfGenius","floor":40,"key":"SMITH"},{"data":"champ:ShieldWall","floor":43,"key":"SMITH"},{"data":"champ:Parry","floor":47,"key":"SMITH"},{"floor":54,"key":"REST"}],"circlet_count":0,"master_deck":["champ:Strike","champ:Strike","champ:Strike","champ:Defend","champ:Defend","champ:Execute","champ:Taunt+1","champ:Circumvent+1","champ:DefensiveShout","champ:Endure","champ:SkillfulDodge","champ:TornadoPunch","champ:StrikeOfGenius+1","champ:FlashCut","champ:SetATrap","champ:FlashCut","champ:Improvising+1","champ:Lariat","champ:BringItOn","champ:PreciseThrust","champ:Improvising+1","champ:Lariat+1","J.A.X.","champ:Duel+1","champ:TornadoPunch+1","champ:Backstep+1","champ:Parry+1","champ:FlashCut","champ:TornadoPunch+1","champ:ShieldWall+1","champ:FalseCounter","champ:Circumvent+1","champ:Circumvent"],"relics":["champ:ChampionCrown","downfall:HeartBlessingRed","downfall:HeartBlessingBlue","Pear","champ:DefensiveTrainingManual","Runic Pyramid","downfall:HeartBlessingGreen","Letter Opener","PreservedInsect","MealTicket","Blue Candle","Blood Vial","MutagenicStrength","bronze:MakeshiftBattery","The Courier","Lantern","Bottled Lightning"],"acts_visited":["Exordium","TheCity","TheBeyond","TheEnding"],"potions_floor_usage":[13,23,28,56,56,56],"damage_taken":[{"damage":12,"enemies":"Cultist","floor":2,"turns":4},{"damage":10,"enemies":"Small Slimes","floor":3,"turns":4},{"damage":5,"enemies":"Jaw Worm","floor":4,"turns":5},{"damage":15,"enemies":"2 Fungi Beasts","floor":8,"turns":3},{"damage":41,"enemies":"Lagavulin","floor":10,"turns":8},{"damage":0,"enemies":"Blue Slaver","floor":11,"turns":4},{"damage":0,"enemies":"Exordium Wildlife","floor":12,"turns":3},{"damage":12,"enemies":"Gremlin Nob","floor":13,"turns":3},{"damage":10,"enemies":"downfall:FleeingMerchant","floor":14,"turns":4},{"damage":11,"enemies":"Exordium Thugs","floor":15,"turns":4},{"damage":15,"enemies":"IC_STATUS_ARCHETYPE","floor":16,"turns":6},{"damage":10,"enemies":"Chosen","floor":19,"turns":4},{"damage":10,"enemies":"Shell Parasite","floor":20,"turns":4},{"damage":11,"enemies":"downfall:FleeingMerchant","floor":22,"turns":4},{"damage":0,"enemies":"Slavers","floor":23,"turns":4},{"damage":0,"enemies":"Book of Stabbing","floor":25,"turns":4},{"damage":4,"enemies":"Shelled Parasite and Fungi","floor":27,"turns":3},{"damage":7,"enemies":"Slavers","floor":28,"turns":4},{"damage":10,"enemies":"Snecko","floor":29,"turns":4},{"damage":4,"enemies":"Cultist and Chosen","floor":30,"turns":5},{"damage":17,"enemies":"downfall:Augmenter","floor":31,"turns":6},{"damage":0,"enemies":"3 Cultists","floor":32,"turns":4},{"damage":39,"enemies":"WA_ARCHETYPE_CALM","floor":33,"turns":13},{"damage":13,"enemies":"3 Shapes","floor":36,"turns":4},{"damage":25,"enemies":"downfall:FleeingMerchant","floor":37,"turns":4},{"damage":3,"enemies":"3 Darklings","floor":38,"turns":4},{"damage":21,"enemies":"Sphere and 2 Shapes","floor":39,"turns":4},{"damage":8,"enemies":"Spire Growth","floor":42,"turns":3},{"damage":8,"enemies":"Writhing Mass","floor":44,"turns":5},{"damage":0,"enemies":"3 Darklings","floor":45,"turns":3},{"damage":0,"enemies":"Spire Growth","floor":46,"turns":4},{"damage":24,"enemies":"4 Shapes","floor":48,"turns":4},{"damage":0,"enemies":"Transient","floor":49,"turns":5},{"damage":40,"enemies":"SI_POISON_ARCHETYPE","floor":50,"turns":13},{"damage":50,"enemies":"downfall:CharBossMerchant","floor":52,"turns":8},{"damage":51,"enemies":"downfall:NeowBoss","floor":55,"turns":17},{"damage":84,"enemies":"downfall:NeowBossFinal","floor":56,"turns":8}],"seed_played":"575361095105813760","potions_obtained":[{"floor":3,"key":"SkillPotion"},{"floor":4,"key":"Guardian:BlockOnCardUsePotion"},{"floor":10,"key":"Dexterity Potion"},{"floor":12,"key":"champ:TechniquePotion"},{"floor":13,"key":"LiquidMemories"},{"floor":25,"key":"PowerPotion"},{"floor":27,"key":"ColorlessPotion"},{"floor":29,"key":"sneckomod:MuddlingPotion"},{"floor":33,"key":"LiquidBronze"}],"is_trial":false,"path_per_floor":["R","M","M","M","?","R","T","M","R","E","M","M","E","$","M","B",null,"R","M","M","?","$","E","T","E","?","M","E","M","M","?","M","B",null,"R","M","$","M","M","R","T","M","R","M","M","M","R","M","M","B",null,"E","$","R","B","B"],"character_chosen":"THE_CHAMP","items_purchased":["champ:PreciseThrust","champ:Parry","champ:FlashCut","Bottled Lightning","champ:Circumvent"],"campfire_rested":1,"item_purchase_floors":[22,37,37,53,53],"current_hp_per_floor":[99,97,97,97,97,97,97,92,102,101,101,101,89,89,78,63,119,119,119,119,101,100,100,100,100,100,96,89,91,89,74,76,39,119,119,116,119,116,97,97,97,91,91,85,87,89,89,67,69,31,119,69,84,119,78,0,0,0],"gold":54,"neow_bonus":"TEN_PERCENT_HP_BONUS","is_daily":false,"chose_seed":false,"campfire_upgraded":7,"win_rate":0.0,"timestamp":1611784037,"path_taken":["R","M","M","?","?","R","T","M","R","E","M","M","E","$","M","BOSS","R","M","M","?","$","E","T","E","?","M","E","M","M","?","M","BOSS","R","M","$","M","M","R","T","M","R","M","M","M","R","M","M","BOSS","E","$","R","BOSS","BOSS"],"items_purchased_type":["Card","Card","Card","Relic","Card"],"build_version":"2020-12-22","purchased_purges":3,"victory":false,"max_hp_per_floor":[99,99,99,99,99,99,99,99,109,119,119,119,119,119,119,119,119,119,119,119,119,119,119,119,119,119,119,119,119,119,119,119,119,119,119,119,119,119,119,119,119,119,119,119,119,119,119,119,119,119,119,119,119,119,119,119,119,119],"card_choices":[{"not_picked":["champ:Lariat","champ:GladiatorStyle"],"picked":"champ:Circumvent","floor":2},{"not_picked":["champ:RecklessLeap","champ:EndlessRage"],"picked":"champ:DefensiveShout","floor":3},{"not_picked":["champ:PreciseThrust","champ:Circumvent"],"picked":"champ:Endure","floor":4},{"not_picked":["champ:Duel","champ:CalledShot"],"picked":"champ:SkillfulDodge","floor":8},{"not_picked":["champ:ArenaPreparation","champ:PerfectedStrike"],"picked":"champ:TornadoPunch","floor":10},{"not_picked":["champ:Duel","champ:RapidStrikes"],"picked":"champ:StrikeOfGenius","floor":11},{"not_picked":["champ:BladeFlurry","champ:ShieldSlam"],"picked":"champ:FlashCut","floor":12},{"not_picked":["champ:CrookedStrike","champ:EndlessRage","champ:FancyFootwork"],"picked":"SKIP","floor":13},{"not_picked":["champ:PreciseThrust","champ:IronFortress"],"picked":"champ:SetATrap","floor":14},{"not_picked":["champ:CrownThrow","champ:BerserkersShout"],"picked":"champ:FlashCut","floor":15},{"not_picked":["champ:HoldFirm","champ:HeavySlash"],"picked":"champ:Improvising","floor":16},{"not_picked":["champ:AdrenalArmor","champ:CrownThrow"],"picked":"champ:Lariat","floor":19},{"not_picked":["champ:FocusedBerserking","champ:CrookedStrike"],"picked":"champ:BringItOn","floor":20},{"not_picked":["champ:Shatter","champ:BerserkersShout","champ:Encircle"],"picked":"SKIP","floor":22},{"not_picked":["champ:FanOfKnives+1","champ:GutPunch","champ:Shatter+1"],"picked":"SKIP","floor":23},{"not_picked":["champ:FocusedDefense","champ:LastStand","champ:GladiatorStyle"],"picked":"SKIP","floor":25},{"not_picked":["champ:Shatter+1","champ:CrownThrow","champ:DefensiveShout+1"],"picked":"SKIP","floor":27},{"not_picked":["champ:FanOfKnives","champ:PreciseThrust"],"picked":"champ:Improvising","floor":28},{"not_picked":["champ:CrownThrow","champ:StanceDance","champ:Shatter+1"],"picked":"SKIP","floor":29},{"not_picked":["champ:PerfectedStrike","champ:DeathBlow+1"],"picked":"champ:Lariat+1","floor":30},{"not_picked":[],"picked":"J.A.X.","floor":31},{"not_picked":["champ:BerserkersShout","champ:PreciseThrust+1"],"picked":"champ:Duel+1","floor":32},{"not_picked":["champ:HeartStrike+1","champ:GladiatorStyle+1"],"picked":"champ:TornadoPunch+1","floor":36},{"not_picked":["champ:RecklessLeap+1","champ:Circumvent"],"picked":"champ:Backstep+1","floor":37},{"not_picked":["champ:EndlessRage","champ:StrikeOfGenius"],"picked":"champ:TornadoPunch+1","floor":38},{"not_picked":["champ:PerfectedStrike","champ:Shatter+1","champ:EnGarde+1"],"picked":"SKIP","floor":39},{"not_picked":["champ:EnGarde","champ:Parry+1"],"picked":"champ:ShieldWall","floor":42},{"not_picked":["champ:Duel+1","champ:BringItOn","champ:Parry+1"],"picked":"SKIP","floor":44},{"not_picked":["champ:LastStand","champ:PreciseThrust"],"picked":"champ:FalseCounter","floor":45},{"not_picked":["champ:IronFortress","champ:FanOfKnives","champ:AdrenalArmor"],"picked":"SKIP","floor":46},{"not_picked":["champ:PreemptiveStrike","champ:AdrenalArmor+1","champ:ArenaPreparation+1"],"picked":"SKIP","floor":48},{"not_picked":["champ:BringItOn+1","champ:HeartStrike","champ:Shatter+1"],"picked":"SKIP","floor":49},{"not_picked":["champ:CrownThrow","champ:Parry"],"picked":"champ:Circumvent+1","floor":52}],"player_experience":1360044,"relics_obtained":[{"floor":10,"key":"Pear"},{"floor":13,"key":"champ:DefensiveTrainingManual"},{"floor":23,"key":"Letter Opener"},{"floor":24,"key":"PreservedInsect"},{"floor":25,"key":"MealTicket"},{"floor":28,"key":"Blood Vial"},{"floor":31,"key":"MutagenicStrength"},{"floor":41,"key":"The Courier"},{"floor":52,"key":"Lantern"}],"event_choices":[],"is_beta":false,"boss_relics":[{"not_picked":["Busted Crown","Tiny House"],"picked":"Runic Pyramid"},{"not_picked":["Philosopher\u0027s Stone","Pandora\u0027s Box"],"picked":"bronze:MakeshiftBattery"}],"items_purged_floors":[14,22,37],"is_endless":false,"potions_floor_spawned":[3,4,10,12,13,16,20,25,27,29,33,36,44,46,48],"killed_by":"downfall:NeowBossFinal","ascension_level":0}}