{"host":"f5n4tidiz2n5sooh","time":1611753619,"event":{"mods":["BaseMod","Colored Map","Minty Spire (QoL Compilation)","Relic Stats","Slay the Relics Exporter","StSLib"],"gold_per_floor":[17,36,49,49,65,65,392,404,404,404,423,423,423,384,384,384,384],"floor_reached":16,"language":"ENG","playtime":528,"items_purged":[],"score":204,"play_id":"53c3c794-5c36-4687-abee-484f2437ee8b","local_time":"20210127072019","is_ascension_mode":true,"campfire_choices":[{"floor":6.0,"key":"DIG"},{"floor":10.0,"key":"REST"},{"data":"Defragment","floor":13,"key":"SMITH"},{"floor":15,"key":"DIG"}],"circlet_count":0,"master_deck":["AscendersBane","Strike_B","Strike_B","Strike_B","Defend_B","Defend_B","Defend_B","Defend_B","Zap","Dualcast","Sweeping Beam","Compile Driver","Coolheaded","Compile Driver","Ball Lightning","Defragment+1","Coolheaded"],"relics":["Cracked Core","Shovel","Toy Ornithopter","Old Coin","Gremlin Horn","Eternal Feather"],"acts_visited":["Exordium"],"potions_floor_usage":[16],"damage_taken":[{"damage":7.0,"enemies":"Jaw Worm","floor":1.0,"turns":3.0},{"damage":0.0,"enemies":"Small Slimes","floor":2.0,"turns":2.0},{"damage":3.0,"enemies":"2 Louse","floor":3.0,"turns":3.0},{"damage":10.0,"enemies":"2 Fungi Beasts","floor":5.0,"turns":3.0},{"damage":25.0,"enemies":"3 Sentries","floor":7.0,"turns":8.0},{"damage":14.0,"enemies":"Exordium Wildlife","floor":8.0,"turns":4.0},{"damage":9.0,"enemies":"3 Louse","floor":11.0,"turns":3.0},{"damage":21,"enemies":"Hexaghost","floor":16,"turns":9}],"seed_played":"-5899072752815422565","potions_obtained":[{"floor":1.0,"key":"Block Potion"},{"floor":5.0,"key":"LiquidMemories"}],"is_trial":false,"path_per_floor":["M","M","M","?","M","R","E","M","T","R","M","?","R","?","R","B"],"character_chosen":"DEFECT","items_purchased":[],"campfire_rested":1,"item_purchase_floors":[],"current_hp_per_floor":[57,57,54,47,37,37,17,3,3,24,15,15,15,15,15,0,0],"gold":384,"neow_bonus":"ONE_RARE_RELIC","is_daily":false,"chose_seed":false,"campfire_upgraded":1,"win_rate":0.0,"timestamp":1611753619,"path_taken":["M","M","M","?","M","R","E","M","T","R","M","?","R","?","R","BOSS"],"items_purchased_type":[],"build_version":"2020-12-22","purchased_purges":0,"victory":false,"max_hp_per_floor":[71,71,71,71,71,71,71,71,71,71,71,71,71,71,71,71,71],"relic_stats":{"Shovel":2,"Gremlin Horn":[2,2],"counters":[8,35],"Eternal Feather":0,"obtain_stats":[{"Shovel":0,"Gremlin Horn":9,"Eternal Feather":15,"Cracked Core":0,"Toy Ornithopter":6,"Old Coin":7},{"Shovel":0,"Gremlin Horn":6,"Eternal Feather":7,"Cracked Core":0,"Toy Ornithopter":4,"Old Coin":5},{"Shovel":0,"Gremlin Horn":23,"Eternal Feather":26,"Cracked Core":0,"Toy Ornithopter":11,"Old Coin":19}],"Toy Ornithopter":10},"card_choices":[{"not_picked":["FTL","Streamline"],"picked":"Sweeping Beam","floor":1.0},{"not_picked":["Beam Cell","Capacitor"],"picked":"Compile Driver","floor":2.0},{"not_picked":["Sweeping Beam","Rebound"],"picked":"Coolheaded","floor":3.0},{"not_picked":["Steam","Hologram"],"picked":"Compile Driver","floor":5.0},{"not_picked":["Multi-Cast","Compile Driver"],"picked":"Ball Lightning","floor":7.0},{"not_picked":["Go for the Eyes","Darkness"],"picked":"Defragment","floor":8.0},{"not_picked":["Steam Power","Steam"],"picked":"Coolheaded","floor":11.0}],"player_experience":2035987,"relics_obtained":[{"floor":6.0,"key":"Toy Ornithopter"},{"floor":7.0,"key":"Old Coin"},{"floor":9.0,"key":"Gremlin Horn"},{"floor":15,"key":"Eternal Feather"}],"event_choices":[{"cards_removed":["Strike_B"],"damage_healed":0.0,"max_hp_gain":0.0,"max_hp_loss":0.0,"gold_gain":0.0,"event_name":"Golden Wing","player_choice":"Card Removal","floor":4.0,"gold_loss":0.0,"damage_taken":7.0},{"damage_healed":0,"gold_gain":0,"player_choice":"Searched \u00270\u0027 times","damage_taken":0,"max_hp_gain":0,"max_hp_loss":0,"event_name":"Dead Adventurer","floor":12,"gold_loss":0},{"damage_healed":0,"gold_gain":0,"player_choice":"Left Gold","damage_taken":0,"max_hp_gain":0,"max_hp_loss":0,"event_name":"World of Goop","floor":14,"gold_loss":39}],"is_beta":false,"boss_relics":[],"items_purged_floors":[],"is_endless":false,"potions_floor_spawned":[1,5],"killed_by":"Hexaghost","ascension_level":20}}