{"host":"a1eatafr7pisesky","time":1611738857,"event":{"mods":["AchievementEnabler","BaseMod","Colored Map","Keyboard Shortcuts","Minty Spire (QoL Compilation)","Say the Spire","StSLib","SuperFastMode","everything is the same but u backflip on backflip"],"gold_per_floor":[116,116,70,70,88,88,127,52,125,143,143,183,183,207,207,330,330,354,379,404,204,79,79,113,113,113,113,113,126,126,139,139,270,270,284,304,637,657,757,783,783,803,852,868,868,885,920,939,939,939,939],"floor_reached":50,"language":"KOR","playtime":1139,"items_purged":["Strike_G","Strike_G","Strike_G"],"score":991,"play_id":"6cd595dd-9342-44ef-8e8e-5eeb2c18d1cd","local_time":"20210127181417","is_ascension_mode":true,"campfire_choices":[{"floor":6.0,"key":"REST"},{"data":"Accuracy","floor":11.0,"key":"SMITH"},{"floor":13.0,"key":"REST"},{"data":"Blade Dance","floor":15.0,"key":"SMITH"},{"floor":23.0,"key":"REST"},{"data":"Blade Dance","floor":25.0,"key":"SMITH"},{"data":"Backflip","floor":30.0,"key":"SMITH"},{"data":"PiercingWail","floor":32.0,"key":"SMITH"},{"floor":41.0,"key":"REST"},{"data":"After Image","floor":45.0,"key":"SMITH"},{"floor":49.0,"key":"RECALL"}],"circlet_count":0,"master_deck":["AscendersBane","Defend_G","Defend_G","Survivor","Neutralize","Mayhem","Accuracy+1","Blade Dance+1","All Out Attack","Infinite Blades","Blade Dance+1","Dash","PiercingWail+1","After Image+1","Backflip+1","Crippling Poison+1","Backflip","Backflip+1","After Image","Infinite Blades+1","Quick Slash+1","Deflect+1","Blade Dance+1","Blade Dance+1"],"relics":["Ring of the Snake","TungstenRod","Ninja Scroll","Bag of Marbles","Empty Cage","Gremlin Horn","Blue Candle","MutagenicStrength","Astrolabe","PreservedInsect","Toxic Egg 2"],"acts_visited":["Exordium","TheCity","TheBeyond"],"potions_floor_usage":[50],"damage_taken":[{"damage":4.0,"enemies":"Jaw Worm","floor":1.0,"turns":5.0},{"damage":1.0,"enemies":"Small Slimes","floor":5.0,"turns":4.0},{"damage":20.0,"enemies":"3 Sentries","floor":7.0,"turns":8.0},{"damage":0.0,"enemies":"Cultist","floor":10.0,"turns":1.0},{"damage":25.0,"enemies":"Gremlin Nob","floor":12.0,"turns":4.0},{"damage":0.0,"enemies":"Lots of Slimes","floor":14.0,"turns":1.0},{"damage":0.0,"enemies":"Slime Boss","floor":16.0,"turns":6.0},{"damage":0.0,"enemies":"Shell Parasite","floor":18.0,"turns":1.0},{"damage":16.0,"enemies":"3 Byrds","floor":19.0,"turns":4.0},{"damage":23.0,"enemies":"Shelled Parasite and Fungi","floor":20.0,"turns":6.0},{"damage":9.0,"enemies":"Gremlin Leader","floor":24.0,"turns":5.0},{"damage":0.0,"enemies":"Centurion and Healer","floor":29.0,"turns":4.0},{"damage":0.0,"enemies":"Snake Plant","floor":31.0,"turns":1.0},{"damage":34.0,"enemies":"Collector","floor":33.0,"turns":8.0},{"damage":4.0,"enemies":"3 Shapes","floor":35.0,"turns":2.0},{"damage":4.0,"enemies":"3 Darklings","floor":36.0,"turns":6.0},{"damage":29.0,"enemies":"Spire Growth","floor":38.0,"turns":3.0},{"damage":0.0,"enemies":"Nemesis","floor":40.0,"turns":1.0},{"damage":15.0,"enemies":"Sphere and 2 Shapes","floor":42.0,"turns":6.0},{"damage":6.0,"enemies":"Jaw Worm Horde","floor":44.0,"turns":4.0},{"damage":7.0,"enemies":"4 Shapes","floor":46.0,"turns":4.0},{"damage":4.0,"enemies":"Reptomancer","floor":47.0,"turns":4.0},{"damage":4.0,"enemies":"Maw","floor":48.0,"turns":6.0},{"damage":48,"enemies":"Time Eater","floor":50,"turns":5}],"seed_played":"-4577454054515396281","potions_obtained":[{"floor":7.0,"key":"Fruit Juice"},{"floor":10.0,"key":"Swift Potion"},{"floor":14.0,"key":"Regen Potion"},{"floor":18.0,"key":"Block Potion"},{"floor":35.0,"key":"CultistPotion"},{"floor":38.0,"key":"FairyPotion"}],"is_trial":false,"path_per_floor":["M","?","$","?","M","R","E","$","T","M","R","E","R","M","R","B",null,"M","M","M","$","$","R","E","R","T","?","$","M","R","M","R","B",null,"M","M","?","M","?","E","R","M","T","M","R","M","E","M","R","B"],"character_chosen":"THE_SILENT","items_purchased":["Blade Dance","GhostInAJar"],"campfire_rested":4,"item_purchase_floors":[3,21],"current_hp_per_floor":[41,24,24,24,23,44,24,24,24,24,24,4,26,26,26,26,63,63,47,24,24,24,46,37,37,37,37,37,37,37,37,37,18,61,57,53,53,24,24,24,46,31,31,25,25,18,14,10,10,0,0],"gold":939,"neow_bonus":"RANDOM_COLORLESS_2","is_daily":false,"chose_seed":false,"campfire_upgraded":6,"win_rate":0.0,"timestamp":1611738857,"path_taken":["M","?","$","?","M","R","E","$","T","M","R","E","R","M","R","BOSS","M","M","?","?","$","R","E","R","T","?","$","M","R","M","R","BOSS","M","M","?","M","?","E","R","M","T","M","R","?","E","M","R","BOSS"],"items_purchased_type":["Card","Potion"],"build_version":"2020-12-22","purchased_purges":3,"victory":false,"max_hp_per_floor":[70,70,70,70,70,70,70,70,70,70,70,75,75,75,75,75,75,75,75,75,75,75,75,75,75,75,75,75,75,75,75,75,75,75,75,75,75,75,75,75,75,75,75,75,75,75,75,75,75,75,75],"card_choices":[{"not_picked":["Secret Technique","Magnetism"],"picked":"Mayhem","floor":0.0},{"not_picked":["Deflect","Endless Agony"],"picked":"Accuracy","floor":1.0},{"not_picked":["Dodge and Roll","Slice"],"picked":"All Out Attack","floor":5.0},{"not_picked":["Flying Knee","Bane"],"picked":"Infinite Blades","floor":7.0},{"not_picked":["Deflect","Glass Knife"],"picked":"Blade Dance","floor":10.0},{"not_picked":["Deadly Poison","Sucker Punch"],"picked":"Dash","floor":12.0},{"not_picked":["Quick Slash","Dagger Spray"],"picked":"PiercingWail","floor":14.0},{"not_picked":["Tools of the Trade","Phantasmal Killer"],"picked":"After Image","floor":16.0},{"not_picked":["Dagger Spray","PiercingWail"],"picked":"Backflip","floor":18.0},{"not_picked":["Poisoned Stab","Distraction","Sucker Punch"],"picked":"SKIP","floor":19.0},{"not_picked":["Acrobatics","Dagger Throw+1","Quick Slash"],"picked":"SKIP","floor":20.0},{"not_picked":["Caltrops","Underhanded Strike"],"picked":"Crippling Poison+1","floor":24.0},{"not_picked":["Catalyst","Endless Agony"],"picked":"Backflip","floor":29.0},{"not_picked":["Tools of the Trade","Caltrops+1"],"picked":"Backflip+1","floor":31.0},{"not_picked":["Bullet Time","Wraith Form v2"],"picked":"After Image","floor":33.0},{"not_picked":["Poisoned Stab+1","Endless Agony+1","Setup+1"],"picked":"SKIP","floor":35.0},{"not_picked":["Accuracy","Choke+1"],"picked":"Blade Dance+1","floor":36.0},{"not_picked":["Deflect+1","Quick Slash","Sucker Punch"],"picked":"SKIP","floor":38.0},{"not_picked":["Concentrate+1","Corpse Explosion","Crippling Poison+1"],"picked":"SKIP","floor":40.0},{"not_picked":["Blade Dance","Heel Hook+1","Sucker Punch"],"picked":"SKIP","floor":42.0},{"not_picked":["Dagger Spray+1","Prepared","Deflect+1"],"picked":"SKIP","floor":44.0},{"not_picked":["Cloak And Dagger","Catalyst+1"],"picked":"Blade Dance+1","floor":46.0},{"not_picked":["Noxious Fumes+1","Poisoned Stab","Infinite Blades+1"],"picked":"SKIP","floor":47.0},{"not_picked":["Acrobatics+1","Deflect+1","Bane"],"picked":"SKIP","floor":48.0}],"player_experience":365491,"relics_obtained":[{"floor":7.0,"key":"TungstenRod"},{"floor":9.0,"key":"Ninja Scroll"},{"floor":12.0,"key":"Bag of Marbles"},{"floor":24.0,"key":"Gremlin Horn"},{"floor":26.0,"key":"Blue Candle"},{"floor":40.0,"key":"PreservedInsect"},{"floor":47.0,"key":"Toxic Egg 2"}],"event_choices":[{"damage_healed":0.0,"max_hp_gain":0.0,"max_hp_loss":0.0,"gold_gain":0.0,"event_name":"Golden Idol","player_choice":"Take Damage","floor":2.0,"gold_loss":0.0,"damage_taken":17.0,"relics_obtained":["Golden Idol"]},{"damage_healed":0.0,"max_hp_gain":0.0,"max_hp_loss":0.0,"gold_gain":0.0,"event_name":"Match and Keep!","player_choice":"0 cards matched","floor":4.0,"gold_loss":0.0,"damage_taken":0.0,"cards_obtained":[]},{"damage_healed":0.0,"max_hp_gain":0.0,"max_hp_loss":0.0,"gold_gain":0.0,"event_name":"Drug Dealer","player_choice":"Inject Mutagens","floor":27.0,"gold_loss":0.0,"damage_taken":0.0,"relics_obtained":["MutagenicStrength"]},{"damage_healed":0.0,"max_hp_gain":0.0,"max_hp_loss":0.0,"gold_gain":333.0,"event_name":"The Moai Head","player_choice":"Gave Idol","floor":37.0,"relics_lost":["Golden Idol"],"gold_loss":0.0,"damage_taken":0.0},{"damage_healed":0.0,"max_hp_gain":0.0,"max_hp_loss":0.0,"gold_gain":100.0,"event_name":"Golden Shrine","player_choice":"Pray","floor":39.0,"gold_loss":0.0,"damage_taken":0.0}],"is_beta":false,"boss_relics":[{"not_picked":["Runic Pyramid","Tiny House"],"picked":"Empty Cage"},{"not_picked":["Pandora\u0027s Box","Velvet Choker"],"picked":"Astrolabe"}],"items_purged_floors":[8,21,22],"is_endless":false,"potions_floor_spawned":[7,10,14,18,29,31,35,38,46,47],"killed_by":"Time Eater","ascension_level":11}}