{"host":"d9m9v0h6vo0edadb","time":1611762809,"event":{"mods":["BaseMod","Hermit","Keyboard Shortcuts","Minty Spire (QoL Compilation)","StSLib","SuperFastMode","The Cursed"],"gold_per_floor":[113,132,147,72,72,95,95,74,74,74,74,97,141,157,157,157,157],"floor_reached":16,"language":"KOR","playtime":198,"items_purged":["Strike_G"],"score":258,"play_id":"60099139-7838-4f22-be98-d5ac2384f6de","local_time":"20210128005329","is_ascension_mode":true,"campfire_choices":[{"data":"Blade Dance","floor":7,"key":"SMITH"},{"floor":11,"key":"REST"},{"data":"Terror","floor":15,"key":"SMITH"}],"circlet_count":0,"master_deck":["AscendersBane","Strike_G","Strike_G","Strike_G+1","Strike_G","Defend_G","Defend_G","Defend_G","Defend_G","Defend_G","Survivor","Neutralize","Backstab+1","Blade Dance+1","Predator","Blade Dance","Terror+1","Acrobatics"],"relics":["Ring of the Snake","Golden Idol","Omamori","Snake Skull"],"acts_visited":["Exordium"],"potions_floor_usage":[13,16],"damage_taken":[{"damage":3,"enemies":"Jaw Worm","floor":1,"turns":4},{"damage":0,"enemies":"2 Louse","floor":2,"turns":4},{"damage":0,"enemies":"Cultist","floor":3,"turns":3},{"damage":25,"enemies":"Gremlin Gang","floor":6,"turns":4},{"damage":6,"enemies":"Exordium Thugs","floor":8,"turns":4},{"damage":0,"enemies":"Lots of Slimes","floor":12,"turns":3},{"damage":0,"enemies":"Gremlin Nob","floor":13,"turns":2},{"damage":9,"enemies":"Exordium Wildlife","floor":14,"turns":5},{"damage":15,"enemies":"Slime Boss","floor":16,"turns":6}],"seed_played":"-7395055135612889335","potions_obtained":[{"floor":1,"key":"Energy Potion"},{"floor":2,"key":"Strength Potion"}],"is_trial":false,"path_per_floor":["M","M","M","$","?","M","R","M","T","?","R","M","E","M","R","B"],"character_chosen":"THE_SILENT","items_purchased":[],"campfire_rested":1,"item_purchase_floors":[],"current_hp_per_floor":[62,62,62,62,62,37,37,31,31,11,30,30,30,21,21,6,6],"gold":157,"neow_bonus":"TEN_PERCENT_HP_BONUS","is_daily":false,"chose_seed":false,"campfire_upgraded":2,"win_rate":0.0,"timestamp":1611762809,"path_taken":["M","M","M","$","?","M","R","M","T","?","R","M","E","M","R","BOSS"],"items_purchased_type":[],"build_version":"2020-12-22","purchased_purges":1,"victory":false,"max_hp_per_floor":[72,72,72,72,65,65,65,65,65,65,65,65,65,65,65,65,65],"card_choices":[{"not_picked":["Concentrate","Calculated Gamble"],"picked":"Backstab","floor":1},{"not_picked":["Riddle With Holes","Backstab"],"picked":"Blade Dance","floor":2},{"not_picked":["Poisoned Stab","Expertise"],"picked":"Predator","floor":3},{"not_picked":["Concentrate","Quick Slash","Slice"],"picked":"SKIP","floor":6},{"not_picked":["Expertise","Caltrops","Flying Knee"],"picked":"SKIP","floor":8},{"not_picked":["Unload","Dodge and Roll"],"picked":"Blade Dance","floor":12},{"not_picked":["Backstab","Skewer"],"picked":"Terror","floor":13},{"not_picked":["Underhanded Strike","All Out Attack"],"picked":"Acrobatics","floor":14}],"player_experience":993069,"relics_obtained":[{"floor":9,"key":"Omamori"},{"floor":13,"key":"Snake Skull"}],"event_choices":[{"damage_healed":0,"gold_gain":0,"player_choice":"Lose Max HP","damage_taken":0,"relics_obtained":["Golden Idol"],"max_hp_gain":0,"max_hp_loss":7,"event_name":"Golden Idol","floor":5,"gold_loss":0},{"damage_healed":0,"gold_gain":0,"player_choice":"Entered Light","damage_taken":20,"max_hp_gain":0,"max_hp_loss":0,"event_name":"Shining Light","floor":10,"gold_loss":0,"cards_upgraded":["Strike_G","Backstab"]}],"is_beta":false,"boss_relics":[],"items_purged_floors":[4],"is_endless":false,"potions_floor_spawned":[1,2,8,12],"killed_by":"Slime Boss","ascension_level":20}}