{"host":"qekv59dthhdg54sz","time":1611737264,"event":{"mods":["AchievementEnabler","BaseMod","Colored Map","DeckTracker","KOR Keyword Fix","Minty Spire (QoL Compilation)","Rare Cards Sparkle","StSLib","SuperFastMode"],"gold_per_floor":[109,121,121,171,87,119,119,129,152,179,179,190,190,201,201,275,275,287,134,150,200,215,215,215,215,287,300,310,310,326,326,326,397,397,413,413,148,3,13,13,44,64,139,168,43,62,62,75,75,75,75],"floor_reached":50,"language":"KOR","playtime":1188,"items_purged":["Strike_R","Strike_R","Strike_R"],"score":967,"play_id":"b7b8f775-50e3-4f59-b13e-436ae25c8487","local_time":"20210127174744","is_ascension_mode":true,"campfire_choices":[{"data":"Battle Trance","floor":7.0,"key":"SMITH"},{"data":"Rampage","floor":11.0,"key":"SMITH"},{"data":"Bash","floor":13.0,"key":"SMITH"},{"data":"Wild Strike","floor":15.0,"key":"SMITH"},{"floor":23.0,"key":"REST"},{"floor":25.0,"key":"REST"},{"data":"Demon Form","floor":29.0,"key":"SMITH"},{"floor":32.0,"key":"REST"},{"data":"Dual Wield","floor":40.0,"key":"SMITH"},{"floor":47.0,"key":"REST"},{"data":"Demon Form","floor":49.0,"key":"SMITH"}],"circlet_count":0,"master_deck":["AscendersBane","Defend_R","Defend_R","Defend_R","Defend_R","Bash+1","Wild Strike+1","Battle Trance+1","Carnage","Rampage+1","Demon Form+1","Dual Wield+1","Searing Blow","Searing Blow","Searing Blow","Demon Form+1","CurseOfTheBell","Evolve","Burning Pact","Shockwave+1","Heavy Blade+1"],"relics":["Burning Blood","NeowsBlessing","PreservedInsect","Happy Flower","Matryoshka","Snecko Eye","Bag of Preparation","Meat on the Bone","Calling Bell","Centennial Puzzle","Pear","Unceasing Top","TheAbacus","Sundial","Toy Ornithopter","Regal Pillow","Letter Opener","Self Forming Clay"],"acts_visited":["Exordium","TheCity","TheBeyond"],"potions_floor_usage":[50,50],"damage_taken":[{"damage":0.0,"enemies":"Cultist","floor":1.0,"turns":1.0},{"damage":0.0,"enemies":"Jaw Worm","floor":2.0,"turns":1.0},{"damage":0.0,"enemies":"Gremlin Nob","floor":6.0,"turns":1.0},{"damage":4.0,"enemies":"2 Louse","floor":8.0,"turns":3.0},{"damage":30.0,"enemies":"Lagavulin","floor":10.0,"turns":5.0},{"damage":11.0,"enemies":"Lots of Slimes","floor":12.0,"turns":4.0},{"damage":16.0,"enemies":"Large Slime","floor":14.0,"turns":5.0},{"damage":18.0,"enemies":"Hexaghost","floor":16.0,"turns":9.0},{"damage":23.0,"enemies":"2 Thieves","floor":18.0,"turns":4.0},{"damage":23.0,"enemies":"Shell Parasite","floor":20.0,"turns":3.0},{"damage":32.0,"enemies":"Snake Plant","floor":22.0,"turns":5.0},{"damage":30.0,"enemies":"Shelled Parasite and Fungi","floor":27.0,"turns":3.0},{"damage":22.0,"enemies":"Snecko","floor":28.0,"turns":4.0},{"damage":27.0,"enemies":"Cultist and Chosen","floor":30.0,"turns":5.0},{"damage":50.0,"enemies":"Collector","floor":33.0,"turns":6.0},{"damage":16.0,"enemies":"3 Darklings","floor":35.0,"turns":4.0},{"damage":30.0,"enemies":"Orb Walker","floor":39.0,"turns":5.0},{"damage":45.0,"enemies":"Reptomancer","floor":41.0,"turns":4.0},{"damage":18.0,"enemies":"Maw","floor":42.0,"turns":6.0},{"damage":7.0,"enemies":"Giant Head","floor":44.0,"turns":5.0},{"damage":22.0,"enemies":"Writhing Mass","floor":46.0,"turns":5.0},{"damage":13.0,"enemies":"3 Darklings","floor":48.0,"turns":4.0},{"damage":75,"enemies":"Donu and Deca","floor":50,"turns":5}],"seed_played":"-3972899253378025212","potions_obtained":[{"floor":2.0,"key":"HeartOfIron"},{"floor":6.0,"key":"Explosive Potion"},{"floor":16.0,"key":"EssenceOfSteel"},{"floor":20.0,"key":"Regen Potion"},{"floor":27.0,"key":"Strength Potion"},{"floor":33.0,"key":"DistilledChaos"},{"floor":39.0,"key":"PowerPotion"},{"floor":41.0,"key":"DistilledChaos"},{"floor":46.0,"key":"Block Potion"}],"is_trial":false,"path_per_floor":["M","M","?","?","$","E","R","M","T","E","R","M","R","M","R","B",null,"M","$","M","?","M","R","?","R","T","M","M","R","M","?","R","B",null,"M","?","$","?","M","R","E","M","T","E","$","M","R","M","R","B"],"character_chosen":"IRONCLAD","items_purchased":["Battle Trance","Dual Wield","TheAbacus"],"campfire_rested":4,"item_purchase_floors":[5,19,37],"current_hp_per_floor":[74,75,80,80,80,80,80,80,80,56,56,51,51,41,41,29,67,50,50,33,33,19,43,31,55,55,43,39,39,30,30,54,22,76,66,66,66,66,54,54,27,27,27,43,43,39,81,74,74,9,9],"gold":75,"neow_bonus":"THREE_ENEMY_KILL","is_daily":false,"chose_seed":false,"campfire_upgraded":7,"win_rate":0.0,"timestamp":1611737264,"path_taken":["M","?","?","?","$","E","R","M","T","E","R","M","R","M","R","BOSS","M","$","?","?","M","R","?","R","T","M","M","R","?","?","R","BOSS","M","?","$","?","?","R","E","M","T","E","$","M","R","M","R","BOSS"],"items_purchased_type":["Card","Card","Relic"],"build_version":"2020-12-22","purchased_purges":3,"victory":false,"max_hp_per_floor":[75,75,80,80,80,80,80,80,80,80,80,80,80,80,80,80,80,80,80,80,80,80,80,80,80,80,80,80,80,80,80,80,80,90,90,90,90,90,90,90,90,90,90,90,90,90,90,90,90,90,90],"card_choices":[{"not_picked":["Perfected Strike","Cleave"],"picked":"Wild Strike","floor":1.0},{"not_picked":["Uppercut","Thunderclap","Clash"],"picked":"SKIP","floor":2.0},{"not_picked":["Anger","Corruption","Iron Wave"],"picked":"SKIP","floor":6.0},{"not_picked":["True Grit","Combust"],"picked":"Carnage","floor":8.0},{"not_picked":["Pommel Strike","Immolate"],"picked":"Rampage","floor":10.0},{"not_picked":["Thunderclap","Twin Strike","Havoc"],"picked":"SKIP","floor":12.0},{"not_picked":["Whirlwind","Flex","Infernal Blade"],"picked":"SKIP","floor":14.0},{"not_picked":["Offering","Juggernaut"],"picked":"Demon Form","floor":16.0},{"not_picked":["Infernal Blade","Body Slam","Anger"],"picked":"SKIP","floor":18.0},{"not_picked":["Infernal Blade","Reckless Charge"],"picked":"Searing Blow","floor":20.0},{"not_picked":["Battle Trance","Anger","Flex"],"picked":"SKIP","floor":22.0},{"not_picked":["Anger","Pommel Strike","Wild Strike"],"picked":"SKIP","floor":27.0},{"not_picked":["Brutality","Sentinel","Iron Wave"],"picked":"SKIP","floor":28.0},{"not_picked":["Rage","Intimidate","Hemokinesis"],"picked":"SKIP","floor":30.0},{"not_picked":["Offering","Immolate"],"picked":"Demon Form","floor":33.0},{"not_picked":["Carnage","Twin Strike","Perfected Strike"],"picked":"SKIP","floor":35.0},{"not_picked":["Body Slam+1","Twin Strike+1"],"picked":"Evolve","floor":39.0},{"not_picked":["Battle Trance+1","Warcry","Shrug It Off+1"],"picked":"SKIP","floor":41.0},{"not_picked":["Wild Strike","Thunderclap"],"picked":"Burning Pact","floor":42.0},{"not_picked":["Anger","Body Slam"],"picked":"Shockwave+1","floor":44.0},{"not_picked":["Feel No Pain","Pommel Strike+1"],"picked":"Heavy Blade+1","floor":46.0},{"not_picked":["Spot Weakness","Combust+1","Metallicize"],"picked":"SKIP","floor":48.0}],"player_experience":862593,"relics_obtained":[{"floor":6.0,"key":"PreservedInsect"},{"floor":9.0,"key":"Happy Flower"},{"floor":10.0,"key":"Matryoshka"},{"floor":26.0,"key":"Bag of Preparation"},{"floor":26.0,"key":"Meat on the Bone"},{"floor":34.0,"key":"Centennial Puzzle"},{"floor":34.0,"key":"Pear"},{"floor":34.0,"key":"Unceasing Top"},{"floor":41.0,"key":"Toy Ornithopter"},{"floor":43.0,"key":"Regal Pillow"},{"floor":43.0,"key":"Letter Opener"},{"floor":44.0,"key":"Self Forming Clay"}],"event_choices":[{"damage_healed":0.0,"max_hp_gain":5.0,"max_hp_loss":0.0,"gold_gain":0.0,"event_name":"Big Fish","player_choice":"Donut","floor":3.0,"gold_loss":0.0,"damage_taken":0.0},{"damage_healed":0.0,"max_hp_gain":0.0,"max_hp_loss":0.0,"gold_gain":50.0,"event_name":"Golden Shrine","player_choice":"Pray","floor":4.0,"gold_loss":0.0,"damage_taken":0.0},{"damage_healed":0.0,"max_hp_gain":0.0,"max_hp_loss":0.0,"gold_gain":50.0,"event_name":"Nest","player_choice":"Stole From Cult","floor":21.0,"gold_loss":0.0,"damage_taken":0.0},{"damage_healed":0.0,"max_hp_gain":0.0,"max_hp_loss":0.0,"gold_gain":0.0,"event_name":"Wheel of Change","player_choice":"Damaged","floor":24.0,"gold_loss":0.0,"damage_taken":12.0},{"damage_healed":0.0,"max_hp_gain":0.0,"max_hp_loss":0.0,"gold_gain":0.0,"cards_transformed":["Strike_R","Strike_R"],"event_name":"Drug Dealer","player_choice":"Became Test Subject","floor":31.0,"gold_loss":0.0,"damage_taken":0.0,"cards_obtained":["Searing Blow","Searing Blow"]},{"damage_healed":0.0,"max_hp_gain":0.0,"max_hp_loss":0.0,"gold_gain":0.0,"event_name":"Tomb of Lord Red Mask","player_choice":"Ignored","floor":36.0,"gold_loss":0.0,"damage_taken":0.0},{"damage_healed":0.0,"max_hp_gain":0.0,"max_hp_loss":0.0,"gold_gain":0.0,"event_name":"WeMeetAgain","player_choice":"Paid Gold","floor":38.0,"gold_loss":145.0,"damage_taken":0.0,"relics_obtained":["Sundial"]}],"is_beta":false,"boss_relics":[{"not_picked":["Coffee Dripper","Empty Cage"],"picked":"Snecko Eye"},{"not_picked":["SlaversCollar","Sozu"],"picked":"Calling Bell"}],"items_purged_floors":[19,37,45],"is_endless":false,"potions_floor_spawned":[2,6,10,16,18,20,27,33,39,41,42,46,48],"killed_by":"Donu and Deca","ascension_level":16}}