{"host":"dxb4eoww080epc4n","time":1611777435,"event":{"mods":["AchievementEnabler","BaseMod","Better Note","BetterRewards","Colored Powertips","Conspire","Energized Spire","GifTheSpireLib","Gremlin Skip","Hubris","KinomotoSakuraMod(????)","Minty Spire (QoL Compilation)","Permanent Neow","Quick Restart","Rare Cards Sparkle","Relic Sorter","Replay The Spire","Shop Mod","Spikes Relics","StSLib","The Animator"],"gold_per_floor":[124,124,31,53,79,139,139,139,165,196,196,15,15,15,15,151,151,175,204,53,0,25,76,101,101,101,101,164,199,239,249,249],"floor_reached":31,"language":"ENG","playtime":3046,"items_purged":[],"score":273,"play_id":"8f74ea0a-2893-460c-b72e-4e1856484301","local_time":"20210127205715","is_ascension_mode":false,"campfire_choices":[{"floor":8,"key":"REST"},{"floor":15,"key":"REST"},{"floor":25,"key":"REST"},{"floor":27,"key":"REST"}],"circlet_count":0,"master_deck":["animator:Strike_Fate","animator:Defend_Fate","animator:Alexander","animator:Rider","animator:Lancer","animator:Strike_GATE+1","animator:Strike_GoblinSlayer","animator:Strike_AccelWorld","animator:Defend_Elsword","animator:Defend_FullmetalAlchemist","animator:Defend_Konosuba+1","animator:Chris","animator:Caster","animator:Saber","Injury","animator:Assassin","animator:Archer+1","animator:Eris","animator:Chris+1","animator:NarberalGamma","animator:Rider"],"relics":["animator:LivingPicture","animator:TheMissingPiece","hubris:Towel","Thread and Needle","Golden Idol","MerchantsRug","Velvet Choker","SnailShell","Replay:Bottled Eggs","MiniBlackHole","Orichalcum","Pondfish Scales","Simple Rune"],"acts_visited":["Exordium","TheCity"],"potions_floor_usage":[6,23,31,31],"damage_taken":[{"damage":1,"enemies":"Small Slimes","floor":1,"turns":5},{"damage":7,"enemies":"2 Louse","floor":4,"turns":3},{"damage":0,"enemies":"Jaw Worm","floor":5,"turns":5},{"damage":54,"enemies":"Gremlin Nob","floor":6,"turns":6},{"damage":3,"enemies":"Large Slime","floor":10,"turns":6},{"damage":41,"enemies":"Slime Boss","floor":16,"turns":10},{"damage":20,"enemies":"conspire:FuzzyDice","floor":18,"turns":7},{"damage":0,"enemies":"Chosen","floor":19,"turns":4},{"damage":0,"enemies":"conspire:HollyBat","floor":22,"turns":9},{"damage":37,"enemies":"Book of Stabbing","floor":23,"turns":7},{"damage":19,"enemies":"conspire:SneckoGhost","floor":28,"turns":7},{"damage":13,"enemies":"Chosen and Byrds","floor":29,"turns":5},{"damage":19,"enemies":"Shelled Parasite and Fungi","floor":30,"turns":6},{"damage":25,"enemies":"Gremlin Leader","floor":31,"turns":9}],"seed_played":"-3280558699058907326","potions_obtained":[{"floor":1,"key":"Swift Potion"},{"floor":4,"key":"Swift Potion"},{"floor":5,"key":"Ancient Potion"},{"floor":22,"key":"Explosive Potion"},{"floor":23,"key":"LiquidMemories"},{"floor":28,"key":"Explosive Potion"}],"is_trial":false,"path_per_floor":["M","?","?","M","M","E","?","R","T","M","?","$","$","?","R","B",null,"M","M","$","?","M","E","T","R","T","R","E","M","M","E"],"character_chosen":"THE_ANIMATOR","items_purchased":["MerchantsRug","animator:Archer","SnailShell"],"campfire_rested":4,"item_purchase_floors":[12,12,20],"current_hp_per_floor":[65,65,65,58,59,5,5,25,25,23,23,23,23,23,43,3,69,52,55,55,55,58,24,24,44,44,64,48,38,22,0,0],"gold":249,"neow_bonus":"THREE_CARDS","is_daily":false,"chose_seed":false,"campfire_upgraded":0,"win_rate":0.0,"timestamp":1611777435,"path_taken":["M","?","?","M","M","E","?","R","T","M","?","?","$","?","R","BOSS","M","M","$","?","M","E","?","R","T","R","E","M","?","E"],"items_purchased_type":["Relic","Card","Relic"],"build_version":"2020-12-22","purchased_purges":0,"victory":false,"max_hp_per_floor":[66,66,66,66,67,67,67,67,67,68,68,68,68,68,68,69,69,69,69,69,69,69,69,69,69,69,69,69,69,69,69,69],"card_choices":[{"not_picked":["animator:Millim","animator:YunYun"],"picked":"animator:Lancer","floor":1},{"not_picked":["animator:TukaLunaMarceau","animator:Hakurou"],"picked":"animator:Chris","floor":4},{"not_picked":["animator:RoryMercury","animator:Verdia"],"picked":"animator:Caster","floor":5},{"not_picked":["animator:Lancer","animator:DolaRiku"],"picked":"animator:Saber","floor":6},{"not_picked":["animator:Genos","animator:Tet"],"picked":"animator:Assassin","floor":10},{"not_picked":["animator:Hans","animator:PinaCoLada"],"picked":"animator:Eris","floor":16},{"not_picked":["animator:Cocytus","animator:Tyuule+1"],"picked":"animator:Chris+1","floor":18},{"not_picked":["animator:Tatsumaki","animator:LeleiLaLalena"],"picked":"animator:NarberalGamma","floor":19},{"not_picked":["animator:MumenRider+1","animator:Assassin","animator:Arpeggio"],"picked":"SKIP","floor":22},{"not_picked":["animator:Geryuganshoop","animator:MetalKnight","animator:Megumin+1"],"picked":"SKIP","floor":23},{"not_picked":["animator:Demiurge","animator:MumenRider","animator:Sora"],"picked":"SKIP","floor":28},{"not_picked":["animator:DolaRiku","animator:Souei+1"],"picked":"animator:Rider","floor":29},{"not_picked":["animator:FielNirvalen","animator:Vanir","animator:Vesta"],"picked":"SKIP","floor":30}],"player_experience":164013,"relics_obtained":[{"floor":6,"key":"Thread and Needle"},{"floor":23,"key":"MiniBlackHole"},{"floor":24,"key":"Orichalcum"},{"floor":26,"key":"Pondfish Scales"},{"floor":28,"key":"Simple Rune"}],"event_choices":[{"damage_healed":0,"gold_gain":0,"player_choice":"Take Wound","damage_taken":0,"relics_obtained":["Golden Idol"],"max_hp_gain":0,"max_hp_loss":0,"event_name":"Golden Idol","floor":7,"gold_loss":0,"cards_obtained":["Injury"]},{"damage_healed":0,"gold_gain":0,"player_choice":"Ignored","damage_taken":0,"max_hp_gain":0,"max_hp_loss":0,"event_name":"Shining Light","floor":11,"gold_loss":0},{"damage_healed":0,"gold_gain":0,"player_choice":"Disagree","damage_taken":0,"max_hp_gain":0,"max_hp_loss":0,"event_name":"conspire:LoneGhost","floor":14,"gold_loss":0},{"damage_healed":0,"gold_gain":0,"player_choice":"Paid Gold","damage_taken":0,"relics_obtained":["Replay:Bottled Eggs"],"max_hp_gain":0,"max_hp_loss":0,"event_name":"WeMeetAgain","floor":21,"gold_loss":53}],"is_beta":false,"boss_relics":[{"not_picked":["energizedSpire:StickyHand","Replay:Drink Me"],"picked":"Velvet Choker"}],"items_purged_floors":[],"is_endless":false,"potions_floor_spawned":[1,4,5,22,23,28],"killed_by":"Gremlin Leader","ascension_level":0}}