{"host":"kiehjq3lc4w5t4uc","time":1611752834,"event":{"mods":["AchievementEnabler","BaseMod","BetterRewards","Colored Map","Colored Powertips","DeckTracker","Good Game Mod","Minty Spire (QoL Compilation)","Quick Restart","Rare Cards Sparkle","Relic Stats","Shop Mod","StSLib","SuperFastMode"],"gold_per_floor":[115,134,134,134,150,185,185,219,242,242,197,197,197,213,213,308,308,325,865,876,472,498,498,517,517,595,626,626,479,404,431,431,530,530,547,287,306,323,323,323,323,342,342,354,51,80,41,70,70,70],"floor_reached":51,"language":"KOR","playtime":3108,"items_purged":["DeusExMachina"],"score":899,"play_id":"22b61ebd-d99e-4136-b3df-ac6a1ee175a3","local_time":"20210127220714","is_ascension_mode":true,"campfire_choices":[{"data":"Defragment","floor":7.0,"key":"SMITH"},{"data":"Redo","floor":13,"key":"SMITH"},{"data":"Defragment","floor":15,"key":"SMITH"},{"data":"Apotheosis","floor":23,"key":"SMITH"},{"data":"Echo Form","floor":25,"key":"SMITH"},{"floor":28,"key":"REST"},{"floor":32,"key":"REST"},{"floor":40,"key":"REST"},{"floor":49,"key":"REST"}],"circlet_count":0,"master_deck":["Zap+1","Dualcast","Defragment+1","Sweeping Beam+1","Defragment+1","Conserve Battery","Coolheaded","Redo+1","Core Surge+1","Redo","Echo Form+1","Rainbow","Hologram","Self Repair","Tempest","Amplify","Fusion","Go for the Eyes","Apotheosis+1","White Noise+1","White Noise+1","Machine Learning","Electrodynamics","Madness","Madness","Defragment+1","Seek","Double Energy"],"relics":["Cracked Core","REME:ComplimentaryCards","Bird Faced Urn","Meat on the Bone","Lizard Tail","Juzu Bracelet","Oddly Smooth Stone","Bronze Scales","Ancient Tea Set","Pandora\u0027s Box","Matryoshka","Bag of Preparation","Art of War","Vajra","Bottled Lightning","Blood Vial","DollysMirror","Dream Catcher","Inserter","Singing Bowl","Whetstone","Strange Spoon","Pen Nib","HornCleat"],"acts_visited":["Exordium","TheCity","TheBeyond"],"potions_floor_usage":[16,50,50,50],"damage_taken":[{"damage":10.0,"enemies":"Small Slimes","floor":1.0,"turns":3.0},{"damage":9.0,"enemies":"2 Louse","floor":2.0,"turns":2.0},{"damage":1.0,"enemies":"Cultist","floor":5.0,"turns":3.0},{"damage":14.0,"enemies":"Lagavulin","floor":6.0,"turns":7.0},{"damage":28.0,"enemies":"3 Sentries","floor":8.0,"turns":5.0},{"damage":4,"enemies":"Red Slaver","floor":14,"turns":2},{"damage":9,"enemies":"The Guardian","floor":16,"turns":8},{"damage":16,"enemies":"Shell Parasite","floor":18,"turns":4},{"damage":27,"enemies":"Spheric Guardian","floor":20,"turns":4},{"damage":18,"enemies":"Chosen and Byrds","floor":24,"turns":4},{"damage":24,"enemies":"Slavers","floor":27,"turns":4},{"damage":0,"enemies":"Gremlin Leader","floor":31,"turns":4},{"damage":6,"enemies":"Champ","floor":33,"turns":7},{"damage":42,"enemies":"3 Shapes","floor":35,"turns":3},{"damage":27,"enemies":"Orb Walker","floor":37,"turns":3},{"damage":38,"enemies":"4 Shapes","floor":38,"turns":3},{"damage":28,"enemies":"Spire Growth","floor":42,"turns":3},{"damage":35,"enemies":"Sphere and 2 Shapes","floor":44,"turns":4},{"damage":23,"enemies":"Reptomancer","floor":46,"turns":4},{"damage":22,"enemies":"Giant Head","floor":48,"turns":5},{"damage":86,"enemies":"Awakened One","floor":50,"turns":7}],"seed_played":"7676204247525230708","potions_obtained":[{"floor":1.0,"key":"PowerPotion"},{"floor":2.0,"key":"LiquidMemories"},{"floor":16,"key":"Dexterity Potion"},{"floor":18,"key":"EssenceOfDarkness"},{"floor":31,"key":"Weak Potion"}],"is_trial":false,"path_per_floor":["M","M","?","?","M","E","R","E","T","?","$","?","R","M","R","B",null,"M","?","M","$","T","R","M","R","T","E","R","$","?","E","R","B",null,"M","$","M","M","?","R","?","M","T","M","$","E","$","E","R","B",null],"character_chosen":"DEFECT","items_purchased":["Meat on the Bone","Redo","Apotheosis","Matryoshka","DollysMirror","Singing Bowl","Strange Spoon","Seek","Double Energy"],"campfire_rested":4,"item_purchase_floors":[0,11,21,21,29,36,45,45,47],"current_hp_per_floor":[65,56,56,56,59,49,49,37,37,37,37,37,37,49,49,46,75,68,11,49,49,49,49,46,46,46,52,74,74,74,75,75,75,75,41,41,50,36,26,51,53,61,61,60,60,67,67,83,91,39],"gold":70,"neow_bonus":"","is_daily":false,"chose_seed":false,"campfire_upgraded":5,"win_rate":0.0,"timestamp":1611752834,"path_taken":["M","M","?","?","M","E","R","E","T","?","?","?","R","M","R","BOSS","M","?","M","$","?","R","M","R","T","E","R","$","?","E","R","BOSS","M","$","M","M","?","R","?","M","T","M","$","E","?","E","R","BOSS"],"items_purchased_type":["Relic","Card","Card","Relic","Relic","Relic","Relic","Card","Card"],"build_version":"2020-12-22","purchased_purges":1,"victory":true,"max_hp_per_floor":[75,75,75,75,75,75,75,75,75,75,75,75,75,75,75,75,75,75,75,75,75,75,75,75,75,75,75,75,75,75,75,75,75,75,75,75,77,79,79,81,83,85,85,85,85,87,87,89,91,91],"relic_stats":{"Inserter":[16],"Singing Bowl":16,"counters":[84,427],"Pen Nib":[1],"Juzu Bracelet":4,"Bag of Preparation":[24],"Whetstone":["Core Surge","Sweeping Beam"],"Blood Vial":13,"Strange Spoon":[15],"Lizard Tail":37,"Dream Catcher":3,"Bird Faced Urn":[180],"Bronze Scales":[207],"Pandora\u0027s Box":["Rainbow","Hologram","Self Repair","Tempest","Amplify","Fusion","Go for the Eyes","Auto Shields"],"Art of War":[17],"obtain_stats":[{"Whetstone":33,"Ginger":0,"Bottled Tornado":14,"Boot":40,"Sling":0,"Old Coin":44,"FrozenCore":0,"Blood Vial":0,"Sundial":0,"MealTicket":29,"HandDrill":0,"Kunai":27,"MerchantsRug":0,"Pen Nib":20,"SlaversCollar":34,"Bird Faced Urn":0,"Pandora\u0027s Box":17,"Unceasing Top":0,"Lantern":0,"Torii":0,"Singing Bowl":0,"StoneCalendar":0,"Bag of Preparation":0,"Ancient Tea Set":17,"Shovel":8,"Matryoshka":21,"Toolbox":0,"WingedGreaves":0,"Chemical X":0,"InkBottle":0,"Ring of the Snake":0,"Potion Belt":0,"Lee\u0027s Waffle":0,"Inserter":0,"Golden Idol":7,"Circlet":0,"Thread and Needle":0,"PreservedInsect":13,"Omamori":44,"Busted Crown":0,"Ornamental Fan":0,"Orrery":0,"Art of War":33,"Bottled Lightning":42,"Toy Ornithopter":0,"Ice Cream":0,"Calipers":0,"Gremlin Horn":0,"Vajra":10,"Lizard Tail":0,"HornCleat":30,"DollysMirror":0,"Strawberry":12,"Philosopher\u0027s Stone":19,"Prayer Wheel":42,"Toxic Egg 2":43,"Happy Flower":48,"Dead Branch":0,"Oddly Smooth Stone":0,"Letter Opener":11,"War Paint":28,"Question Card":9,"WarpedTongs":0,"Du-Vu Doll":0,"Bronze Scales":45,"Molten Egg 2":25,"Black Star":0,"Meat on the Bone":0,"Pocketwatch":0,"Darkstone Periapt":0,"SacredBark":0,"Mango":0,"Snake Skull":0,"Incense Burner":45,"Juzu Bracelet":6,"Empty Cage":36,"ClockworkSouvenir":0,"SsserpentHead":0,"Nunchaku":9,"Dream Catcher":0,"TheAbacus":0,"Gambling Chip":0,"Pantograph":22,"Red Mask":48,"Cracked Core":0,"Orichalcum":0,"Mercury Hourglass":0,"Peace Pipe":0,"Strange Spoon":0,"Cauldron":0,"Anchor":30,"CaptainsWheel":0,"REME:ComplimentaryCards":0,"Bag of Marbles":26,"Coffee Dripper":0,"Membership Card":13,"TungstenRod":41,"FossilizedHelix":0},{"Whetstone":16,"Ginger":52,"Bottled Tornado":6,"Boot":46,"Sling":52,"Old Coin":21,"FrozenCore":52,"Blood Vial":52,"Sundial":52,"MealTicket":14,"HandDrill":52,"Kunai":13,"MerchantsRug":52,"Pen Nib":34,"SlaversCollar":41,"Bird Faced Urn":52,"Pandora\u0027s Box":32,"Unceasing Top":52,"Lantern":52,"Torii":52,"Singing Bowl":52,"StoneCalendar":52,"Bag of Preparation":52,"Ancient Tea Set":7,"Shovel":5,"Matryoshka":72,"Toolbox":52,"WingedGreaves":52,"Chemical X":52,"InkBottle":52,"Ring of the Snake":0,"Potion Belt":52,"Lee\u0027s Waffle":52,"Inserter":52,"Golden Idol":4,"Circlet":52,"Thread and Needle":24,"PreservedInsect":6,"Omamori":48,"Busted Crown":52,"Ornamental Fan":52,"Orrery":52,"Art of War":16,"Bottled Lightning":48,"Toy Ornithopter":52,"Ice Cream":52,"Calipers":52,"Gremlin Horn":52,"Vajra":6,"Lizard Tail":52,"HornCleat":40,"DollysMirror":52,"Strawberry":6,"Philosopher\u0027s Stone":8,"Prayer Wheel":20,"Toxic Egg 2":48,"Happy Flower":51,"Dead Branch":0,"Oddly Smooth Stone":52,"Letter Opener":6,"War Paint":13,"Question Card":56,"WarpedTongs":52,"Du-Vu Doll":52,"Bronze Scales":21,"Molten Egg 2":12,"Black Star":52,"Meat on the Bone":0,"Pocketwatch":52,"Darkstone Periapt":52,"SacredBark":52,"Mango":52,"Snake Skull":0,"Incense Burner":49,"Juzu Bracelet":67,"Empty Cage":17,"ClockworkSouvenir":52,"SsserpentHead":52,"Nunchaku":28,"Dream Catcher":52,"TheAbacus":52,"Gambling Chip":52,"Pantograph":61,"Red Mask":22,"Cracked Core":52,"Orichalcum":52,"Mercury Hourglass":52,"Peace Pipe":52,"Strange Spoon":52,"Cauldron":52,"Anchor":14,"CaptainsWheel":52,"REME:ComplimentaryCards":52,"Bag of Marbles":13,"Coffee Dripper":52,"Membership Card":6,"TungstenRod":19,"FossilizedHelix":52},{"Whetstone":84,"Ginger":295,"Bottled Tornado":26,"Boot":260,"Sling":295,"Old Coin":118,"FrozenCore":295,"Blood Vial":295,"Sundial":295,"MealTicket":70,"HandDrill":295,"Kunai":64,"MerchantsRug":295,"Pen Nib":195,"SlaversCollar":236,"Bird Faced Urn":295,"Pandora\u0027s Box":186,"Unceasing Top":295,"Lantern":295,"Torii":295,"Singing Bowl":295,"StoneCalendar":295,"Bag of Preparation":295,"Ancient Tea Set":28,"Shovel":21,"Matryoshka":376,"Toolbox":295,"WingedGreaves":295,"Chemical X":295,"InkBottle":295,"Ring of the Snake":0,"Potion Belt":295,"Lee\u0027s Waffle":295,"Inserter":295,"Golden Idol":17,"Circlet":295,"Thread and Needle":138,"PreservedInsect":26,"Omamori":274,"Busted Crown":295,"Ornamental Fan":295,"Orrery":295,"Art of War":84,"Bottled Lightning":274,"Toy Ornithopter":295,"Ice Cream":295,"Calipers":295,"Gremlin Horn":295,"Vajra":26,"Lizard Tail":295,"HornCleat":229,"DollysMirror":295,"Strawberry":26,"Philosopher\u0027s Stone":43,"Prayer Wheel":111,"Toxic Egg 2":274,"Happy Flower":286,"Dead Branch":0,"Oddly Smooth Stone":295,"Letter Opener":26,"War Paint":64,"Question Card":308,"WarpedTongs":295,"Du-Vu Doll":295,"Bronze Scales":118,"Molten Egg 2":60,"Black Star":295,"Meat on the Bone":0,"Pocketwatch":295,"Darkstone Periapt":295,"SacredBark":295,"Mango":295,"Snake Skull":0,"Incense Burner":278,"Juzu Bracelet":353,"Empty Cage":95,"ClockworkSouvenir":295,"SsserpentHead":295,"Nunchaku":157,"Dream Catcher":295,"TheAbacus":295,"Gambling Chip":295,"Pantograph":329,"Red Mask":123,"Cracked Core":295,"Orichalcum":295,"Mercury Hourglass":295,"Peace Pipe":295,"Strange Spoon":295,"Cauldron":295,"Anchor":70,"CaptainsWheel":295,"REME:ComplimentaryCards":295,"Bag of Marbles":64,"Coffee Dripper":295,"Membership Card":26,"TungstenRod":104,"FossilizedHelix":295}],"Meat on the Bone":84},"card_choices":[{"not_picked":["Streamline","Rebound"],"picked":"Defragment","floor":1.0},{"not_picked":["Streamline","Turbo"],"picked":"Sweeping Beam","floor":2.0},{"not_picked":["Go for the Eyes","Loop"],"picked":"Conserve Battery","floor":5.0},{"not_picked":["Go for the Eyes","Sunder","Rebound"],"picked":"SKIP","floor":6.0},{"not_picked":["Barrage","Turbo"],"picked":"Coolheaded","floor":8.0},{"not_picked":["Hologram","Hello World"],"picked":"Redo","floor":14},{"not_picked":["Creative AI","Meteor Strike"],"picked":"Echo Form","floor":16},{"not_picked":["Rip and Tear","Sweeping Beam","Stack"],"picked":"SKIP","floor":18},{"not_picked":["Go for the Eyes","Compile Driver","Cold Snap"],"picked":"SKIP","floor":20},{"not_picked":["Ball Lightning+1","Glacier"],"picked":"White Noise+1","floor":24},{"not_picked":["Force Field","Scrape+1","Reprogram"],"picked":"SKIP","floor":27},{"not_picked":["Hologram","Go for the Eyes"],"picked":"Machine Learning","floor":31},{"not_picked":["Hyperbeam","Core Surge"],"picked":"Electrodynamics","floor":33},{"not_picked":["Barrage+1","Scrape","Streamline"],"picked":"SKIP","floor":35},{"not_picked":["Leap","Coolheaded","Beam Cell+1"],"picked":"Singing Bowl","floor":37},{"not_picked":["Recycle","Loop","Cold Snap"],"picked":"Singing Bowl","floor":38},{"not_picked":["Barrage+1","Chaos+1","Turbo"],"picked":"Singing Bowl","floor":40},{"not_picked":["Blind","Trip","Panacea"],"picked":"Singing Bowl","floor":41},{"not_picked":["BootSequence","Rebound","Skim"],"picked":"Singing Bowl","floor":42},{"not_picked":["Conserve Battery","Glacier"],"picked":"Defragment+1","floor":44},{"not_picked":["Aggregate","Leap","Heatsinks"],"picked":"Singing Bowl","floor":46},{"not_picked":["Scrape+1","Coolheaded","Echo Form"],"picked":"Singing Bowl","floor":48},{"not_picked":["Rip and Tear","Fusion","Conserve Battery"],"picked":"Singing Bowl","floor":49}],"player_experience":105750,"relics_obtained":[{"floor":6.0,"key":"Juzu Bracelet"},{"floor":8.0,"key":"Oddly Smooth Stone"},{"floor":9.0,"key":"Bronze Scales"},{"floor":22,"key":"Bag of Preparation"},{"floor":22,"key":"Art of War"},{"floor":26,"key":"Vajra"},{"floor":26,"key":"Bottled Lightning"},{"floor":27,"key":"Blood Vial"},{"floor":31,"key":"Dream Catcher"},{"floor":43,"key":"Whetstone"},{"floor":46,"key":"Pen Nib"},{"floor":48,"key":"HornCleat"}],"event_choices":[{"damage_healed":0.0,"max_hp_gain":0.0,"max_hp_loss":0.0,"gold_gain":0.0,"event_name":"Accursed Blacksmith","player_choice":"Forge","floor":4.0,"gold_loss":0.0,"damage_taken":0.0,"cards_upgraded":["Zap"]},{"damage_healed":0.0,"max_hp_gain":0.0,"max_hp_loss":0.0,"gold_gain":0.0,"event_name":"WeMeetAgain","player_choice":"Gave Potion","floor":10.0,"gold_loss":0.0,"damage_taken":0.0,"relics_obtained":["Ancient Tea Set"]},{"damage_healed":0,"gold_gain":0,"player_choice":"1 cards matched","damage_taken":0,"max_hp_gain":0,"max_hp_loss":0,"event_name":"Match and Keep!","floor":12,"gold_loss":0,"cards_obtained":["Core Surge"]},{"damage_healed":0,"gold_gain":540,"player_choice":"GOLD GOLD GOLD GOLD GOLD GOLD ","damage_taken":57,"max_hp_gain":0,"max_hp_loss":0,"event_name":"Knowing Skull","floor":19,"potions_obtained":[],"gold_loss":0,"cards_obtained":[]},{"cards_removed":["Auto Shields"],"damage_healed":0,"gold_gain":0,"player_choice":"Gave Gold","damage_taken":0,"max_hp_gain":0,"max_hp_loss":0,"event_name":"Beggar","floor":30,"gold_loss":75},{"damage_healed":0,"gold_gain":0,"player_choice":"Embrace Madness","damage_taken":10,"max_hp_gain":0,"max_hp_loss":0,"event_name":"Winding Halls","floor":39,"gold_loss":0,"cards_obtained":["Madness","Madness"]},{"damage_healed":0,"gold_gain":0,"player_choice":"Memory 1","damage_taken":0,"max_hp_gain":0,"max_hp_loss":0,"event_name":"SensoryStone","floor":41,"gold_loss":0}],"is_beta":false,"boss_relics":[{"not_picked":["Busted Crown","Astrolabe"],"picked":"Pandora\u0027s Box"},{"not_picked":["Snecko Eye","Nuclear Battery"],"picked":"Inserter"}],"items_purged_floors":[0],"is_endless":false,"potions_floor_spawned":[1,2,16,18,31,33,38,48],"ascension_level":2}}