{"host":"61r95uy0hn86b9iu","time":1611710105,"event":{"mods":["AchievementEnabler","BaseMod","Better Vampires","BetterRewards","Colored Powertips","Hubris","Minty Spire (QoL Compilation)","Shop Mod","StSLib"],"gold_per_floor":[112,112,0,15,15,42,42,42,67,67,80,80,80,91,91,162,162,175,15,65,82,82,98,98,109,109,109,120,120,139,155,155,229,229,241,3,18,18,18,44,44,59,83,83,103,103,103,117,117,117,117,117,16,16,16],"floor_reached":54,"language":"ENG","playtime":4338,"items_purged":["Defend_B","Strike_B+1"],"score":1647,"play_id":"dc793138-4471-4ef0-8916-1d1c6a44e375","local_time":"20210126191505","is_ascension_mode":true,"campfire_choices":[{"floor":8.0,"key":"REST"},{"floor":10.0,"key":"REST"},{"floor":12.0,"key":"RECALL"},{"floor":15.0,"key":"REST"},{"data":"Consume","floor":24.0,"key":"SMITH"},{"floor":32.0,"key":"REST"},{"data":"Capacitor","floor":41.0,"key":"SMITH"},{"floor":46.0,"key":"REST"},{"floor":49.0,"key":"REST"},{"data":"Multi-Cast","floor":52.0,"key":"SMITH"}],"circlet_count":0,"master_deck":["AscendersBane","Strike_B+1","Strike_B+1","Strike_B+1","Defend_B+1","Defend_B+1","Defend_B+1","Zap","Dualcast","Conserve Battery","Go for the Eyes+1","Self Repair","Leap","White Noise+1","Sunder","Consume+1","Coolheaded","Doom and Gloom","Seek+1","Reboot","Seek+1","Undo","Loop+1","Compile Driver+1","Multi-Cast+1","Capacitor+1","Panache"],"relics":["Cracked Core","Membership Card","White Beast Statue","PreservedInsect","hubris:SphereOfDissonance","Dream Catcher","Blood Vial","Nuclear Battery","hubris:64BitClover","CaptainsWheel","hubris:RunicObelisk","MerchantsRug","hubris:EmptyBottle","hubris:Towel","Ice Cream","hubris:Icosahedron","Anchor","Medical Kit"],"acts_visited":["Exordium","TheCity","TheBeyond","TheEnding"],"potions_floor_usage":[54,54],"damage_taken":[{"damage":0.0,"enemies":"Cultist","floor":1.0,"turns":3.0},{"damage":16.0,"enemies":"Jaw Worm","floor":4.0,"turns":4.0},{"damage":30.0,"enemies":"Lagavulin","floor":6.0,"turns":6.0},{"damage":7.0,"enemies":"Small Slimes","floor":11.0,"turns":3.0},{"damage":0.0,"enemies":"Exordium Wildlife","floor":14.0,"turns":3.0},{"damage":19.0,"enemies":"Hexaghost","floor":16.0,"turns":12.0},{"damage":3.0,"enemies":"Chosen","floor":18.0,"turns":4.0},{"damage":46.0,"enemies":"Spheric Guardian","floor":21.0,"turns":6.0},{"damage":0.0,"enemies":"3 Cultists","floor":23.0,"turns":4.0},{"damage":22.0,"enemies":"Snake Plant","floor":25.0,"turns":5.0},{"damage":17.0,"enemies":"Centurion and Healer","floor":28.0,"turns":8.0},{"damage":0.0,"enemies":"Chosen and Byrds","floor":30.0,"turns":5.0},{"damage":13.0,"enemies":"Snake Plant","floor":31.0,"turns":4.0},{"damage":42.0,"enemies":"Automaton","floor":33.0,"turns":9.0},{"damage":0.0,"enemies":"Orb Walker","floor":35.0,"turns":3.0},{"damage":14.0,"enemies":"3 Shapes","floor":37.0,"turns":5.0},{"damage":19.0,"enemies":"Giant Head","floor":40.0,"turns":6.0},{"damage":27.0,"enemies":"Maw","floor":42.0,"turns":8.0},{"damage":0.0,"enemies":"3 Darklings","floor":45.0,"turns":1.0},{"damage":36.0,"enemies":"Transient","floor":48.0,"turns":6.0},{"damage":35.0,"enemies":"Awakened One","floor":50.0,"turns":12.0},{"damage":76,"enemies":"Shield and Spear","floor":54,"turns":5}],"seed_played":"-8227007324102189779","potions_obtained":[{"floor":1.0,"key":"FearPotion"},{"floor":4.0,"key":"LiquidMemories"},{"floor":6.0,"key":"SpeedPotion"},{"floor":11.0,"key":"Fruit Juice"},{"floor":14.0,"key":"Block Potion"},{"floor":16.0,"key":"DistilledChaos"},{"floor":18.0,"key":"AttackPotion"},{"floor":21.0,"key":"FocusPotion"},{"floor":23.0,"key":"DuplicationPotion"},{"floor":25.0,"key":"AttackPotion"},{"floor":28.0,"key":"PowerPotion"},{"floor":30.0,"key":"Block Potion"},{"floor":31.0,"key":"Weak Potion"},{"floor":33.0,"key":"Fire Potion"},{"floor":35.0,"key":"Energy Potion"},{"floor":37.0,"key":"LiquidBronze"},{"floor":40.0,"key":"Energy Potion"},{"floor":42.0,"key":"LiquidBronze"},{"floor":48.0,"key":"FearPotion"}],"is_trial":false,"path_per_floor":["M","?","$","M","$","E","?","R","T","R","M","R","?","M","R","B",null,"M","$","?","M","?","M","R","M","T","?","M","?","M","M","R","B",null,"M","$","M","?","?","E","R","M","T","?","M","R","T","M","R","B",null,"R","$","E"],"character_chosen":"DEFECT","items_purchased":["Membership Card","White Beast Statue","PreservedInsect","Conserve Battery","Go for the Eyes","Potion Belt","Leap","hubris:64BitClover","MerchantsRug","hubris:EmptyBottle","War Paint","Medical Kit","GamblersBrew"],"campfire_rested":6,"item_purchase_floors":[0,0,0,0,0,3,3,19,36,36,36,53,53],"current_hp_per_floor":[50,50,50,41,41,18,18,39,39,60,53,53,48,57,71,57,71,76,76,76,37,37,46,46,33,33,33,25,25,34,30,52,26,69,78,78,73,73,73,63,63,45,45,45,47,71,71,44,68,42,73,73,73,0,0],"gold":16,"neow_bonus":"","is_daily":false,"chose_seed":false,"campfire_upgraded":3,"win_rate":0.0,"timestamp":1611710105,"path_taken":["M","?","$","M","?","E","?","R","T","R","?","R","?","M","R","BOSS","M","$","?","M","?","?","R","M","T","?","M","?","M","M","R","BOSS","M","$","M","?","?","E","R","M","T","?","M","R","?","M","R","BOSS","R","$","E"],"items_purchased_type":["Relic","Relic","Relic","Card","Card","Relic","Card","Relic","Relic","Relic","Relic","Relic","Potion"],"build_version":"2020-12-22","purchased_purges":2,"victory":false,"max_hp_per_floor":[71,71,71,71,71,71,71,71,71,71,71,71,71,71,71,76,76,76,76,76,76,76,76,76,76,76,76,76,76,76,76,76,83,83,83,83,83,83,83,83,83,83,83,83,83,83,83,83,83,83,83,83,83,83,83],"card_choices":[{"not_picked":["Redo","Turbo"],"picked":"Self Repair","floor":1.0},{"not_picked":["Hello World","Steam"],"picked":"White Noise","floor":4.0},{"not_picked":["Rip and Tear","Hologram"],"picked":"Sunder","floor":6.0},{"not_picked":["Blizzard","Sweeping Beam"],"picked":"Consume","floor":10.0},{"not_picked":["Heatsinks","Conserve Battery"],"picked":"Coolheaded","floor":11.0},{"not_picked":["Ball Lightning","Conserve Battery"],"picked":"Doom and Gloom","floor":14.0},{"not_picked":["Conserve Battery","Sweeping Beam"],"picked":"Seek","floor":15.0},{"not_picked":["Meteor Strike","Multi-Cast"],"picked":"Reboot","floor":16.0},{"not_picked":["Redo","Gash","Steam"],"picked":"SKIP","floor":18.0},{"not_picked":["Auto Shields","Redo","hubris:PowerSurge"],"picked":"SKIP","floor":21.0},{"not_picked":["Hologram","Self Repair","Doom and Gloom"],"picked":"SKIP","floor":23.0},{"not_picked":["Chill","Stack"],"picked":"Undo","floor":25.0},{"not_picked":["Rebound","Redo+1"],"picked":"Loop+1","floor":28.0},{"not_picked":["Skim","Turbo"],"picked":"Compile Driver+1","floor":30.0},{"not_picked":["Sweeping Beam","Cold Snap","Fusion"],"picked":"SKIP","floor":31.0},{"not_picked":["hubris:SpecializedCircuitry","hubris:DoWhile"],"picked":"Multi-Cast","floor":33.0},{"not_picked":["Recycle+1","Steam Power"],"picked":"Capacitor","floor":35.0},{"not_picked":["Rip and Tear","Loop","Redo"],"picked":"SKIP","floor":37.0},{"not_picked":["Deep Breath","Thinking Ahead"],"picked":"Panache","floor":38.0},{"not_picked":["Undo+1","Melter","Sweeping Beam"],"picked":"SKIP","floor":40.0},{"not_picked":["Streamline","Redo","Turbo+1"],"picked":"SKIP","floor":42.0},{"not_picked":["Go for the Eyes","BootSequence","Hello World"],"picked":"SKIP","floor":45.0},{"not_picked":["Go for the Eyes","Recycle","Redo+1"],"picked":"SKIP","floor":48.0},{"not_picked":["Go for the Eyes","Recycle","Redo+1"],"picked":"SKIP","floor":48.0}],"player_experience":3312540,"relics_obtained":[{"floor":6.0,"key":"hubris:SphereOfDissonance"},{"floor":9.0,"key":"Dream Catcher"},{"floor":26.0,"key":"CaptainsWheel"},{"floor":33.0,"key":"Strawberry"},{"floor":40.0,"key":"Ice Cream"},{"floor":47.0,"key":"Anchor"}],"event_choices":[{"damage_healed":0.0,"max_hp_gain":0.0,"max_hp_loss":0.0,"gold_gain":0.0,"event_name":"Upgrade Shrine","player_choice":"Upgraded","floor":2.0,"gold_loss":0.0,"damage_taken":0.0,"cards_upgraded":["Go for the Eyes"]},{"damage_healed":0.0,"max_hp_gain":0.0,"max_hp_loss":0.0,"gold_gain":0.0,"event_name":"Living Wall","player_choice":"Grow","floor":7.0,"gold_loss":0.0,"damage_taken":0.0,"cards_upgraded":["White Noise"]},{"damage_healed":0.0,"max_hp_gain":0.0,"max_hp_loss":0.0,"gold_gain":0.0,"event_name":"Scrap Ooze","player_choice":"Success","floor":13.0,"gold_loss":0.0,"damage_taken":5.0,"relics_obtained":["Blood Vial"]},{"damage_healed":0.0,"max_hp_gain":0.0,"max_hp_loss":0.0,"gold_gain":50.0,"event_name":"Nest","player_choice":"Stole From Cult","floor":20.0,"gold_loss":0.0,"damage_taken":0.0},{"damage_healed":0.0,"max_hp_gain":0.0,"max_hp_loss":0.0,"gold_gain":0.0,"event_name":"Duplicator","player_choice":"Copied","floor":22.0,"gold_loss":0.0,"damage_taken":0.0,"cards_obtained":["Seek"]},{"damage_healed":0.0,"max_hp_gain":0.0,"max_hp_loss":0.0,"gold_gain":0.0,"event_name":"Back to Basics","player_choice":"Simplicity","floor":27.0,"gold_loss":0.0,"damage_taken":0.0,"cards_upgraded":["Strike_B","Strike_B","Strike_B","Strike_B","Defend_B","Defend_B","Defend_B"]},{"damage_healed":0.0,"max_hp_gain":0.0,"max_hp_loss":0.0,"gold_gain":0.0,"event_name":"Match and Keep!","player_choice":"0 cards matched","floor":29.0,"gold_loss":0.0,"damage_taken":0.0,"cards_obtained":[]},{"damage_healed":0.0,"max_hp_gain":0.0,"max_hp_loss":0.0,"gold_gain":0.0,"event_name":"SensoryStone","player_choice":"Memory 1","floor":38.0,"gold_loss":0.0,"damage_taken":0.0}],"is_beta":false,"boss_relics":[{"not_picked":["hubris:GrandSneckoEye","Tiny House"],"picked":"Nuclear Battery"},{"not_picked":["Runic Pyramid","hubris:BlackHole"],"picked":"hubris:RunicObelisk"}],"items_purged_floors":[0,36],"is_endless":false,"potions_floor_spawned":[1,4,6,11,14,16,18,21,23,25,28,30,31,33,35,37,40,42,45,48],"killed_by":"Shield and Spear","ascension_level":18}}