{"host":"aqym1xxr3lb31d9m","time":1611767533,"event":{"mods":["BaseMod","Block Reminder","Colored Map","Colored Powertips","DeckTracker","Highlight Path","Minty Spire (QoL Compilation)","Quick Restart","Random Character Button","StSLib","SuperFastMode","UnlockEverythingMod"],"gold_per_floor":[109,109,109,184,20,72,231,278,302,337,287,311,325,350,350,350,350],"floor_reached":16,"language":"JPN","playtime":439,"items_purged":["Doubt"],"score":336,"play_id":"c4e4ac3d-e208-4809-901e-711f9cb30ec2","local_time":"20210128021213","is_ascension_mode":true,"campfire_choices":[{"floor":15,"key":"REST"}],"circlet_count":0,"master_deck":["AscendersBane","Strike_B","Strike_B","Strike_B","Strike_B","Defend_B","Defend_B","Defend_B","Defend_B","Zap","Dualcast","White Noise","BootSequence","Defragment","Ball Lightning","Go for the Eyes","Gash","Defragment","Biased Cognition","Chaos"],"relics":["Cracked Core","NeowsBlessing","Golden Idol","Orrery","CeramicFish","White Beast Statue","Smiling Mask","PreservedInsect"],"acts_visited":["Exordium"],"potions_floor_usage":[10,10,10,13,14,14],"damage_taken":[{"damage":0,"enemies":"2 Louse","floor":1,"turns":1},{"damage":0,"enemies":"3 Sentries","floor":6,"turns":1},{"damage":0,"enemies":"Lagavulin","floor":8,"turns":1},{"damage":24,"enemies":"Gremlin Nob","floor":10,"turns":4},{"damage":0,"enemies":"Small Slimes","floor":12,"turns":2},{"damage":0,"enemies":"Cultist","floor":13,"turns":3},{"damage":0,"enemies":"2 Fungi Beasts","floor":14,"turns":2},{"damage":28,"enemies":"Hexaghost","floor":16,"turns":7}],"seed_played":"-4108640985118516001","potions_obtained":[{"floor":1,"key":"EntropicBrew"},{"floor":6,"key":"SkillPotion"},{"floor":10,"key":"Swift Potion"},{"floor":13,"key":"Strength Potion"},{"floor":14,"key":"SteroidPotion"}],"is_trial":false,"path_per_floor":["M","?","?","?","$","E","?","E","T","E","$","M","M","M","R","B"],"character_chosen":"DEFECT","items_purchased":["Orrery"],"campfire_rested":1,"item_purchase_floors":[5],"current_hp_per_floor":[64,40,40,29,29,29,29,29,29,5,5,5,5,5,26,0,0],"gold":350,"neow_bonus":"THREE_ENEMY_KILL","is_daily":false,"chose_seed":false,"campfire_upgraded":0,"win_rate":0.0,"timestamp":1611767533,"path_taken":["M","?","?","?","$","E","?","E","T","E","?","M","?","M","R","BOSS"],"items_purchased_type":["Relic"],"build_version":"2020-12-22","purchased_purges":1,"victory":false,"max_hp_per_floor":[71,71,71,71,71,71,71,71,71,71,71,71,71,71,71,71,71],"card_choices":[{"not_picked":["Sweeping Beam","Double Energy"],"picked":"White Noise","floor":1},{"not_picked":["Leap","Turbo"],"picked":"BootSequence","floor":5},{"not_picked":["Darkness","Chaos"],"picked":"Defragment","floor":5},{"not_picked":["Cold Snap","Storm"],"picked":"Ball Lightning","floor":5},{"not_picked":["Rebound","Redo"],"picked":"Go for the Eyes","floor":5},{"not_picked":["Barrage","Turbo"],"picked":"Gash","floor":5},{"not_picked":["Leap","Blizzard"],"picked":"Defragment","floor":6},{"not_picked":["Hello World","Rainbow"],"picked":"Biased Cognition","floor":8},{"not_picked":["Fusion","Reprogram","Thunder Strike"],"picked":"SKIP","floor":10},{"not_picked":["Go for the Eyes","Double Energy","Hello World"],"picked":"SKIP","floor":12},{"not_picked":["Redo","Turbo","Hello World"],"picked":"SKIP","floor":13},{"not_picked":["Streamline","Coolheaded"],"picked":"Chaos","floor":14}],"player_experience":4109026,"relics_obtained":[{"floor":6,"key":"CeramicFish"},{"floor":8,"key":"White Beast Statue"},{"floor":9,"key":"Smiling Mask"},{"floor":10,"key":"PreservedInsect"}],"event_choices":[{"damage_healed":0,"gold_gain":0,"player_choice":"Take Damage","damage_taken":24,"relics_obtained":["Golden Idol"],"max_hp_gain":0,"max_hp_loss":0,"event_name":"Golden Idol","floor":2,"gold_loss":0},{"damage_healed":0,"gold_gain":0,"player_choice":"Ignored","damage_taken":0,"max_hp_gain":0,"max_hp_loss":0,"event_name":"Shining Light","floor":3,"gold_loss":0},{"damage_healed":0,"gold_gain":75,"player_choice":"Gather Gold","damage_taken":11,"max_hp_gain":0,"max_hp_loss":0,"event_name":"World of Goop","floor":4,"gold_loss":0},{"damage_healed":0,"gold_gain":150,"player_choice":"AGREE","damage_taken":0,"max_hp_gain":0,"max_hp_loss":0,"event_name":"Liars Game","floor":7,"gold_loss":0,"cards_obtained":["Doubt"]}],"is_beta":false,"boss_relics":[],"items_purged_floors":[11],"is_endless":false,"potions_floor_spawned":[1,6,10,12,13,14],"killed_by":"Hexaghost","ascension_level":20}}