{"host":"y4sghvfd0ewtcchd","time":1611772728,"event":{"mods":["Aspiration","BaseMod","Better Debug","Better Note","Better Third Choice","BetterRewards","Block Reminder","Colored Map","Colored Powertips","Highlight Path","Hubris","Infinite Spire","Minty Spire (QoL Compilation)","Relic Sorter","Relic Stats","Replay The Spire","Robot Space Explorer","Shop Mod","Spicy Shops","StSLib","The Jungle","The Saiyan"],"gold_per_floor":[119,0,0,0,10,10,37,53,99,99,132,153,153,166,166,265,265,278,278,296,309,309,353,353,391,391,429,429,47,47,90,90,192,192,227,262,300,156,187,187,520,585,608,680,680,680,741,799,799,799,799,799,1174,1275,1275],"floor_reached":56,"language":"ENG","playtime":3372,"items_purged":["hubris:Compulsion"],"score":4117,"play_id":"e4e84d77-53a6-4a98-ac1f-491a51c789d5","local_time":"20210127213848","is_ascension_mode":true,"campfire_choices":[{"data":"Fluid Movement","floor":6.0,"key":"SMITH"},{"data":"hubris:EnhanceAbility","floor":13.0,"key":"SMITH"},{"floor":15.0,"key":"REST"},{"data":"Infinite Blades","floor":24,"key":"SMITH"},{"data":"Cloak And Dagger","floor":30,"key":"SMITH"},{"data":"Neutralize","floor":32,"key":"SMITH"},{"floor":40,"key":"RECALL"},{"data":"Adrenaline","floor":45,"key":"SMITH"},{"data":"Bullet Time","floor":49,"key":"SMITH"},{"data":"aspiration:Lunge","floor":52,"key":"SMITH"}],"circlet_count":0,"master_deck":["AscendersBane","Strike_G","Strike_G","Strike_G","Strike_G","Defend_G","Defend_G","Defend_G","Defend_G+1","Defend_G","Survivor","Neutralize+1","Fluid Movement+1","ReplayTheSpireMod:Scrap Shanks","hubris:Sniper+1","Mind Blast+1","hubris:EnhanceAbility+1","ReplayTheSpireMod:Scrap Shanks","hubris:Sniper","Bane","Cloak And Dagger+1","Deflect","Escape Plan","PiercingWail","Poisoned Strike","Replay:Bootleg Shield Generator","Infinite Blades+1","Acrobatics","Tactician","aspiration:Lunge+1","All Out Attack","Bullet Time+1","ReplayTheSpireMod:Speed Training","Prepared+1","Accuracy+1","Flying Knee+1","Masterful Stab","Concentrate","Adrenaline+1","Footwork+1","Prepared+1","Prepared+1","Deflect","Expertise","Pot Of Greed","Pot Of Greed","Pot Of Greed","Pot Of Greed","ReplayTheSpireMod:Shiv Toss","ReplayTheSpireMod:Scrap Shanks","ReplayUltimateDefense","ReplayTheSpireMod:Exploit Weakness","Pot Of Greed"],"relics":["Ring of the Snake","ReplayFunnel","ClockworkSouvenir","aspiration:FrozenJewel","Kunai","ReplayTheSpireMod:Lightbulb","Lantern","TwistedFunnel","Gremlin Horn","Replay:Rubber Ducky","Orrery","Calipers","Anchor","Pet Ghost","hubris:Potato","Sozu","Ring of Fury","aspiration:Stabinomicon","Happy Flower","Nunchaku","hubris:SphereOfDissonance","infinitespire:Lychee Nut","ReplayTheSpireMod:Shallot","Sling","aspiration:VileToxins","infinitespire:EvilPickle","hubris:TerracottaHorce","aspiration:SneckoTail","hubris:Spice","Juzu Bracelet","ReplayTheSpireMod:CursedCoin","hubris:NiceRug","Replay:Bottled Eggs","aspiration:Lifesprig","hubris:SlimyHat","Grinning Jar","War Paint"],"acts_visited":["Exordium","TheCity","TheBeyond","TheEnding"],"potions_floor_usage":[],"damage_taken":[{"damage":0.0,"enemies":"2 Louse","floor":1.0,"turns":1.0},{"damage":0.0,"enemies":"Small Slimes","floor":5.0,"turns":2.0},{"damage":5.0,"enemies":"Lagavulin","floor":7.0,"turns":4.0},{"damage":0.0,"enemies":"Cultist","floor":8.0,"turns":2.0},{"damage":0.0,"enemies":"Replay:BlueRogue","floor":11.0,"turns":7.0},{"damage":0.0,"enemies":"3 Louse","floor":12.0,"turns":2.0},{"damage":0.0,"enemies":"2 Fungi Beasts","floor":14.0,"turns":2.0},{"damage":0.0,"enemies":"Fading Forest","floor":16.0,"turns":11.0},{"damage":0,"enemies":"Spheric Guardian","floor":18,"turns":4},{"damage":0,"enemies":"Shell Parasite","floor":20,"turns":3},{"damage":0,"enemies":"Snecko","floor":21,"turns":4},{"damage":0,"enemies":"Slavers","floor":23,"turns":4},{"damage":0,"enemies":"Gremlin Leader","floor":25,"turns":2},{"damage":0,"enemies":"Slavers","floor":27,"turns":3},{"damage":0,"enemies":"Book of Stabbing","floor":31,"turns":2},{"damage":0,"enemies":"Pondfish","floor":33,"turns":4},{"damage":0,"enemies":"3 Darklings","floor":35,"turns":2},{"damage":0,"enemies":"Orb Walker","floor":36,"turns":2},{"damage":0,"enemies":"Jaw Worm Horde","floor":37,"turns":2},{"damage":0,"enemies":"Writhing Mass","floor":39,"turns":3},{"damage":0,"enemies":"Nemesis","floor":42,"turns":3},{"damage":0,"enemies":"Reptomancer","floor":44,"turns":3},{"damage":0,"enemies":"Spire Growth","floor":47,"turns":2},{"damage":0,"enemies":"Jaw Worm Horde","floor":48,"turns":2},{"damage":0,"enemies":"hubris:GrandSnecko","floor":50,"turns":3},{"damage":0,"enemies":"hubris:Merchant","floor":53,"turns":4},{"damage":0,"enemies":"Shield and Spear","floor":54,"turns":4},{"damage":0,"enemies":"The Heart","floor":55,"turns":6}],"seed_played":"7980757707236103113","potions_obtained":[{"floor":1.0,"key":"SpeedPotion"},{"floor":7.0,"key":"DistilledChaos"},{"floor":12.0,"key":"Block Potion"}],"is_trial":false,"path_per_floor":["M","$","?","?","M","R","E","M","T","?","E","M","R","M","R","B",null,"M","?","M","M","?","E","R","E","T","E","?","$","R","E","R","B",null,"M","M","M","$","M","R","?","E","T","E","R","?","M","M","R","B",null,"R","$","E","B",null],"character_chosen":"THE_SILENT","items_purchased":["Fluid Movement","ReplayFunnel","ClockworkSouvenir","aspiration:FrozenJewel","Kunai","ReplayTheSpireMod:Scrap Shanks","ReplayTheSpireMod:Lightbulb","hubris:Sniper","Mind Blast","Lantern","hubris:EnhanceAbility","ReplayTheSpireMod:Scrap Shanks","hubris:Sniper","TwistedFunnel","Gremlin Horn","Replay:Rubber Ducky","Orrery","Poisoned Strike","Replay:Bootleg Shield Generator","Infinite Blades","SkillPotion","Calipers","Acrobatics","ReplayTheSpireMod:Shallot","Sling","aspiration:SneckoTail","ReplayTheSpireMod:CursedCoin"],"campfire_rested":1,"item_purchase_floors":[0,0,0,0,0,0,0,0,0,0,0,0,0,0,0,0,0,0,0,0,0,2,2,29,29,38,53],"current_hp_per_floor":[21,21,21,44,44,44,39,39,39,39,39,39,39,39,58,65,65,65,65,65,65,49,49,49,49,49,48,48,48,48,48,48,48,48,48,48,48,48,48,48,48,56,56,56,56,56,56,56,56,56,56,56,64,64,64],"gold":1275,"neow_bonus":"","is_daily":false,"chose_seed":false,"campfire_upgraded":8,"win_rate":0.0,"timestamp":1611772728,"path_taken":["M","$","?","?","M","R","E","M","T","?","E","M","R","M","R","BOSS","M","?","M","M","?","E","R","E","T","E","?","$","R","E","R","BOSS","M","M","M","$","?","R","?","E","T","E","R","?","M","M","R","BOSS","R","$","E","BOSS"],"items_purchased_type":["Card","Relic","Relic","Relic","Relic","Card","Relic","Card","Card","Relic","Card","Card","Card","Relic","Relic","Relic","Relic","Card","Card","Card","Potion","Relic","Card","Relic","Relic","Relic","Relic"],"build_version":"2020-12-22","purchased_purges":1,"victory":true,"max_hp_per_floor":[70,70,70,70,70,70,70,70,70,65,65,65,65,65,65,65,65,65,65,65,65,65,65,65,65,65,48,48,48,48,48,48,48,48,48,48,48,48,48,48,48,56,56,56,56,56,56,56,56,56,56,56,64,64,64],"relic_stats":{"Sozu":6,"Nunchaku":[20],"Gremlin Horn":[26,26],"Happy Flower":[15],"counters":[487,2044],"Juzu Bracelet":0,"Kunai":[83],"War Paint":["Defend_G","hubris:Sniper"],"obtain_stats":[{"aspiration:SneckoTail":38,"Vampiric Spirits":46,"downfall:HeartBlessingGreen":10,"aspiration:PoetsPen_weak":17,"hubris:MysteriousPyramids":9,"Sling":55,"Ring of Searing":38,"Blood Vial":43,"Replay:Wanted Poster":34,"infinitespire:ShieldingShard":13,"hubris:HerbalPaste":0,"hubris:AstralHammer":40,"Replay:Bronze Core":34,"Fusion Hammer":34,"Replay:Bottled Flurry":46,"Replay:Bottled Steam":53,"hubris:MobiusCoin":6,"MerchantsRug":53,"Eternal Feather":53,"Pen Nib":25,"ReplayTheSpireMod:SealedPack":17,"infinitespire:Magic Flask":9,"infinitespire:EvilPickle":33,"infinitespire:Broken Mirror":54,"infinitespire:Lychee Nut":27,"Bird Faced Urn":39,"Unceasing Top":14,"hubris:Reverence":23,"Regal Pillow":29,"Torii":7,"Singing Bowl":25,"hubris:EmptyBottle":29,"Ancient Tea Set":5,"Pet Ghost":41,"Ring of Fangs":46,"hubris:Backtick":34,"infinitespire:Bottled Soul":43,"aspiration:AnachronicSnailShell":41,"Toolbox":53,"hubris:CuriousFeather":38,"Replay:Bottled Eggs":53,"infinitespire:Eraser":23,"InkBottle":25,"aspiration:ChemicalBlood":24,"Ring of the Snake":0,"Potion Belt":44,"Lee\u0027s Waffle":53,"Replay:M_StaffOfTheSnake":0,"Replay:Fungal Core":29,"NeowsBlessing":0,"hubris:64BitClover":0,"Golden Idol":10,"PreservedInsect":26,"infinitespire:Lucky Rock":26,"hubris:Towel":30,"Replay:Arrowhead":0,"Ornamental Fan":6,"hubris:Spice":42,"Art of War":37,"Garlic":11,"infinitespire:Midas Blood":0,"hubris:BottledRain":17,"Ice Cream":44,"Calipers":23,"Gremlin Horn":38,"aspiration:Stabinomicon":22,"hubris:TerracottaHorce":48,"Sozu":17,"Centennial Puzzle":48,"Prayer Wheel":11,"Iron Hammer":54,"hubris:DuctTape":34,"ReplayTheSpireMod:CursedCoin":53,"Replay:Grab Bag":34,"Ring of Chaos":34,"SaiyanHeart":0,"aspiration:HiddenCompartment":29,"hubris:Zylophone":53,"hubris:PeanutButter":9,"infinitespire:EmpoweringShard":0,"aspiration:HatOfInfinitePower":37,"Mirror":9,"Pocketwatch":36,"aspiration:TomeofQuesting":38,"Snake Skull":7,"Juzu Bracelet":44,"hubris:RunicObelisk":17,"aspiration:StickyExplosives_weak":24,"Tough Bandages":9,"Dream Catcher":23,"Nunchaku":25,"hubris:Icosahedron":47,"TheAbacus":53,"Chameleon Ring":25,"aspiration:DefectSkillbook":34,"downfall:HeartBlessingBlue":18,"Red Mask":31,"Runic Pyramid":21,"hubris:KleinBottle":37,"Guide Book":0,"Replay:WaspNest":53,"Odd Mushroom":13,"Mercury Hourglass":6,"Calling Bell":47,"Strange Spoon":53,"Cauldron":53,"Pondfish Scales":29,"infinitespire:Satchel":31,"SaiyanSoul":0,"Bag of Marbles":6,"Membership Card":20,"hubris:AncientText":36,"FossilizedHelix":36,"hubris:OldNail":0,"TwistedFunnel":0,"infinitespire:BottledMercury":46,"Golden Egg":53,"Ginger":25,"Whetstone":29,"Bottled Tornado":0,"Boot":52,"aspiration:RitualStick":25,"Replay:Ringing Soul":43,"MealTicket":48,"hubris:DeckOfHolding":28,"infinitespire:Golems Mask":48,"Kunai":47,"Replay:Wax Seal":18,"hubris:TinFlute":53,"Pear":20,"Counterbalance":38,"ReplayTheSpireMod:Ring of Addiction":46,"hubris:SphereOfDissonance":0,"Replay:Ancient Bell":34,"aspiration:IroncladSkillbook":17,"aspiration:FrozenJewel":9,"SlaversCollar":17,"Pandora\u0027s Box":34,"hubris:TenFootPole":2,"infinitespire:PuzzleCube":24,"Abe\u0027s Treasure":17,"aspiration:Lifesprig":0,"Lantern":40,"hubris:Metronome":41,"Blue Doll":52,"Bag of Preparation":42,"Replay:Multitool":20,"Cursed Key":34,"Replay:Rubber Ducky":36,"Shovel":3,"Ring of Peace":38,"WingedGreaves":36,"Ring of Panic":10,"hubris:GlazedTorus":46,"aspiration:VileToxins":42,"downfall:HeartBlessingRed":10,"Basket Of Snakes":31,"Damaru":6,"Thread and Needle":53,"The Courier":41,"infinitespire:Joker Card":0,"Omamori":45,"infinitespire:CheckeredPen":43,"MawBank":41,"Busted Crown":17,"Orrery":0,"Turnip":19,"Bottled Lightning":52,"ReplayTheSpireMod:Onyx Gauntlets":34,"ReplayTheSpireMod:Lightbulb":0,"Toy Ornithopter":46,"hubris:CrystalStatue":41,"Vajra":12,"Lizard Tail":13,"DollysMirror":20,"Strawberry":49,"aspiration:ArtOfWarUpgrade":49,"Toxic Egg 2":0,"Byrd Skull":41,"Happy Flower":43,"Astrolabe":17,"Oddly Smooth Stone":10,"infinitespire:Beetle Shell":53,"aspiration:SeaSaltIceCream":41,"Letter Opener":31,"War Paint":9,"Question Card":25,"Replay:Baseball":29,"Bottled Flame":8,"ReplayTheSpireMod:Shallot":36,"Shuriken":0,"Bronze Scales":54,"Molten Egg 2":23,"ReplayTheSpireMod:TigerMarble":43,"Black Star":17,"Grinning Jar":17,"Meat on the Bone":4,"ReplayFunnel":36,"Darkstone Periapt":24,"ReplayTheSpireMod:Ring of Exchange":3,"Replay:PocketPolymizer":31,"SacredBark":46,"Mango":20,"hubris:SlimyHat":36,"ClockworkSouvenir":53,"Replay:Bandana":0,"Mummified Hand":19,"Gambling Chip":0,"Pantograph":0,"infinitespire:Chaos":0,"Gremlin Food":21,"BargainBundle":0,"ReplayTheSpireMod:Ninjato":41,"infinitespire:CursedDice":8,"Quantum Egg":43,"ReplayTheSpireMod:Ring of Sloth":10,"infinitespire:EmptyRelic":0,"aspiration:HummingbirdHeart":0,"Orichalcum":47,"Anchor":37,"CaptainsWheel":17,"infinitespire:WardingShard":12,"ChewingGum":17,"Ring of Fury":19,"Snack Pack":0,"PureWater":0,"TungstenRod":29,"hubris:Potato":0,"hubris:NiceRug":53},{"aspiration:SneckoTail":478,"Vampiric Spirits":144,"downfall:HeartBlessingGreen":6,"aspiration:PoetsPen_weak":187,"hubris:MysteriousPyramids":97,"Sling":207,"Ring of Searing":83,"Blood Vial":85,"Replay:Wanted Poster":168,"infinitespire:ShieldingShard":70,"hubris:HerbalPaste":92,"hubris:AstralHammer":24,"Replay:Bronze Core":51,"Fusion Hammer":196,"Replay:Bottled Flurry":116,"Replay:Bottled Steam":321,"hubris:MobiusCoin":4,"MerchantsRug":32,"Eternal Feather":262,"Pen Nib":16,"ReplayTheSpireMod:SealedPack":244,"infinitespire:Magic Flask":37,"infinitespire:EvilPickle":51,"infinitespire:Broken Mirror":120,"infinitespire:Lychee Nut":473,"Bird Faced Urn":113,"Unceasing Top":186,"hubris:Reverence":223,"Regal Pillow":18,"Torii":4,"Singing Bowl":386,"hubris:EmptyBottle":18,"Ancient Tea Set":4,"Pet Ghost":24,"Ring of Fangs":27,"hubris:Backtick":196,"infinitespire:Bottled Soul":26,"aspiration:AnachronicSnailShell":114,"Toolbox":353,"hubris:CuriousFeather":54,"Replay:Bottled Eggs":32,"infinitespire:Eraser":249,"InkBottle":107,"aspiration:ChemicalBlood":15,"Ring of the Snake":0,"Potion Belt":86,"Lee\u0027s Waffle":177,"Replay:M_StaffOfTheSnake":371,"Replay:Fungal Core":165,"NeowsBlessing":371,"hubris:64BitClover":323,"Golden Idol":463,"PreservedInsect":223,"infinitespire:Lucky Rock":276,"hubris:Towel":136,"Replay:Arrowhead":371,"Ornamental Fan":151,"hubris:Spice":480,"Art of War":23,"Garlic":98,"infinitespire:Midas Blood":92,"hubris:BottledRain":158,"Ice Cream":144,"Calipers":105,"Gremlin Horn":392,"aspiration:Stabinomicon":470,"hubris:TerracottaHorce":232,"Sozu":244,"Centennial Puzzle":29,"Prayer Wheel":329,"Iron Hammer":146,"hubris:DuctTape":196,"ReplayTheSpireMod:CursedCoin":60,"Replay:Grab Bag":196,"Ring of Chaos":22,"SaiyanHeart":0,"aspiration:HiddenCompartment":78,"hubris:Zylophone":401,"hubris:PeanutButter":153,"infinitespire:EmpoweringShard":323,"aspiration:HatOfInfinitePower":23,"Mirror":127,"Pocketwatch":112,"aspiration:TomeofQuesting":24,"Snake Skull":184,"Juzu Bracelet":481,"hubris:RunicObelisk":362,"aspiration:StickyExplosives_weak":191,"Tough Bandages":359,"Dream Catcher":384,"Nunchaku":472,"hubris:Icosahedron":144,"TheAbacus":401,"Chameleon Ring":445,"aspiration:DefectSkillbook":225,"downfall:HeartBlessingBlue":11,"Red Mask":279,"Runic Pyramid":74,"hubris:KleinBottle":23,"Guide Book":147,"Replay:WaspNest":60,"Odd Mushroom":156,"Mercury Hourglass":295,"Calling Bell":88,"Strange Spoon":262,"Cauldron":321,"Pondfish Scales":18,"infinitespire:Satchel":80,"SaiyanSoul":0,"Bag of Marbles":36,"Membership Card":13,"hubris:AncientText":112,"FossilizedHelix":169,"hubris:OldNail":264,"TwistedFunnel":121,"infinitespire:BottledMercury":58,"Golden Egg":401,"Ginger":250,"Whetstone":369,"Bottled Tornado":236,"Boot":32,"aspiration:RitualStick":367,"Replay:Ringing Soul":257,"MealTicket":59,"hubris:DeckOfHolding":77,"infinitespire:Golems Mask":144,"Kunai":88,"Replay:Wax Seal":11,"hubris:TinFlute":353,"Pear":189,"Counterbalance":24,"ReplayTheSpireMod:Ring of Addiction":27,"hubris:SphereOfDissonance":121,"Replay:Ancient Bell":253,"aspiration:IroncladSkillbook":42,"aspiration:FrozenJewel":67,"SlaversCollar":11,"Pandora\u0027s Box":137,"hubris:TenFootPole":180,"infinitespire:PuzzleCube":45,"Abe\u0027s Treasure":272,"aspiration:Lifesprig":62,"Lantern":171,"hubris:Metronome":200,"Blue Doll":32,"Bag of Preparation":85,"Replay:Multitool":335,"Cursed Key":111,"Replay:Rubber Ducky":23,"Shovel":2,"Ring of Peace":83,"WingedGreaves":140,"Ring of Panic":97,"hubris:GlazedTorus":88,"aspiration:VileToxins":257,"downfall:HeartBlessingRed":6,"Basket Of Snakes":224,"Damaru":67,"Thread and Needle":321,"The Courier":229,"infinitespire:Joker Card":323,"Omamori":27,"infinitespire:CheckeredPen":284,"MawBank":427,"Busted Crown":131,"Orrery":236,"Turnip":381,"Bottled Lightning":400,"ReplayTheSpireMod:Onyx Gauntlets":196,"ReplayTheSpireMod:Lightbulb":264,"Toy Ornithopter":27,"hubris:CrystalStatue":114,"Vajra":155,"Lizard Tail":216,"DollysMirror":13,"Strawberry":30,"aspiration:ArtOfWarUpgrade":175,"Toxic Egg 2":291,"Byrd Skull":257,"Happy Flower":114,"Astrolabe":380,"Oddly Smooth Stone":6,"infinitespire:Beetle Shell":32,"aspiration:SeaSaltIceCream":24,"Letter Opener":447,"War Paint":6,"Question Card":107,"Replay:Baseball":18,"Bottled Flame":127,"ReplayTheSpireMod:Shallot":112,"Shuriken":264,"Bronze Scales":120,"Molten Egg 2":105,"ReplayTheSpireMod:TigerMarble":26,"Black Star":100,"Grinning Jar":158,"Meat on the Bone":94,"ReplayFunnel":169,"Darkstone Periapt":305,"ReplayTheSpireMod:Ring of Exchange":266,"Replay:PocketPolymizer":422,"SacredBark":27,"Mango":13,"hubris:SlimyHat":23,"ClockworkSouvenir":32,"Replay:Bandana":147,"Mummified Hand":43,"Gambling Chip":33,"Pantograph":403,"infinitespire:Chaos":371,"Gremlin Food":74,"BargainBundle":62,"ReplayTheSpireMod:Ninjato":143,"infinitespire:CursedDice":269,"Quantum Egg":56,"ReplayTheSpireMod:Ring of Sloth":97,"infinitespire:EmptyRelic":371,"aspiration:HummingbirdHeart":236,"Orichalcum":88,"Anchor":83,"CaptainsWheel":158,"infinitespire:WardingShard":243,"ChewingGum":333,"Ring of Fury":468,"Snack Pack":62,"PureWater":0,"TungstenRod":109,"hubris:Potato":179,"hubris:NiceRug":177},{"aspiration:SneckoTail":2014,"Vampiric Spirits":705,"downfall:HeartBlessingGreen":31,"aspiration:PoetsPen_weak":930,"hubris:MysteriousPyramids":480,"Sling":992,"Ring of Searing":418,"Blood Vial":426,"Replay:Wanted Poster":818,"infinitespire:ShieldingShard":356,"hubris:HerbalPaste":462,"hubris:AstralHammer":137,"Replay:Bronze Core":277,"Fusion Hammer":971,"Replay:Bottled Flurry":563,"Replay:Bottled Steam":1446,"hubris:MobiusCoin":22,"MerchantsRug":214,"Eternal Feather":1236,"Pen Nib":78,"ReplayTheSpireMod:SealedPack":1150,"infinitespire:Magic Flask":235,"infinitespire:EvilPickle":277,"infinitespire:Broken Mirror":585,"infinitespire:Lychee Nut":2002,"Bird Faced Urn":547,"Unceasing Top":919,"hubris:Reverence":1056,"Regal Pillow":94,"Torii":22,"Singing Bowl":1669,"hubris:EmptyBottle":94,"Ancient Tea Set":22,"Pet Ghost":137,"Ring of Fangs":167,"hubris:Backtick":971,"infinitespire:Bottled Soul":154,"aspiration:AnachronicSnailShell":555,"Toolbox":1548,"hubris:CuriousFeather":289,"Replay:Bottled Eggs":214,"infinitespire:Eraser":1173,"InkBottle":523,"aspiration:ChemicalBlood":72,"Ring of the Snake":0,"Potion Belt":431,"Lee\u0027s Waffle":867,"Replay:M_StaffOfTheSnake":1620,"Replay:Fungal Core":804,"NeowsBlessing":1620,"hubris:64BitClover":1452,"Golden Idol":1960,"PreservedInsect":1056,"infinitespire:Lucky Rock":1305,"hubris:Towel":656,"Replay:Arrowhead":1620,"Ornamental Fan":742,"hubris:Spice":2020,"Art of War":126,"Garlic":487,"infinitespire:Midas Blood":462,"hubris:BottledRain":773,"Ice Cream":705,"Calipers":517,"Gremlin Horn":1693,"aspiration:Stabinomicon":1993,"hubris:TerracottaHorce":1095,"Sozu":1150,"Centennial Puzzle":181,"Prayer Wheel":1463,"Iron Hammer":718,"hubris:DuctTape":971,"ReplayTheSpireMod:CursedCoin":314,"Replay:Grab Bag":971,"Ring of Chaos":116,"SaiyanHeart":0,"aspiration:HiddenCompartment":394,"hubris:Zylophone":1742,"hubris:PeanutButter":749,"infinitespire:EmpoweringShard":1452,"aspiration:HatOfInfinitePower":126,"Mirror":610,"Pocketwatch":545,"aspiration:TomeofQuesting":137,"Snake Skull":909,"Juzu Bracelet":2023,"hubris:RunicObelisk":1580,"aspiration:StickyExplosives_weak":948,"Tough Bandages":1565,"Dream Catcher":1660,"Nunchaku":1999,"hubris:Icosahedron":705,"TheAbacus":1742,"Chameleon Ring":1903,"aspiration:DefectSkillbook":1067,"downfall:HeartBlessingBlue":49,"Red Mask":1318,"Runic Pyramid":381,"hubris:KleinBottle":126,"Guide Book":725,"Replay:WaspNest":314,"Odd Mushroom":763,"Mercury Hourglass":1373,"Calling Bell":441,"Strange Spoon":1236,"Cauldron":1446,"Pondfish Scales":94,"infinitespire:Satchel":402,"SaiyanSoul":0,"Bag of Marbles":233,"Membership Card":56,"hubris:AncientText":545,"FossilizedHelix":823,"hubris:OldNail":1248,"TwistedFunnel":591,"infinitespire:BottledMercury":304,"Golden Egg":1742,"Ginger":1178,"Whetstone":1608,"Bottled Tornado":1121,"Boot":214,"aspiration:RitualStick":1599,"Replay:Ringing Soul":1209,"MealTicket":307,"hubris:DeckOfHolding":389,"infinitespire:Golems Mask":705,"Kunai":441,"Replay:Wax Seal":49,"hubris:TinFlute":1548,"Pear":941,"Counterbalance":137,"ReplayTheSpireMod:Ring of Addiction":167,"hubris:SphereOfDissonance":591,"Replay:Ancient Bell":1192,"aspiration:IroncladSkillbook":246,"aspiration:FrozenJewel":343,"SlaversCollar":49,"Pandora\u0027s Box":666,"hubris:TenFootPole":883,"infinitespire:PuzzleCube":255,"Abe\u0027s Treasure":1290,"aspiration:Lifesprig":323,"Lantern":832,"hubris:Metronome":978,"Blue Doll":214,"Bag of Preparation":426,"Replay:Multitool":1485,"Cursed Key":542,"Replay:Rubber Ducky":126,"Shovel":12,"Ring of Peace":418,"WingedGreaves":683,"Ring of Panic":480,"hubris:GlazedTorus":441,"aspiration:VileToxins":1209,"downfall:HeartBlessingRed":31,"Basket Of Snakes":1060,"Damaru":343,"Thread and Needle":1446,"The Courier":1082,"infinitespire:Joker Card":1452,"Omamori":167,"infinitespire:CheckeredPen":1337,"MawBank":1833,"Busted Crown":632,"Orrery":1121,"Turnip":1651,"Bottled Lightning":1735,"ReplayTheSpireMod:Onyx Gauntlets":971,"ReplayTheSpireMod:Lightbulb":1248,"Toy Ornithopter":167,"hubris:CrystalStatue":555,"Vajra":761,"Lizard Tail":1021,"DollysMirror":56,"Strawberry":193,"aspiration:ArtOfWarUpgrade":853,"Toxic Egg 2":1362,"Byrd Skull":1209,"Happy Flower":555,"Astrolabe":1649,"Oddly Smooth Stone":31,"infinitespire:Beetle Shell":214,"aspiration:SeaSaltIceCream":137,"Letter Opener":1909,"War Paint":31,"Question Card":523,"Replay:Baseball":94,"Bottled Flame":610,"ReplayTheSpireMod:Shallot":545,"Shuriken":1248,"Bronze Scales":585,"Molten Egg 2":517,"ReplayTheSpireMod:TigerMarble":154,"Black Star":500,"Grinning Jar":773,"Meat on the Bone":467,"ReplayFunnel":823,"Darkstone Periapt":1403,"ReplayTheSpireMod:Ring of Exchange":1257,"Replay:PocketPolymizer":1813,"SacredBark":167,"Mango":56,"hubris:SlimyHat":126,"ClockworkSouvenir":214,"Replay:Bandana":725,"Mummified Hand":249,"Gambling Chip":226,"Pantograph":1757,"infinitespire:Chaos":1620,"Gremlin Food":381,"BargainBundle":323,"ReplayTheSpireMod:Ninjato":699,"infinitespire:CursedDice":1272,"Quantum Egg":297,"ReplayTheSpireMod:Ring of Sloth":480,"infinitespire:EmptyRelic":1620,"aspiration:HummingbirdHeart":1121,"Orichalcum":441,"Anchor":418,"CaptainsWheel":773,"infinitespire:WardingShard":1143,"ChewingGum":1480,"Ring of Fury":1986,"Snack Pack":323,"PureWater":0,"TungstenRod":530,"hubris:Potato":879,"hubris:NiceRug":867}],"Ring of the Snake":[232]},"card_choices":[{"not_picked":["ReplayTheSpireMod:The Works","Sucker Punch"],"picked":"Bane","floor":0.0},{"not_picked":["Deadly Poison","Grand Finale"],"picked":"Cloak And Dagger","floor":0.0},{"not_picked":["Replay:Poison Smokescreen","Hidden Blade"],"picked":"Deflect","floor":0.0},{"not_picked":["Dagger Spray","Catalyst"],"picked":"Escape Plan","floor":0.0},{"not_picked":["Slice","Dagger Throw"],"picked":"PiercingWail","floor":0.0},{"not_picked":["hubris:Counter","Dagger Spray","Heel Hook"],"picked":"SKIP","floor":1.0},{"not_picked":["Backflip","Catalyst","Riddle With Holes"],"picked":"SKIP","floor":5.0},{"not_picked":["Heel Hook","Infinite Blades"],"picked":"Tactician","floor":7.0},{"not_picked":["Dodge and Roll","Terror"],"picked":"aspiration:Lunge","floor":8.0},{"not_picked":["Deadly Poison","Quick Slash","Flying Knee"],"picked":"SKIP","floor":11.0},{"not_picked":["Heel Hook","Dodge and Roll"],"picked":"All Out Attack","floor":12.0},{"not_picked":["Bane","Distraction","Quick Slash"],"picked":"SKIP","floor":14.0},{"not_picked":["aspiration:Lunge","Wraith Form v2"],"picked":"Bullet Time","floor":16.0},{"not_picked":["Deadly Poison","Quick Slash"],"picked":"ReplayTheSpireMod:Speed Training","floor":18},{"not_picked":["Flying Knee","Footwork"],"picked":"Prepared","floor":20},{"not_picked":["Caltrops","Quick Slash"],"picked":"Accuracy+1","floor":21},{"not_picked":["Deadly Poison","Atom Bomb"],"picked":"Flying Knee+1","floor":23},{"not_picked":["Dodge and Roll","Choke"],"picked":"Masterful Stab","floor":25},{"not_picked":["Toxin Wave","Endless Agony"],"picked":"Concentrate","floor":27},{"not_picked":["Quick Slash+1","Hidden Blade","Dodge and Roll"],"picked":"SKIP","floor":31},{"not_picked":["Wraith Form v2","Poison Darts"],"picked":"Adrenaline","floor":33},{"not_picked":["Slice","Quick Slash","PiercingWail+1"],"picked":"SKIP","floor":35},{"not_picked":["Riddle With Holes","Masterful Stab"],"picked":"Footwork+1","floor":36},{"not_picked":["Setup+1","Bane","Well Laid Plans"],"picked":"SKIP","floor":37},{"not_picked":["Acrobatics","Sucker Punch"],"picked":"Prepared","floor":39},{"not_picked":["Backflip","Sucker Punch","Poisoned Stab"],"picked":"SKIP","floor":42},{"not_picked":["Night Terror","hubris:SlightOfHand"],"picked":"Prepared","floor":44},{"not_picked":["Deadly Poison","Outmaneuver+1"],"picked":"Deflect","floor":47},{"not_picked":["Poisoned Stab","Skewer+1"],"picked":"Expertise","floor":48},{"not_picked":[],"picked":"ReplayTheSpireMod:Shiv Toss","floor":53},{"not_picked":[],"picked":"ReplayTheSpireMod:Scrap Shanks","floor":53},{"not_picked":[],"picked":"ReplayUltimateDefense","floor":53},{"not_picked":["Dagger Spray"],"picked":"SKIP","floor":53},{"not_picked":["Flechettes"],"picked":"SKIP","floor":53},{"not_picked":["Deadly Poison"],"picked":"SKIP","floor":53},{"not_picked":["Forethought"],"picked":"SKIP","floor":53},{"not_picked":["Underhanded Strike","All Out Attack"],"picked":"ReplayTheSpireMod:Exploit Weakness","floor":54}],"player_experience":688772,"relics_obtained":[{"floor":7.0,"key":"Anchor"},{"floor":9.0,"key":"Pet Ghost"},{"floor":11.0,"key":"hubris:Potato"},{"floor":19,"key":"Ring of Fury"},{"floor":22,"key":"aspiration:Stabinomicon"},{"floor":23,"key":"Happy Flower"},{"floor":25,"key":"Nunchaku"},{"floor":26,"key":"hubris:SphereOfDissonance"},{"floor":27,"key":"infinitespire:Lychee Nut"},{"floor":31,"key":"aspiration:VileToxins"},{"floor":42,"key":"hubris:Spice"},{"floor":44,"key":"Juzu Bracelet"},{"floor":53,"key":"Replay:Bottled Eggs"},{"floor":53,"key":"aspiration:Lifesprig"},{"floor":53,"key":"hubris:SlimyHat"},{"floor":53,"key":"Grinning Jar"},{"floor":53,"key":"hubris:Spice"},{"floor":54,"key":"War Paint"}],"event_choices":[{"damage_healed":23.0,"max_hp_gain":0.0,"max_hp_loss":0.0,"gold_gain":0.0,"event_name":"Big Fish","player_choice":"Banana","floor":4.0,"gold_loss":0.0,"damage_taken":0.0},{"damage_healed":0.0,"max_hp_gain":0.0,"max_hp_loss":5.0,"gold_gain":0.0,"event_name":"Golden Idol","player_choice":"Lose Max HP","floor":10.0,"gold_loss":0.0,"damage_taken":0.0,"relics_obtained":["Golden Idol"]},{"damage_healed":0,"gold_gain":0,"player_choice":"Obtained Book","damage_taken":16,"max_hp_gain":0,"max_hp_loss":0,"event_name":"Cursed Tome","floor":22,"gold_loss":0},{"cards_removed":["Languid"],"damage_healed":0,"gold_gain":0,"player_choice":"Card Removal","damage_taken":0,"max_hp_gain":0,"max_hp_loss":0,"event_name":"Wheel of Change","floor":28,"gold_loss":0},{"damage_healed":0,"gold_gain":333,"player_choice":"Gave Idol","damage_taken":0,"max_hp_gain":0,"max_hp_loss":0,"event_name":"The Moai Head","floor":41,"relics_lost":["Golden Idol"],"gold_loss":0},{"cards_removed":["Strike_G"],"damage_healed":0,"gold_gain":0,"player_choice":"Removed Attack","damage_taken":0,"max_hp_gain":0,"max_hp_loss":0,"event_name":"Falling","floor":46,"gold_loss":0}],"is_beta":false,"boss_relics":[{"not_picked":["Coffee Dripper","Busted Crown"],"picked":"Sozu"},{"not_picked":["Snecko Eye","Honey Jar"],"picked":"hubris:TerracottaHorce"}],"items_purged_floors":[53],"is_endless":false,"potions_floor_spawned":[1,7,12,16,21,25,27,37,39,42,48,54],"ascension_level":18}}