{"host":"kqjncq1jgqa58i7s","time":1611776436,"event":{"mods":["AchievementEnabler","BaseMod","Colored Map","Minty Spire (QoL Compilation)","Relic Stats"],"gold_per_floor":[117,130,144,69,80,80,108,128,155,170,222,222,242,242,242,317,317,329,398,448,290,290,290],"floor_reached":22,"language":"ENG","playtime":1047,"items_purged":["Decay"],"score":476,"play_id":"57c2f8b4-b55e-410f-b7c0-cc070f0ba35a","local_time":"20210127204036","is_ascension_mode":true,"campfire_choices":[{"data":"Eruption","floor":6,"key":"SMITH"},{"data":"Wallop","floor":12,"key":"SMITH"},{"floor":15,"key":"REST"}],"circlet_count":0,"master_deck":["AscendersBane","Strike_P","Strike_P","Strike_P","Defend_P","Defend_P","Defend_P","Defend_P","Eruption+1","Vigilance","FlurryOfBlows","Wallop+1","FlurryOfBlows","EmptyBody","Wallop","Conclude","DeceiveReality","DeceiveReality","Brilliance","FlyingSleeves","Prostrate","Tantrum"],"relics":["PureWater","TeardropLocket","Damaru","SsserpentHead","Black Star"],"acts_visited":["Exordium","TheCity"],"potions_floor_usage":[10,10,16],"damage_taken":[{"damage":6,"enemies":"2 Louse","floor":1,"turns":3},{"damage":8,"enemies":"Small Slimes","floor":2,"turns":6},{"damage":1,"enemies":"Cultist","floor":3,"turns":3},{"damage":21,"enemies":"3 Louse","floor":5,"turns":4},{"damage":16,"enemies":"3 Sentries","floor":7,"turns":9},{"damage":6,"enemies":"Large Slime","floor":8,"turns":3},{"damage":2,"enemies":"Exordium Wildlife","floor":10,"turns":5},{"damage":0,"enemies":"2 Fungi Beasts","floor":13,"turns":2},{"damage":0,"enemies":"Slime Boss","floor":16,"turns":5},{"damage":6,"enemies":"Spheric Guardian","floor":18,"turns":3},{"damage":13,"enemies":"Shell Parasite","floor":19,"turns":10},{"damage":47,"enemies":"Cultist and Chosen","floor":22,"turns":5}],"seed_played":"2240917767916398756","potions_obtained":[{"floor":7,"key":"DuplicationPotion"},{"floor":8,"key":"SkillPotion"},{"floor":13,"key":"BlessingOfTheForge"},{"floor":16,"key":"SpeedPotion"}],"is_trial":false,"path_per_floor":["M","M","M","?","M","R","E","M","T","M","?","R","M","?","R","B",null,"M","M","?","$","M"],"character_chosen":"WATCHER","items_purchased":["Tantrum"],"campfire_rested":1,"item_purchase_floors":[21],"current_hp_per_floor":[61,53,52,52,31,31,15,9,9,7,7,7,7,7,29,29,63,57,44,44,44,0,0],"gold":290,"neow_bonus":"TEN_PERCENT_HP_BONUS","is_daily":false,"chose_seed":false,"campfire_upgraded":2,"win_rate":0.0,"timestamp":1611776436,"path_taken":["M","M","M","?","M","R","E","M","T","M","?","R","M","?","R","BOSS","M","?","?","$","M"],"items_purchased_type":["Card"],"build_version":"2020-12-22","purchased_purges":1,"victory":false,"max_hp_per_floor":[74,74,74,74,74,74,74,74,74,74,74,74,74,74,74,74,74,74,74,74,74,74,74],"relic_stats":{"SsserpentHead":100,"counters":[12,58],"Black Star":0,"obtain_stats":[{"SsserpentHead":14,"Damaru":9,"Black Star":17,"TeardropLocket":7,"PureWater":0},{"SsserpentHead":8,"Damaru":6,"Black Star":9,"TeardropLocket":5,"PureWater":0},{"SsserpentHead":35,"Damaru":28,"Black Star":40,"TeardropLocket":25,"PureWater":0}]},"card_choices":[{"not_picked":["Halt","Prostrate"],"picked":"FlurryOfBlows","floor":1},{"not_picked":["Wireheading","SashWhip"],"picked":"Wallop","floor":2},{"not_picked":["PathToVictory","SandsOfTime"],"picked":"FlurryOfBlows","floor":3},{"not_picked":["JustLucky","ThirdEye"],"picked":"EmptyBody","floor":5},{"not_picked":["Prostrate","Worship"],"picked":"Wallop","floor":7},{"not_picked":["Consecrate","BattleHymn"],"picked":"Conclude","floor":8},{"not_picked":["ReachHeaven","Collect"],"picked":"DeceiveReality","floor":10},{"not_picked":["Evaluate","ClearTheMind"],"picked":"DeceiveReality","floor":13},{"not_picked":["Scrawl","Alpha"],"picked":"Brilliance","floor":16},{"not_picked":["Consecrate","Indignation"],"picked":"FlyingSleeves","floor":18},{"not_picked":["WindmillStrike","Study"],"picked":"Prostrate","floor":19}],"player_experience":1636183,"relics_obtained":[{"floor":7,"key":"TeardropLocket"},{"floor":9,"key":"Damaru"}],"event_choices":[{"cards_removed":["Strike_P"],"damage_healed":0,"gold_gain":0,"player_choice":"Card Removal","damage_taken":0,"max_hp_gain":0,"max_hp_loss":0,"event_name":"The Cleric","floor":4,"gold_loss":75},{"damage_healed":0,"gold_gain":52,"player_choice":"Gained Gold","damage_taken":0,"max_hp_gain":0,"max_hp_loss":0,"event_name":"Golden Wing","floor":11,"gold_loss":0},{"damage_healed":0,"gold_gain":0,"player_choice":"Trade","damage_taken":0,"relics_obtained":["SsserpentHead"],"max_hp_gain":0,"max_hp_loss":0,"event_name":"FaceTrader","floor":14,"gold_loss":0},{"damage_healed":0,"gold_gain":0,"player_choice":"Smashed Altar","damage_taken":0,"max_hp_gain":0,"max_hp_loss":0,"event_name":"Forgotten Altar","floor":20,"gold_loss":0,"cards_obtained":["Decay"]}],"is_beta":false,"boss_relics":[{"not_picked":["Ectoplasm","SacredBark"],"picked":"Black Star"}],"items_purged_floors":[21],"is_endless":false,"potions_floor_spawned":[7,8,13,16],"killed_by":"Cultist and Chosen","ascension_level":20}}