{"host":"qeogwbudlaqzb6hy","time":1611745335,"event":{"mods":["BaseMod","Downfall","Minty Spire (QoL Compilation)","StSLib"],"gold_per_floor":[99,113,126,144,163,192,216,235,235,235,235,255,255,84,104,104,104,104],"floor_reached":16,"language":"ENG","playtime":672,"items_purged":["downfall:Malfunctioning"],"score":104,"play_id":"02ecf273-7bba-478a-930f-640310ef2c3e","local_time":"20210127210215","is_ascension_mode":false,"campfire_choices":[{"data":"champ:DancingMaster","floor":1,"key":"SMITH"},{"data":"champ:LastStand","floor":10,"key":"SMITH"},{"floor":13,"key":"REST"}],"circlet_count":0,"master_deck":["champ:Strike+1","champ:Strike","champ:Strike","champ:Strike","champ:Defend","champ:Defend","champ:Defend","champ:Defend+1","champ:Execute","champ:Taunt+1","champ:DancingMaster+1","champ:EnragedBash","champ:BerserkerStyle","champ:TornadoPunch","champ:TornadoPunch","champ:AdrenalArmor","champ:LastStand+1","champ:Shatter","champ:Encircle","champ:SkillfulDodge"],"relics":["champ:ChampionCrown","Tiny Chest","Lantern"],"acts_visited":["Exordium"],"potions_floor_usage":[6,6],"damage_taken":[{"damage":12,"enemies":"2 Louse","floor":2,"turns":3},{"damage":20,"enemies":"Small Slimes","floor":3,"turns":5},{"damage":32,"enemies":"Jaw Worm","floor":4,"turns":4},{"damage":45,"enemies":"Exordium Thugs","floor":5,"turns":5},{"damage":30,"enemies":"Gremlin Nob","floor":6,"turns":4},{"damage":19,"enemies":"Gremlin Gang","floor":8,"turns":4},{"damage":29,"enemies":"Large Slime","floor":12,"turns":4},{"damage":22,"enemies":"downfall:FleeingMerchant","floor":14,"turns":4},{"damage":0,"enemies":"Exordium Wildlife","floor":15,"turns":3},{"damage":69,"enemies":"SI_SHIV_ARCHETYPE","floor":16,"turns":8}],"seed_played":"-929268389059724912","potions_obtained":[{"floor":2,"key":"LiquidMemories"},{"floor":3,"key":"champ:CounterPotion"},{"floor":5,"key":"Explosive Potion"},{"floor":6,"key":"Energy Potion"},{"floor":12,"key":"Fire Potion"}],"is_trial":false,"path_per_floor":["R","M","M","M","M","E","T","M","?","R","?","M","R","$","M","B"],"character_chosen":"THE_CHAMP","items_purchased":["champ:Encircle"],"campfire_rested":1,"item_purchase_floors":[14],"current_hp_per_floor":[90,88,83,73,58,43,43,39,39,39,39,25,52,52,52,0,0,0],"gold":104,"neow_bonus":"ONE_RANDOM_RARE_CARD","is_daily":false,"chose_seed":false,"campfire_upgraded":2,"win_rate":0.0,"timestamp":1611745335,"path_taken":["R","M","M","M","M","E","T","M","?","R","?","M","R","$","M","BOSS"],"items_purchased_type":["Card"],"build_version":"2020-12-22","purchased_purges":1,"victory":false,"max_hp_per_floor":[90,90,90,90,90,90,90,90,90,90,90,90,90,90,90,90,90,90],"card_choices":[{"not_picked":["champ:CrookedStrike","champ:BladeFlurry"],"picked":"champ:EnragedBash","floor":2},{"not_picked":["champ:FalseCounter","champ:PerfectedStrike"],"picked":"champ:BerserkerStyle","floor":3},{"not_picked":["champ:PreciseThrust","champ:FlashCut"],"picked":"champ:TornadoPunch","floor":4},{"not_picked":["champ:BringItOn","champ:DefensiveStyle"],"picked":"champ:TornadoPunch","floor":5},{"not_picked":["champ:RapidStrikes","champ:BladeFlurry"],"picked":"champ:AdrenalArmor","floor":6},{"not_picked":["champ:ArenaPreparation","champ:ShieldWall"],"picked":"champ:LastStand","floor":8},{"not_picked":["champ:GutPunch","champ:AdrenalArmor"],"picked":"champ:Shatter","floor":12},{"not_picked":["champ:TornadoPunch","champ:HeartStrike","champ:FlashCut"],"picked":"SKIP","floor":14},{"not_picked":["champ:RapidStrikes","champ:EnGarde"],"picked":"champ:SkillfulDodge","floor":15}],"player_experience":336091,"relics_obtained":[{"floor":6,"key":"Tiny Chest"},{"floor":7,"key":"Lantern"}],"event_choices":[],"is_beta":false,"boss_relics":[],"items_purged_floors":[14],"is_endless":false,"potions_floor_spawned":[2,3,5,6,12],"killed_by":"SI_SHIV_ARCHETYPE","ascension_level":0}}