{"host":"mmro3auxcbu5pwad","time":1611769946,"event":{"mods":["Aspiration","BaseMod","Conspire","Energized Spire","Halation","Hubris","Infinite Spire","Minty Spire (QoL Compilation)","Permanent Neow","Replay The Spire","StSLib"],"gold_per_floor":[113,113,113,128,147,147,45,45,45,72,72,28,28,39,39,134,134,152,152,163,262,262,262,262,282,307,333,333,333,353,370,370,470,470,484,500,512,40,53,53,83,130,130,130,0,0,0,20,20,20],"floor_reached":53,"language":"ENG","playtime":1550,"items_purged":["Regret","Strike_B"],"score":628,"play_id":"0dc05082-e11b-441f-91ed-5ec62f200f63","local_time":"20210127185226","is_ascension_mode":true,"campfire_choices":[{"data":"Zap","floor":6,"key":"SMITH"},{"data":"White Noise","floor":11,"key":"SMITH"},{"data":"Dualcast","floor":13,"key":"SMITH"},{"floor":15,"key":"DIG"},{"data":"Conserve Battery","floor":23,"key":"SMITH"},{"data":"Coolheaded","floor":29,"key":"SMITH"},{"data":"Go for the Eyes","floor":32,"key":"SMITH"},{"data":"White Noise","floor":40,"key":"SMITH"},{"floor":51,"key":"REST"}],"circlet_count":0,"master_deck":["Strike_B+1","Strike_B","Defend_B","Defend_B","Defend_B+1","Defend_B","Zap+1","Dualcast+1","Ball Lightning","Go for the Eyes+1","Conserve Battery+1","Coolheaded+1","White Noise+1","Sweeping Beam+1","Ball Lightning+1","Ball Lightning+1","infinitespire:Fortify","BootSequence+1","Steam+1","Machine Learning","Electrodynamics","White Noise+1","Mayhem","Cold Snap+1","Steam+1"],"relics":["Cracked Core","aspiration:Nostalgia","Burning Blood","Smiling Mask","hubris:Towel","Mercury Hourglass","Molten Egg 2","Vajra","conspire:SpecialSausage","halation:Gekota","energizedSpire:DeadBattery","Solar Panel","halation:EternalFortune","Simple Rune","Oddly Smooth Stone","Cables","Nuclear Battery","Juzu Bracelet","hubris:Teleporter","Strawberry","Red Mask"],"acts_visited":["Exordium","TheCity","TheBeyond"],"potions_floor_usage":[16,33,33,37,52,52,52],"damage_taken":[{"damage":6,"enemies":"Cultist","floor":1,"turns":3},{"damage":4,"enemies":"Jaw Worm","floor":4,"turns":3},{"damage":16,"enemies":"2 Louse","floor":5,"turns":3},{"damage":18,"enemies":"Gremlin Nob","floor":10,"turns":4},{"damage":10,"enemies":"Lots of Slimes","floor":14,"turns":2},{"damage":25,"enemies":"Hexaghost","floor":16,"turns":7},{"damage":0,"enemies":"Chosen","floor":18,"turns":4},{"damage":6,"enemies":"2 Thieves","floor":20,"turns":2},{"damage":21,"enemies":"Snake Plant","floor":25,"turns":3},{"damage":32,"enemies":"Gremlin Leader","floor":27,"turns":5},{"damage":8,"enemies":"Centurion and Healer","floor":30,"turns":3},{"damage":0,"enemies":"Shelled Parasite and Fungi","floor":31,"turns":3},{"damage":1,"enemies":"Automaton","floor":33,"turns":6},{"damage":0,"enemies":"Orb Walker","floor":35,"turns":2},{"damage":0,"enemies":"3 Shapes","floor":36,"turns":3},{"damage":10,"enemies":"Writhing Mass","floor":37,"turns":4},{"damage":0,"enemies":"4 Shapes","floor":39,"turns":3},{"damage":28,"enemies":"Reptomancer","floor":41,"turns":5},{"damage":0,"enemies":"Maw","floor":50,"turns":6},{"damage":89,"enemies":"Replay:Hell Engine","floor":52,"turns":17}],"seed_played":"1522987374540998375","potions_obtained":[{"floor":1,"key":"FearPotion"},{"floor":4,"key":"Reflective Coating"},{"floor":5,"key":"Energy Potion"},{"floor":27,"key":"Languid Potion"},{"floor":30,"key":"Adrenaline Potion"},{"floor":31,"key":"FocusPotion"},{"floor":35,"key":"Elixir"},{"floor":41,"key":"Fire Potion"},{"floor":50,"key":"SpeedPotion"}],"is_trial":false,"path_per_floor":["M","T","?","M","M","R","$","?","T","E","R","?","R","M","R","B",null,"M","?","M","?","AVR","R","?","M","T","E","T","R","M","M","R","B",null,"M","M","M","$","M","R","E","T","PTL","PTL","?","?","$","M","R","B",null],"character_chosen":"DEFECT","items_purchased":["Coolheaded","White Noise","Mayhem","Juzu Bracelet"],"campfire_rested":1,"item_purchase_floors":[7,38,38,38],"current_hp_per_floor":[75,75,75,75,65,65,65,65,65,53,53,53,53,49,49,30,75,75,75,75,75,75,75,78,72,72,50,50,50,55,67,67,79,87,87,87,87,87,87,87,67,74,74,74,74,74,74,80,94,15],"gold":20,"neow_bonus":"NOSTALGIA","is_daily":false,"chose_seed":false,"campfire_upgraded":7,"win_rate":0.0,"timestamp":1611769946,"path_taken":["M","?","?","M","M","R","$","?","T","E","R","?","R","M","R","BOSS","M","?","?","?","AVR","R","?","M","T","E","?","R","M","M","R","BOSS","M","M","M","$","M","R","E","T","PTL","PTL","?","?","?","M","R","BOSS"],"items_purchased_type":["Card","Card","Card","Relic"],"build_version":"2020-12-22","purchased_purges":2,"victory":true,"max_hp_per_floor":[75,75,75,75,75,75,75,75,75,75,75,75,75,75,75,75,75,75,75,75,75,75,75,78,81,81,81,81,81,84,84,84,87,87,87,87,87,87,87,87,87,94,94,94,94,94,94,94,94,94],"card_choices":[{"not_picked":["Steam","Streamline"],"picked":"Ball Lightning","floor":1},{"not_picked":["Hologram","Darkness"],"picked":"Go for the Eyes","floor":4},{"not_picked":["BasicCrystalCard","Panic Button"],"picked":"Conserve Battery","floor":5},{"not_picked":["Streamline+1","BasicCrystalCard"],"picked":"White Noise","floor":10},{"not_picked":["Coolheaded","Steam"],"picked":"Sweeping Beam+1","floor":14},{"not_picked":["ReplayTheSpireMod:System Scan","Cold Snap+1"],"picked":"Ball Lightning+1","floor":18},{"not_picked":["Loop","Static Discharge+1"],"picked":"Ball Lightning+1","floor":20},{"not_picked":["Gash+1","Rebound+1","Time Bomb"],"picked":"SKIP","floor":25},{"not_picked":["Sweeping Beam+1","ReplaySort"],"picked":"BootSequence+1","floor":27},{"not_picked":["Time Bomb+1","Scrape+1","Echo Form"],"picked":"SKIP","floor":30},{"not_picked":["Panic Button","ReplayTheSpireMod:Dual Polarity"],"picked":"Steam+1","floor":31},{"not_picked":["hubris:Prefetch","ReplayTheSpireMod:Fabricate Wheel"],"picked":"Machine Learning","floor":33},{"not_picked":["Hologram","Capacitor","Stack"],"picked":"SKIP","floor":35},{"not_picked":["BasicCrystalCard+1","Conserve Battery"],"picked":"Electrodynamics","floor":36},{"not_picked":["Sunder+1","Hologram+1","Streamline+1"],"picked":"SKIP","floor":37},{"not_picked":["Beam Cell+1","Aggregate+1"],"picked":"Cold Snap+1","floor":39},{"not_picked":["ReplayGash+1","Recycle+1","Rainbow"],"picked":"SKIP","floor":41},{"not_picked":["Buffer","Sweeping Beam+1"],"picked":"Steam+1","floor":50}],"player_experience":58687,"relics_obtained":[{"floor":9,"key":"Mercury Hourglass"},{"floor":10,"key":"Molten Egg 2"},{"floor":15,"key":"Vajra"},{"floor":25,"key":"halation:EternalFortune"},{"floor":26,"key":"Simple Rune"},{"floor":27,"key":"Oddly Smooth Stone"},{"floor":28,"key":"Cables"},{"floor":30,"key":"halation:EternalFortune"},{"floor":33,"key":"halation:EternalFortune"},{"floor":41,"key":"hubris:Teleporter"},{"floor":43,"key":"Strawberry"}],"event_choices":[{"damage_healed":0,"gold_gain":0,"player_choice":"Box","damage_taken":0,"relics_obtained":["Smiling Mask"],"max_hp_gain":0,"max_hp_loss":0,"event_name":"Big Fish","floor":3,"gold_loss":0,"cards_obtained":["Regret"]},{"damage_healed":0,"gold_gain":0,"player_choice":"Left Gold","damage_taken":0,"max_hp_gain":0,"max_hp_loss":0,"event_name":"World of Goop","floor":12,"gold_loss":44},{"damage_healed":0,"gold_gain":0,"player_choice":"Gave Potion","damage_taken":0,"relics_obtained":["halation:Gekota"],"max_hp_gain":0,"max_hp_loss":0,"event_name":"WeMeetAgain","floor":19,"gold_loss":0},{"damage_healed":0,"gold_gain":99,"player_choice":"Stole From Cult","damage_taken":0,"max_hp_gain":0,"max_hp_loss":0,"event_name":"Nest","floor":21,"gold_loss":0},{"damage_healed":0,"gold_gain":0,"player_choice":"Paid","damage_taken":0,"relics_obtained":["Red Mask"],"max_hp_gain":0,"max_hp_loss":0,"event_name":"Tomb of Lord Red Mask","floor":47,"gold_loss":130},{"cards_removed":["Strike_B"],"damage_healed":0,"gold_gain":0,"player_choice":"Purged","damage_taken":0,"max_hp_gain":0,"max_hp_loss":0,"event_name":"Purifier","floor":48,"gold_loss":0}],"is_beta":false,"boss_relics":[{"not_picked":["energizedSpire:RedRose","Replay:Ancient Bell"],"picked":"conspire:SpecialSausage"},{"not_picked":["Kintsugi","halation:Prosthetics"],"picked":"Nuclear Battery"}],"items_purged_floors":[7,38],"is_endless":false,"potions_floor_spawned":[1,4,5,27,30,31,35,41,50],"ascension_level":2}}