{"host":"3y2rtlgteqp2nuo3","time":1611745466,"event":{"mods":["2.2 Compatiblity","AchievementEnabler","BaseMod","Colored Map","DeckTracker","Highlight Path","Keyboard Shortcuts","Minty Spire (QoL Compilation)","Permanent Neow","Quick Restart","StSLib","SuperFastMode","everything is the same but u backflip on backflip"],"gold_per_floor":[115,125,141,141,153,153,179,179,247,172,172,20,34,66,66,145,145,161,10,30,48,48,48,63,83,154,78,98,98,98,98],"floor_reached":30,"language":"KOR","playtime":833,"items_purged":["Strike_G","Strike_G"],"score":436,"play_id":"8638e1ef-4d1e-4a3d-b469-17ddfccead7c","local_time":"20210127200426","is_ascension_mode":true,"campfire_choices":[{"data":"Phantasmal Killer","floor":6.0,"key":"SMITH"},{"floor":8.0,"key":"REST"},{"floor":11.0,"key":"REST"},{"floor":15.0,"key":"REST"},{"floor":23.0,"key":"REST"},{"floor":29.0,"key":"REST"}],"circlet_count":0,"master_deck":["AscendersBane","Defend_G+1","Defend_G+1","Defend_G+1","Defend_G+1","Defend_G+1","Survivor","Neutralize","Phantasmal Killer+1","Outmaneuver","Blade Dance","Finisher","Eviscerate","Deadly Poison","Well Laid Plans","Bullet Time","Escape Plan","Blade Dance","PiercingWail","Glass Knife+1","Blade Dance"],"relics":["Ring of the Snake","FossilizedHelix","Kunai","Bag of Preparation","Empty Cage","Molten Egg 2"],"acts_visited":["Exordium","TheCity"],"potions_floor_usage":[],"damage_taken":[{"damage":1.0,"enemies":"Jaw Worm","floor":1.0,"turns":6.0},{"damage":1.0,"enemies":"2 Louse","floor":2.0,"turns":3.0},{"damage":0.0,"enemies":"Cultist","floor":3.0,"turns":3.0},{"damage":1.0,"enemies":"Exordium Thugs","floor":5.0,"turns":4.0},{"damage":49.0,"enemies":"3 Sentries","floor":7.0,"turns":10.0},{"damage":0.0,"enemies":"2 Fungi Beasts","floor":13.0,"turns":4.0},{"damage":8.0,"enemies":"Lagavulin","floor":14.0,"turns":5.0},{"damage":33.0,"enemies":"Slime Boss","floor":16.0,"turns":15.0},{"damage":11.0,"enemies":"3 Byrds","floor":18.0,"turns":5.0},{"damage":20.0,"enemies":"2 Thieves","floor":20.0,"turns":3.0},{"damage":17.0,"enemies":"Chosen and Byrds","floor":21.0,"turns":9.0},{"damage":0.0,"enemies":"Shelled Parasite and Fungi","floor":24.0,"turns":5.0},{"damage":0.0,"enemies":"Centurion and Healer","floor":25.0,"turns":8.0},{"damage":23.0,"enemies":"Sentry and Sphere","floor":28.0,"turns":6.0},{"damage":0,"enemies":"Cultist and Chosen","floor":30,"turns":1}],"seed_played":"9066826919576418058","potions_obtained":[{"floor":7.0,"key":"CultistPotion"},{"floor":13.0,"key":"LiquidBronze"},{"floor":20.0,"key":"GhostInAJar"},{"floor":25.0,"key":"AttackPotion"}],"is_trial":false,"path_per_floor":["M","M","M","?","M","R","E","R","T","?","R","$","M","E","R","B",null,"M","$","M","M","?","R","M","M","T","$","M","R","M"],"character_chosen":"THE_SILENT","items_purchased":["Well Laid Plans","Blade Dance","Glass Knife+1"],"campfire_rested":5,"item_purchase_floors":[12,19,27],"current_hp_per_floor":[58,57,57,57,56,56,7,26,26,26,45,45,45,37,56,23,55,44,44,24,7,7,26,26,26,26,26,3,22,22,22],"gold":98,"neow_bonus":"ONE_RANDOM_RARE_CARD","is_daily":false,"chose_seed":false,"campfire_upgraded":1,"win_rate":0.0,"timestamp":1611745466,"path_taken":["M","M","M","?","M","R","E","R","T","?","R","$","M","E","R","BOSS","M","$","M","M","?","R","M","M","T","$","M","R","M"],"items_purchased_type":["Card","Card","Card"],"build_version":"2020-12-22","purchased_purges":2,"victory":false,"max_hp_per_floor":[66,66,66,66,66,66,66,66,66,66,66,66,66,66,66,66,66,66,66,66,66,66,66,66,66,66,66,66,66,66,66],"card_choices":[{"not_picked":["Prepared","Choke"],"picked":"Outmaneuver","floor":1.0},{"not_picked":["Accuracy","Dodge and Roll"],"picked":"Blade Dance","floor":2.0},{"not_picked":["Concentrate","Masterful Stab"],"picked":"Finisher","floor":3.0},{"not_picked":["Flying Knee","Dodge and Roll"],"picked":"Eviscerate","floor":5.0},{"not_picked":["Slice","Grand Finale"],"picked":"Deadly Poison","floor":7.0},{"not_picked":["Quick Slash","Outmaneuver","Slice"],"picked":"SKIP","floor":13.0},{"not_picked":["Deflect","Eviscerate","Heel Hook"],"picked":"SKIP","floor":14.0},{"not_picked":["Grand Finale","Venomology"],"picked":"Bullet Time","floor":16.0},{"not_picked":["Deflect","Well Laid Plans"],"picked":"Escape Plan","floor":18.0},{"not_picked":["Deadly Poison","Poisoned Stab","Sucker Punch"],"picked":"SKIP","floor":20.0},{"not_picked":["Blade Dance","Caltrops","Outmaneuver"],"picked":"SKIP","floor":21.0},{"not_picked":["Choke","Dagger Throw+1","Expertise"],"picked":"SKIP","floor":24.0},{"not_picked":["Sucker Punch","Prepared"],"picked":"PiercingWail","floor":25.0},{"not_picked":["Escape Plan","Reflex"],"picked":"Blade Dance","floor":28.0}],"player_experience":723023,"relics_obtained":[{"floor":7.0,"key":"FossilizedHelix"},{"floor":9.0,"key":"Kunai"},{"floor":14.0,"key":"Bag of Preparation"},{"floor":26.0,"key":"Molten Egg 2"}],"event_choices":[{"damage_healed":0.0,"max_hp_gain":0.0,"max_hp_loss":0.0,"gold_gain":0.0,"event_name":"Liars Game","player_choice":"Ignored","floor":4.0,"gold_loss":0.0,"damage_taken":0.0},{"cards_removed":["Strike_G"],"damage_healed":0.0,"max_hp_gain":0.0,"max_hp_loss":0.0,"gold_gain":0.0,"event_name":"The Cleric","player_choice":"Card Removal","floor":10.0,"gold_loss":75.0,"damage_taken":0.0},{"damage_healed":0.0,"max_hp_gain":0.0,"max_hp_loss":0.0,"gold_gain":0.0,"event_name":"Back to Basics","player_choice":"Simplicity","floor":22.0,"gold_loss":0.0,"damage_taken":0.0,"cards_upgraded":["Defend_G","Defend_G","Defend_G","Defend_G","Defend_G"]}],"is_beta":false,"boss_relics":[{"not_picked":["SacredBark","Ectoplasm"],"picked":"Empty Cage"}],"items_purged_floors":[12,19],"is_endless":false,"potions_floor_spawned":[7,13,14,20,25],"killed_by":"Cultist and Chosen","ascension_level":16}}