{"host":"8uihyzx2cncbsjod","time":1611777851,"event":{"mods":["BaseMod","Custom Start","Downfall","Hermit","Minty Spire (QoL Compilation)","StSLib","egg"],"gold_per_floor":[99,109,109,109,121,135,135,135,162,179,192,192,205,54,74,177,177,177,177,377,388,151,179,179,205,240,140,167,167,167,16,37,37,37,37],"floor_reached":33,"language":"ENG","playtime":1930,"items_purged":["downfall:Haunted"],"score":284,"play_id":"d28d1219-5bc5-4cfb-a79a-9cdd23bcfcb4","local_time":"20210127150411","is_ascension_mode":false,"campfire_choices":[{"data":"hexamod:Sear","floor":1,"key":"SMITH"},{"data":"hexamod:GhostShield","floor":8,"key":"SMITH"},{"data":"hexamod:EmpoweredFlame","floor":12,"key":"SMITH"},{"data":"hexamod:VolcanoVisage","floor":18,"key":"SMITH"},{"floor":27,"key":"REST"},{"floor":30,"key":"REST"}],"circlet_count":0,"master_deck":["hexamod:Defend","hexamod:Defend","hexamod:Defend","hexamod:Defend","hexamod:Sear+1","hexamod:Float","hexamod:GhostShield+1","hexamod:StepThrough","hexamod:PhantomFireball","hexamod:EmpoweredFlame+1","hexamod:Firestarter","hexamod:SkipABeat","hexamod:SoulSteal","hexamod:VolcanoVisage+1","hexamod:AdvancingGuard","hexamod:WildfireWeapon","Bite","Bite","Bite","Bite","Bite","hexamod:Incineration","hexamod:SpectralAdrenaline","hexamod:ExtraCrispy","hexamod:GhostflameInferno","hexamod:GhostShield+1","hexamod:RainOfEmbers+1"],"relics":["hexamod:SpiritBrand","Gremlin Horn","Odd Mushroom","SlaversCollar","CeramicFish","Shuriken","Ancient Tea Set","downfall:HeartBlessingGreen","hexamod:MatchstickCase"],"acts_visited":["Exordium","TheCity"],"potions_floor_usage":[14,16,16,26,26],"damage_taken":[{"damage":2,"enemies":"Jaw Worm","floor":2,"turns":4},{"damage":0,"enemies":"Small Slimes","floor":5,"turns":4},{"damage":0,"enemies":"Cultist","floor":6,"turns":3},{"damage":2,"enemies":"The Mushroom Lair","floor":9,"turns":5},{"damage":0,"enemies":"2 Fungi Beasts","floor":10,"turns":2},{"damage":0,"enemies":"3 Louse","floor":11,"turns":2},{"damage":2,"enemies":"Large Slime","floor":13,"turns":5},{"damage":0,"enemies":"downfall:FleeingMerchant","floor":14,"turns":4},{"damage":15,"enemies":"Exordium Wildlife","floor":15,"turns":4},{"damage":6,"enemies":"SI_SHIV_ARCHETYPE","floor":16,"turns":7},{"damage":2,"enemies":"Shell Parasite","floor":21,"turns":6},{"damage":10,"enemies":"downfall:FleeingMerchant","floor":22,"turns":4},{"damage":2,"enemies":"Chosen","floor":23,"turns":4},{"damage":14,"enemies":"Sentry and Sphere","floor":25,"turns":5},{"damage":43,"enemies":"Slavers","floor":26,"turns":4},{"damage":9,"enemies":"Centurion and Healer","floor":28,"turns":4},{"damage":0,"enemies":"downfall:FleeingMerchant","floor":31,"turns":4},{"damage":50,"enemies":"3 Cultists","floor":32,"turns":6},{"damage":24,"enemies":"DF_ARCHETYPE_CLAW","floor":33,"turns":3}],"seed_played":"289705535895715292","potions_obtained":[{"floor":5,"key":"AttackPotion"},{"floor":11,"key":"hexamod:InfernoChargePotion"},{"floor":13,"key":"SkillPotion"},{"floor":15,"key":"hexamod:EctoCoolerPotion"},{"floor":16,"key":"FearPotion"},{"floor":23,"key":"Guardian:BlockOnCardUsePotion"}],"is_trial":false,"path_per_floor":["R","M","?","?","M","M","T","R","?","M","M","R","M","$","M","B",null,"R","?","?","M","$","M","T","M","E","R","M","?","R","$","M","B"],"character_chosen":"THE_SPIRIT","items_purchased":["hexamod:VolcanoVisage","CeramicFish","hexamod:MatchstickCase"],"campfire_rested":2,"item_purchase_floors":[14,22,31],"current_hp_per_floor":[77,75,80,80,80,80,80,80,78,78,78,78,76,76,61,55,82,82,57,57,57,47,53,53,45,12,29,30,30,47,53,15,0,0,0],"gold":37,"neow_bonus":"TEN_PERCENT_HP_BONUS","is_daily":false,"chose_seed":false,"campfire_upgraded":4,"win_rate":0.0,"timestamp":1611777851,"path_taken":["R","M","?","?","M","?","T","R","?","M","M","R","M","$","M","BOSS","R","?","?","M","$","M","T","M","E","R","M","?","R","$","M","BOSS"],"items_purchased_type":["Card","Relic","Relic"],"build_version":"2020-12-22","purchased_purges":1,"victory":false,"max_hp_per_floor":[77,77,82,82,82,82,82,82,82,82,82,82,82,82,82,82,82,82,57,57,57,57,57,57,57,57,57,57,57,57,57,57,57,57,57],"card_choices":[{"not_picked":["hexamod:ShieldOfDarkness","hexamod:NightmareGuise","hexamod:HeatMetal"],"picked":"SKIP","floor":2},{"not_picked":["hexamod:GhostOfSpirePast","hexamod:NightmareGuise"],"picked":"hexamod:GhostShield","floor":5},{"not_picked":["hexamod:HeatMetal","hexamod:SpectersWail"],"picked":"hexamod:StepThrough","floor":6},{"not_picked":["hexamod:DynamicBlow","hexamod:ChargedBarrage"],"picked":"hexamod:PhantomFireball","floor":9},{"not_picked":["hexamod:GhostOfSpirePast","hexamod:Firestarter"],"picked":"hexamod:EmpoweredFlame","floor":10},{"not_picked":["hexamod:PhantomCloak","hexamod:BacktrackSmack"],"picked":"hexamod:Firestarter","floor":11},{"not_picked":["hexamod:NecessarySacrifice","hexamod:ShieldOfDarkness"],"picked":"hexamod:SkipABeat","floor":13},{"not_picked":["hexamod:GhostShield","hexamod:EtherealExpedition"],"picked":"hexamod:SoulSteal","floor":14},{"not_picked":["hexamod:ThermalTransfer","hexamod:FastForward"],"picked":"hexamod:AdvancingGuard","floor":15},{"not_picked":["hexamod:VolcanoVisage","hexamod:FifthSeal"],"picked":"hexamod:WildfireWeapon","floor":16},{"not_picked":["hexamod:GhostLash","hexamod:FastForward","hexamod:SpectersWail"],"picked":"SKIP","floor":21},{"not_picked":["hexamod:GhostShield+1","hexamod:StepThrough"],"picked":"hexamod:Incineration","floor":22},{"not_picked":["hexamod:Haunt+1","hexamod:HauntingEcho"],"picked":"hexamod:SpectralAdrenaline","floor":23},{"not_picked":["hexamod:Firestarter+1","hexamod:ShieldOfDarkness"],"picked":"hexamod:ExtraCrispy","floor":25},{"not_picked":["hexamod:BurningTouch","hexamod:GhostOfSpirePast","hexamod:Haunt"],"picked":"SKIP","floor":26},{"not_picked":["hexamod:FastForward+1","hexamod:PhantomCloak"],"picked":"hexamod:GhostflameInferno","floor":28},{"not_picked":["hexamod:SecondSeal","hexamod:RetreatToShadows"],"picked":"hexamod:GhostShield+1","floor":31},{"not_picked":["hexamod:BurningTouch","hexamod:HeatMetal"],"picked":"hexamod:RainOfEmbers+1","floor":32}],"player_experience":628105,"relics_obtained":[{"floor":7,"key":"Gremlin Horn"},{"floor":9,"key":"Odd Mushroom"},{"floor":24,"key":"Shuriken"},{"floor":26,"key":"Ancient Tea Set"}],"event_choices":[{"damage_healed":0,"gold_gain":0,"player_choice":"Donut","damage_taken":0,"max_hp_gain":5,"max_hp_loss":0,"event_name":"Big Fish","floor":3,"gold_loss":0},{"damage_healed":0,"gold_gain":0,"player_choice":"Fought Mushrooms","damage_taken":0,"max_hp_gain":0,"max_hp_loss":0,"event_name":"Mushrooms","floor":9,"gold_loss":0},{"damage_healed":0,"gold_gain":0,"player_choice":"Became a vampire","damage_taken":0,"max_hp_gain":0,"max_hp_loss":25,"event_name":"Vampires","floor":19,"gold_loss":0,"cards_obtained":["Bite","Bite","Bite","Bite","Bite"]}],"is_beta":false,"boss_relics":[{"not_picked":["Calling Bell","Coffee Dripper"],"picked":"SlaversCollar"}],"items_purged_floors":[22],"is_endless":false,"potions_floor_spawned":[5,11,13,15,16,23,25],"killed_by":"DF_ARCHETYPE_CLAW","ascension_level":0}}