{"host":"q0zqetm8yj025qes","time":1611770145,"event":{"mods":["2.2 Compatiblity","Bard","BaseMod","Better Third Choice","Colored Map","Colored Powertips","Conspire","Downfall","Hermit","Hubris","Infinite Spire","Mad Scientist","Mimic Mod","Minty Spire (QoL Compilation)","Replay The Spire","Robot Space Explorer","Shade Mod","Shop Mod","StSLib","The Blackbeard","The Bug Knight","The Construct","The Cursed","The Disciple","The Jungle","The Necromancer","The Valiant"],"gold_per_floor":[99,116,566,758,803,803,803,541,553,87,103,118,118,103,122,222,222,222,236,236,96,96,113,113,113,127,146,159,159,159,177,189,189,189,189],"floor_reached":33,"language":"ENG","playtime":3257,"items_purged":["downfall:Icky","downfall:Icky","TheCursedMod:Dregs"],"score":264,"play_id":"b66d63eb-6c47-4db1-b47b-c9a7a8ac376a","local_time":"20210127105545","is_ascension_mode":false,"campfire_choices":[{"floor":1,"key":"DIG"},{"floor":6,"key":"REST"},{"data":"Guardian:FloatingOrbs","floor":18,"key":"SMITH"},{"floor":29,"key":"REST"}],"circlet_count":0,"master_deck":["Guardian:Strike_Guardian","Guardian:Strike_Guardian","Guardian:Strike_Guardian","Guardian:Strike_Guardian","Guardian:Defend_Guardian","Guardian:Defend_Guardian","Guardian:Defend_Guardian","Guardian:Defend_Guardian","Guardian:CurlUp","Guardian:TwinSlam","downfall:Icky","Guardian:PrismaticBarrier+1","Guardian:BronzeArmor","expansioncontent:StudyTheSpire","Guardian:PrimingBeam","Guardian:WalkerClaw","Guardian:FloatingOrbs+1","Guardian:CrystalBeam","Guardian:ExploitGems","ReplayTheSpireMod:Doomed","Guardian:BronzeArmor+1","Guardian:Gem_Lightblue","Guardian:Gem_Synthetic"],"relics":["Guardian:ModeShifter","Archangels Feather","Garlic","Prayer Beads","Juzu Bracelet","Sling","Replay:Ancient Bell","Boot","Replay:Bottled Snecko","Ice Cream","Anchor"],"acts_visited":["Exordium","TheCity"],"potions_floor_usage":[5,5,16,32,33,33],"damage_taken":[{"damage":5,"enemies":"Jaw Worm","floor":2,"turns":5},{"damage":42,"enemies":"conspire:MimicChest","floor":5,"turns":12},{"damage":0,"enemies":"downfall:FleeingMerchant","floor":8,"turns":4},{"damage":5,"enemies":"2 Louse","floor":9,"turns":2},{"damage":0,"enemies":"downfall:FleeingMerchant","floor":10,"turns":4},{"damage":0,"enemies":"Small Slimes","floor":11,"turns":4},{"damage":14,"enemies":"Blue Slaver","floor":12,"turns":4},{"damage":5,"enemies":"downfall:FleeingMerchant","floor":14,"turns":4},{"damage":11,"enemies":"Exordium Wildlife","floor":15,"turns":5},{"damage":44,"enemies":"SI_SHIV_ARCHETYPE","floor":16,"turns":9},{"damage":12,"enemies":"conspire:HollyBat","floor":19,"turns":6},{"damage":15,"enemies":"downfall:FleeingMerchant","floor":21,"turns":4},{"damage":9,"enemies":"Cultist and Chosen","floor":23,"turns":6},{"damage":13,"enemies":"Chosen and Byrds","floor":26,"turns":7},{"damage":13,"enemies":"Snecko","floor":27,"turns":4},{"damage":20,"enemies":"Shelled Parasite and Fungi","floor":28,"turns":6},{"damage":9,"enemies":"conspire:HollyBat","floor":31,"turns":8},{"damage":8,"enemies":"3 Cultists","floor":32,"turns":4},{"damage":53,"enemies":"IC_MUSHROOM_ARCHETYPE","floor":33,"turns":12}],"seed_played":"-7810223153774552170","potions_obtained":[{"floor":2,"key":"EntropicBrew"},{"floor":11,"key":"BlessingOfTheForge"},{"floor":15,"key":"SpeedPotion"},{"floor":23,"key":"Dexterity Potion"},{"floor":27,"key":"Explosive Potion"}],"is_trial":false,"path_per_floor":["R_BF","M","?","?","?","R","T","$","M","$","M","M","?","$","M","B",null,"R","M","?","$","?","M","T","?","M","M","M","R","?","M","M","B"],"character_chosen":"GUARDIAN","items_purchased":["expansioncontent:StudyTheSpire","Juzu Bracelet","Sling","Guardian:Gem_Green"],"campfire_rested":2,"item_purchase_floors":[8,10,10,10],"current_hp_per_floor":[88,83,83,48,12,38,38,44,41,43,45,39,88,83,76,38,88,88,76,76,67,59,58,58,58,51,44,28,54,54,49,47,0,0,0],"gold":189,"neow_bonus":"TEN_PERCENT_HP_BONUS","is_daily":false,"chose_seed":false,"campfire_upgraded":1,"win_rate":0.0,"timestamp":1611770145,"path_taken":["R_BF","M","?","?","?","R","T","$","M","$","M","M","?","?","M","BOSS","R","M","?","$","?","M","T","?","M","M","M","R","?","M","M","BOSS"],"items_purchased_type":["Card","Relic","Relic","Card"],"build_version":"2020-12-22","purchased_purges":3,"victory":false,"max_hp_per_floor":[88,88,88,88,88,88,88,88,88,88,88,88,88,88,88,88,88,88,88,88,88,88,88,88,88,88,88,88,88,88,88,88,88,88,88],"card_choices":[{"not_picked":["Guardian:Gem_Lightblue","Guardian:Reroute"],"picked":"Guardian:Gem_Purple","floor":2},{"not_picked":["Guardian:MultiBeam","Guardian:Suspension"],"picked":"Guardian:PrismaticBarrier","floor":4},{"not_picked":["Guardian:ShieldCharger","Guardian:EvasiveProtocol"],"picked":"Guardian:BronzeArmor","floor":5},{"not_picked":["Guardian:ShieldCharger","Guardian:CrystalBeam"],"picked":"Guardian:Gem_Synthetic","floor":8},{"not_picked":["Guardian:TimeBomb","Guardian:TemporalShield","Guardian:Gem_Red"],"picked":"SKIP","floor":9},{"not_picked":["Guardian:TemporalStrike","Guardian:Gem_Orange"],"picked":"Guardian:PrimingBeam","floor":10},{"not_picked":["Guardian:ChargeCore","Guardian:Reroute"],"picked":"Guardian:WalkerClaw","floor":11},{"not_picked":["Guardian:TemporalShield","Guardian:BodySlam"],"picked":"Guardian:FloatingOrbs","floor":12},{"not_picked":["Guardian:Suspension","Guardian:Incinerate"],"picked":"Guardian:CrystalBeam","floor":14},{"not_picked":["Guardian:Gem_Green","Guardian:BronzeOrb","Guardian:PiercingHide"],"picked":"SKIP","floor":15},{"not_picked":["Guardian:FastForward","Guardian:TimeSifter"],"picked":"Guardian:ExploitGems","floor":16},{"not_picked":["hubris:Envy","conspire:NecroticWound"],"picked":"TheCursedMod:Dregs","floor":17},{"not_picked":["Spreading Infection","hubris:Envy"],"picked":"TheCursedMod:Dregs","floor":17},{"not_picked":["hubris:Greed","Delirium"],"picked":"ReplayTheSpireMod:Doomed","floor":17},{"not_picked":["Guardian:SpikerProtocol+1","Guardian:Recover","Guardian:Suspension+1"],"picked":"SKIP","floor":19},{"not_picked":["Guardian:Reroute","Guardian:VentSteam","Guardian:PiercingHide"],"picked":"SKIP","floor":21},{"not_picked":["Guardian:PiercingHide","Guardian:Incinerate"],"picked":"Guardian:Gem_Purple","floor":23},{"not_picked":["Guardian:WalkerClaw","Guardian:Incinerate"],"picked":"Guardian:BronzeArmor+1","floor":26},{"not_picked":["Guardian:TimeBomb","Guardian:Clone+1","Guardian:Suspension"],"picked":"SKIP","floor":27},{"not_picked":["Guardian:Suspension","Guardian:ChargeCore","Guardian:Reroute+1"],"picked":"SKIP","floor":28},{"not_picked":["Guardian:CrystalBeam","Guardian:Reroute"],"picked":"Guardian:Gem_Lightblue","floor":31},{"not_picked":["Guardian:Gem_Green","Guardian:EvasiveProtocol"],"picked":"Guardian:Gem_Synthetic","floor":32}],"player_experience":386721,"relics_obtained":[{"floor":1,"key":"Archangels Feather"},{"floor":5,"key":"Garlic"},{"floor":7,"key":"Prayer Beads"},{"floor":24,"key":"Anchor"}],"event_choices":[{"damage_healed":49,"gold_gain":0,"player_choice":"Full Heal","damage_taken":0,"max_hp_gain":0,"max_hp_loss":0,"event_name":"Wheel of Change","floor":13,"gold_loss":0},{"damage_healed":0,"gold_gain":0,"player_choice":"Ignored","damage_taken":0,"max_hp_gain":0,"max_hp_loss":0,"event_name":"Ghosts","floor":25,"gold_loss":0},{"damage_healed":0,"gold_gain":0,"player_choice":"Leave","damage_taken":0,"max_hp_gain":0,"max_hp_loss":0,"event_name":"conspire:Investor","floor":30,"gold_loss":0}],"is_beta":false,"boss_relics":[{"not_picked":["Coffee Dripper","hubris:HollowSoul"],"picked":"Replay:Ancient Bell"},{"not_picked":["Bronze Scales","ReplayTheSpireMod:Lightbulb"],"picked":"Boot"},{"not_picked":["hubris:MysteriousPyramids","Replay:Bottled Flurry"],"picked":"Replay:Bottled Snecko"},{"not_picked":["conspire:GlowingRock","Dead Branch"],"picked":"Ice Cream"}],"items_purged_floors":[8,10,21],"is_endless":false,"potions_floor_spawned":[2,11,12,15,23,26,27,28,31],"killed_by":"IC_MUSHROOM_ARCHETYPE","ascension_level":0}}