{"host":"xoyp8vl9zpezjqzb","time":1611774683,"event":{"mods":["AchievementEnabler","BaseMod","Colored Map","Minty Spire (QoL Compilation)","Permanent Neow","Quick Restart"],"gold_per_floor":[199,374,387,387,337,7,32,48,48,9,9,47,65,83,83,203,203,203,203],"floor_reached":18,"language":"ENG","playtime":1223,"items_purged":[],"score":162,"play_id":"ef191380-fb0b-4850-968a-56ea74ac2f6e","local_time":"20210127141123","is_ascension_mode":false,"campfire_choices":[{"floor":11,"key":"REST"},{"floor":15,"key":"REST"}],"circlet_count":0,"master_deck":["Strike_G","Strike_G","Strike_G","Strike_G","Strike_G","Defend_G","Defend_G","Defend_G","Defend_G","Defend_G","Survivor","Neutralize","Poisoned Stab","Well Laid Plans","Bouncing Flask","Poisoned Stab","Slice","Flechettes","Phantasmal Killer","Slice","Crippling Poison","Tools of the Trade"],"relics":["Ring of the Snake","Golden Idol","Kunai","Paper Crane","Bottled Flame","Philosopher\u0027s Stone"],"acts_visited":["Exordium","TheCity"],"potions_floor_usage":[],"damage_taken":[{"damage":5,"enemies":"Jaw Worm","floor":1,"turns":6},{"damage":7,"enemies":"2 Louse","floor":3,"turns":3},{"damage":2,"enemies":"Small Slimes","floor":7,"turns":4},{"damage":12,"enemies":"Exordium Wildlife","floor":8,"turns":5},{"damage":19,"enemies":"Lagavulin","floor":12,"turns":7},{"damage":1,"enemies":"Red Slaver","floor":13,"turns":4},{"damage":3,"enemies":"Exordium Thugs","floor":14,"turns":4},{"damage":17,"enemies":"Hexaghost","floor":16,"turns":9},{"damage":0,"enemies":"Shell Parasite","floor":18,"turns":2}],"seed_played":"-7859756029547394981","potions_obtained":[{"floor":3,"key":"DistilledChaos"},{"floor":12,"key":"Block Potion"},{"floor":13,"key":"FearPotion"}],"is_trial":false,"path_per_floor":["M","?","M","?","?","$","M","M","T","$","R","E","M","M","R","B",null,"M"],"character_chosen":"THE_SILENT","items_purchased":["Kunai","Bouncing Flask","Flechettes"],"campfire_rested":2,"item_purchase_floors":[6,6,10],"current_hp_per_floor":[65,65,58,41,41,41,39,27,27,27,48,29,28,25,46,29,70,70,70],"gold":203,"neow_bonus":"HUNDRED_GOLD","is_daily":false,"chose_seed":false,"campfire_upgraded":0,"win_rate":0.0,"timestamp":1611774683,"path_taken":["M","?","M","?","?","$","M","?","T","$","R","E","M","M","R","BOSS","M"],"items_purchased_type":["Relic","Card","Card"],"build_version":"2020-12-22","purchased_purges":0,"victory":false,"max_hp_per_floor":[70,70,70,70,70,70,70,70,70,70,70,70,70,70,70,70,70,70,70],"card_choices":[{"not_picked":["Bane","Prepared"],"picked":"Poisoned Stab","floor":1},{"not_picked":["Setup","Prepared"],"picked":"Well Laid Plans","floor":3},{"not_picked":["Malaise","Escape Plan"],"picked":"Poisoned Stab","floor":7},{"not_picked":["PiercingWail","Bane"],"picked":"Slice","floor":8},{"not_picked":["Skewer","Riddle With Holes"],"picked":"Phantasmal Killer","floor":12},{"not_picked":["Prepared","Dodge and Roll"],"picked":"Slice","floor":13},{"not_picked":["Bouncing Flask","Skewer"],"picked":"Crippling Poison","floor":14},{"not_picked":["Venomology","Night Terror"],"picked":"Tools of the Trade","floor":16}],"player_experience":264173,"relics_obtained":[{"floor":9,"key":"Paper Crane"},{"floor":12,"key":"Bottled Flame"}],"event_choices":[{"damage_healed":0,"gold_gain":175,"player_choice":"AGREE","damage_taken":0,"max_hp_gain":0,"max_hp_loss":0,"event_name":"Liars Game","floor":2,"gold_loss":0,"cards_obtained":["Doubt"]},{"damage_healed":0,"gold_gain":0,"player_choice":"Take Damage","damage_taken":17,"relics_obtained":["Golden Idol"],"max_hp_gain":0,"max_hp_loss":0,"event_name":"Golden Idol","floor":4,"gold_loss":0},{"cards_removed":["Doubt"],"damage_healed":0,"gold_gain":0,"player_choice":"Card Removal","damage_taken":0,"max_hp_gain":0,"max_hp_loss":0,"event_name":"The Cleric","floor":5,"gold_loss":50}],"is_beta":false,"boss_relics":[{"not_picked":["Tiny House","Snecko Eye"],"picked":"Philosopher\u0027s Stone"}],"items_purged_floors":[],"is_endless":false,"potions_floor_spawned":[3,12,13,14],"killed_by":"Shell Parasite","ascension_level":0}}