{"host":"7eytxr1oawi6r5nr","time":1611783432,"event":{"mods":["BaseMod","Better Third Choice","Curses Come First","Dark Map","Hermit","Hubris","Ironclad Rager","Jorbs\u0027s Wanderer Trilogy","Minty Spire (QoL Compilation)","Permanent Neow","Quick Restart","Rare Cards Sparkle","Reliquary","Replay The Spire","Robot Space Explorer","StSLib","The Cursed","The Disciple","The Dragon Tamer","The Forsaken","The Marked","The Mystic","The Runesmith","UnlockEverythingMod","Wide Potions"],"gold_per_floor":[117,130,55,68,68,68,106,106,155,155,190,209,243,243,243,367,367,383,383,396,220,243,243,268,268,268,268,300,14,65,90,90,231,231,258,333,363,26,60,60,60,74,100,147,165,165,165,0,0,12],"floor_reached":51,"language":"ENG","playtime":4648,"items_purged":["Normality","Hallucinations","Injury","theForsaken:TheForsaken_Strike"],"score":751,"play_id":"a893c0dc-5626-4d16-b0e9-d7cda4b9657b","local_time":"20210127213712","is_ascension_mode":true,"campfire_choices":[{"data":"theForsaken:Smite","floor":6.0,"key":"SMITH"},{"data":"theForsaken:Preservation","floor":10.0,"key":"SMITH"},{"data":"theForsaken:WrathOfGod","floor":23,"key":"SMITH"},{"data":"theForsaken:DefensiveStance","floor":25,"key":"SMITH"},{"data":"theForsaken:WrathOfGod+1","floor":27,"key":"SMITH"},{"floor":32,"key":"REST"},{"data":"theForsaken:TearsOfSunlight","floor":40,"key":"SMITH"},{"data":"theForsaken:Prudence","floor":49,"key":"SMITH"}],"circlet_count":0,"master_deck":["theForsaken:TheForsaken_Strike","theForsaken:TheForsaken_Strike","theForsaken:TheForsaken_Strike","theForsaken:TheForsaken_Defend+1","theForsaken:TheForsaken_Defend","theForsaken:TheForsaken_Defend","theForsaken:TheForsaken_Defend","theForsaken:Smite+1","theForsaken:Penitence","theForsaken:Prudence+1","theForsaken:PanicDive","theForsaken:Preservation+1","theForsaken:RainingSunlight","theForsaken:WordsOfMight","theForsaken:SolarFlare","theForsaken:Confusion","theForsaken:DarkBargain","theForsaken:SacredOath","theForsaken:CreepingInfection","hubris:NaturalOne","theForsaken:FatRoll+1","theForsaken:DefensiveStance+1","theForsaken:WrathOfGod+2","theForsaken:Parry","theForsaken:Purification","theForsaken:CorruptedWord+1","theForsaken:DivineGuidance","theForsaken:TearsOfSunlight+1","theForsaken:CleansingLight+1","Sadistic Nature","theForsaken:Prudence+1","Writhe","theForsaken:SpreadingPlague"],"relics":["theForsaken:JudgementScales","Golden Idol","Snack Pack","ReplayTheSpireMod:Ring of Addiction","Ring of Peace","SacredBark","Toy Ornithopter","Ginger","reliquary:Buckler","theForsaken:ArmorOfThorns","hubris:Icosahedron","Replay:Bandana","Tiny Chest","Philosopher\u0027s Stone","hubris:AstralHammer","MealTicket","reliquary:Stiletto","Darkstone Periapt","Red Mask"],"acts_visited":["Exordium","TheCity","TheBeyond"],"potions_floor_usage":[16,18,24,30,33,42,45],"damage_taken":[{"damage":0.0,"enemies":"2 Louse","floor":1.0,"turns":4.0},{"damage":5.0,"enemies":"Jaw Worm","floor":2.0,"turns":5.0},{"damage":0.0,"enemies":"Small Slimes","floor":4.0,"turns":7.0},{"damage":2.0,"enemies":"3 Sentries","floor":7.0,"turns":10.0},{"damage":0.0,"enemies":"Lagavulin","floor":11.0,"turns":10.0},{"damage":0.0,"enemies":"3 Louse","floor":12.0,"turns":1.0},{"damage":5.0,"enemies":"Gremlin Nob","floor":13.0,"turns":6.0},{"damage":36,"enemies":"Hexaghost","floor":16,"turns":15},{"damage":0,"enemies":"2 Thieves","floor":18,"turns":2},{"damage":5,"enemies":"Chosen","floor":20,"turns":7},{"damage":12,"enemies":"Snake Plant","floor":22,"turns":6},{"damage":13,"enemies":"Shelled Parasite and Fungi","floor":24,"turns":6},{"damage":12,"enemies":"Centurion and Healer","floor":28,"turns":8},{"damage":50,"enemies":"Gremlin Leader","floor":30,"turns":7},{"damage":12,"enemies":"Sentry and Sphere","floor":31,"turns":6},{"damage":90,"enemies":"Champ","floor":33,"turns":18},{"damage":5,"enemies":"3 Shapes","floor":35,"turns":3},{"damage":27,"enemies":"Mind Bloom Boss Battle","floor":36,"turns":7},{"damage":6,"enemies":"Orb Walker","floor":37,"turns":4},{"damage":6,"enemies":"Jaw Worm Horde","floor":39,"turns":3},{"damage":17,"enemies":"4 Shapes","floor":42,"turns":5},{"damage":39,"enemies":"Nemesis","floor":44,"turns":8},{"damage":6,"enemies":"Transient","floor":45,"turns":5},{"damage":101,"enemies":"Time Eater","floor":50,"turns":12}],"seed_played":"-1612620308960925112","potions_obtained":[{"floor":1.0,"key":"Ancient Potion"},{"floor":4.0,"key":"Weak Potion"},{"floor":8.0,"key":"DuplicationPotion"},{"floor":8.0,"key":"Explosive Potion"},{"floor":20,"key":"Languid Potion"},{"floor":22,"key":"Regen Potion"},{"floor":24,"key":"SkillPotion"},{"floor":35,"key":"SpeedPotion"},{"floor":37,"key":"Fire Potion"}],"is_trial":false,"path_per_floor":["M","M","$","M","?","R","E","?","T","R","E","M","E","?","R","B",null,"M","?","M","$","M","R","M","R","T","R","M","$","E","M","R","B",null,"M","?","M","$","M","R","?","M","T","E","M","T","$","?","R","B",null],"character_chosen":"THE_FORSAKEN","items_purchased":["theForsaken:DefensiveStance","theForsaken:Purification","Sadistic Nature"],"campfire_rested":1,"item_purchase_floors":[21,29,38],"current_hp_per_floor":[65,63,63,65,65,65,65,65,65,65,65,63,58,58,63,39,66,66,66,63,63,53,53,64,64,64,64,57,57,20,19,37,20,62,57,44,43,43,39,39,54,48,48,19,42,42,57,57,56,45],"gold":12,"neow_bonus":"THREE_RARE_CARDS","is_daily":false,"chose_seed":false,"campfire_upgraded":7,"win_rate":0.0,"timestamp":1611783432,"path_taken":["M","M","$","M","?","R","E","?","T","R","E","M","E","?","R","BOSS","M","?","M","$","M","R","M","R","T","R","M","$","E","M","R","BOSS","M","?","M","$","M","R","?","?","T","E","M","?","$","?","R","BOSS"],"items_purchased_type":["Card","Card","Card"],"build_version":"2020-12-22","purchased_purges":4,"victory":true,"max_hp_per_floor":[65,65,65,65,65,65,65,65,65,65,65,63,63,63,68,66,66,66,66,66,66,64,64,64,64,64,64,62,62,62,62,62,62,62,62,62,60,60,60,58,58,58,58,58,58,58,58,58,56,56],"card_choices":[{"not_picked":["theForsaken:Horror","theForsaken:DarkRift"],"picked":"theForsaken:Prudence","floor":0.0},{"not_picked":["theForsaken:Riposte","theForsaken:InspiringBlow"],"picked":"theForsaken:PanicDive","floor":1.0},{"not_picked":["theForsaken:Devotion","theForsaken:BlindFaith"],"picked":"theForsaken:Preservation","floor":2.0},{"not_picked":["theForsaken:QuickAttack","theForsaken:HymnOfPatience"],"picked":"theForsaken:RainingSunlight","floor":4.0},{"not_picked":["theForsaken:PanicDive","theForsaken:BlightOfFamine"],"picked":"theForsaken:WordsOfMight","floor":7.0},{"not_picked":["theForsaken:PanicDive","theForsaken:Temperance"],"picked":"theForsaken:SolarFlare","floor":11.0},{"not_picked":["theForsaken:ShieldBash","theForsaken:Thunderbolt","theForsaken:HorrifyingStrike"],"picked":"SKIP","floor":12.0},{"not_picked":["theForsaken:Preservation","theForsaken:Riposte"],"picked":"theForsaken:Confusion","floor":13.0},{"not_picked":["theForsaken:CorruptDeck","theForsaken:DarkRift"],"picked":"theForsaken:SacredOath","floor":16},{"not_picked":["theForsaken:Eulogy","theForsaken:HorrifyingStrike"],"picked":"theForsaken:CreepingInfection","floor":18},{"not_picked":["theForsaken:Parry","theForsaken:Thunderbolt"],"picked":"theForsaken:FatRoll+1","floor":20},{"not_picked":["theForsaken:BlightOfFamine","theForsaken:DefensiveStance"],"picked":"theForsaken:WrathOfGod","floor":22},{"not_picked":["theForsaken:Preservation","theForsaken:FuryStrikes+1","theForsaken:ScorchingSunlight"],"picked":"SKIP","floor":24},{"not_picked":["theForsaken:BattleHymn+1","theForsaken:WordsOfPestilence"],"picked":"theForsaken:Parry","floor":28},{"not_picked":["theForsaken:WordsOfPestilence","theForsaken:Preservation+1"],"picked":"theForsaken:CorruptedWord+1","floor":30},{"not_picked":["theForsaken:PanicDive+1","theForsaken:ChargeAttack+1"],"picked":"theForsaken:DivineGuidance","floor":31},{"not_picked":["theForsaken:Horror","theForsaken:CorruptDeck"],"picked":"theForsaken:TearsOfSunlight","floor":33},{"not_picked":["theForsaken:CreepingInfection+1","theForsaken:Eulogy+1","theForsaken:ChargeAttack"],"picked":"SKIP","floor":35},{"not_picked":["theForsaken:HymnOfPatience+1","theForsaken:ScorchingSunlight"],"picked":"theForsaken:CleansingLight+1","floor":37},{"not_picked":["theForsaken:Preservation","theForsaken:SpinAttack+1"],"picked":"theForsaken:Prudence","floor":39},{"not_picked":["theForsaken:FatRoll+1","theForsaken:Thunderbolt","theForsaken:Devotion+1"],"picked":"SKIP","floor":42},{"not_picked":["theForsaken:PowerUp+1","theForsaken:SolarFlare"],"picked":"theForsaken:SpreadingPlague","floor":44},{"not_picked":["theForsaken:FuryStrikes","theForsaken:ShieldBash+1","theForsaken:Parry+1"],"picked":"SKIP","floor":45}],"player_experience":155014,"relics_obtained":[{"floor":7.0,"key":"Snack Pack"},{"floor":8.0,"key":"ReplayTheSpireMod:Ring of Addiction"},{"floor":8.0,"key":"Ring of Peace"},{"floor":8.0,"key":"SacredBark"},{"floor":8.0,"key":"Toy Ornithopter"},{"floor":11.0,"key":"Ginger"},{"floor":13.0,"key":"reliquary:Buckler"},{"floor":26,"key":"Replay:Bandana"},{"floor":30,"key":"Tiny Chest"},{"floor":36,"key":"hubris:AstralHammer"},{"floor":43,"key":"MealTicket"},{"floor":44,"key":"reliquary:Stiletto"},{"floor":46,"key":"Darkstone Periapt"}],"event_choices":[{"damage_healed":0.0,"max_hp_gain":0.0,"max_hp_loss":0.0,"gold_gain":0.0,"event_name":"Golden Idol","player_choice":"Take Wound","floor":5.0,"gold_loss":0.0,"damage_taken":0.0,"relics_obtained":["Golden Idol"],"cards_obtained":["Injury"]},{"damage_healed":0,"gold_gain":0,"player_choice":"Donut","damage_taken":0,"max_hp_gain":5,"max_hp_loss":0,"event_name":"Big Fish","floor":15,"gold_loss":0},{"damage_healed":0,"gold_gain":0,"player_choice":"Fight","damage_taken":0,"max_hp_gain":0,"max_hp_loss":0,"event_name":"MindBloom","floor":36,"gold_loss":0},{"damage_healed":15,"gold_gain":0,"player_choice":"Writhe","damage_taken":0,"max_hp_gain":0,"max_hp_loss":0,"event_name":"Winding Halls","floor":41,"gold_loss":0,"cards_obtained":["Writhe"]},{"damage_healed":0,"gold_gain":0,"player_choice":"Paid","damage_taken":0,"relics_obtained":["Red Mask"],"max_hp_gain":0,"max_hp_loss":0,"event_name":"Tomb of Lord Red Mask","floor":48,"gold_loss":165}],"is_beta":false,"boss_relics":[{"not_picked":["Coffee Dripper","theForsaken:PaleLantern"],"picked":"theForsaken:ArmorOfThorns"},{"not_picked":["Calling Bell","hubris:BlackHole"],"picked":"Philosopher\u0027s Stone"}],"items_purged_floors":[3,21,29,38],"is_endless":false,"potions_floor_spawned":[1,4,13,20,22,24,35,37,39,42,44],"ascension_level":1}}