{"host":"mmro3auxcbu5pwad","time":1611756536,"event":{"mods":["Aspiration","BaseMod","Conspire","Energized Spire","Halation","Hubris","Infinite Spire","Minty Spire (QoL Compilation)","Permanent Neow","Replay The Spire","StSLib"],"gold_per_floor":[111,126,126,145,161,186,186,37,63,76,91,91,91,103,103,206,206,222,234,14,26,43,43,60,60,60,60,60,60,78,89,89,89,89],"floor_reached":33,"language":"ENG","playtime":2419,"items_purged":["Defend_P"],"score":303,"play_id":"c51fc4e9-749e-4fac-8cfa-fd47fdaaddbf","local_time":"20210127150856","is_ascension_mode":false,"campfire_choices":[{"data":"BattleHymn","floor":7,"key":"SMITH"},{"data":"EmptyBody","floor":13,"key":"SMITH"},{"data":"ClearTheMind","floor":15,"key":"SMITH"},{"data":"Halt","floor":23,"key":"SMITH"},{"data":"Evaluate","floor":25,"key":"SMITH"},{"data":"Defend_P","floor":27,"key":"SMITH"},{"floor":32,"key":"REST"}],"circlet_count":0,"master_deck":["Strike_P","Strike_P","Strike_P","Strike_P","Defend_P","Defend_P+1","Eruption+1","Vigilance+1","EmptyBody+1","EmptyFist","EmptyFist","BattleHymn+1","ClearTheMind+1","Halt+1","Halt+1","Evaluate+1","Decay","Halt"],"relics":["PureWater","Blood Vial","Lantern","Bronze Scales","SlaversCollar","ClockworkSouvenir","Bottled Flame"],"acts_visited":["Exordium","TheCity"],"potions_floor_usage":[30,30],"damage_taken":[{"damage":0,"enemies":"Cultist","floor":1,"turns":2},{"damage":0,"enemies":"2 Louse","floor":2,"turns":4},{"damage":0,"enemies":"Jaw Worm","floor":4,"turns":6},{"damage":8,"enemies":"Gremlin Gang","floor":5,"turns":5},{"damage":31,"enemies":"Lagavulin","floor":6,"turns":7},{"damage":2,"enemies":"Blue Slaver","floor":10,"turns":2},{"damage":0,"enemies":"3 Louse","floor":11,"turns":2},{"damage":0,"enemies":"Exordium Thugs","floor":14,"turns":2},{"damage":0,"enemies":"Slime Boss","floor":16,"turns":4},{"damage":2,"enemies":"Shell Parasite","floor":18,"turns":4},{"damage":15,"enemies":"2 Thieves","floor":19,"turns":4},{"damage":9,"enemies":"Centurion and Healer","floor":21,"turns":5},{"damage":1,"enemies":"Cultist and Chosen","floor":22,"turns":6},{"damage":6,"enemies":"Snake Plant","floor":24,"turns":4},{"damage":11,"enemies":"Shelled Parasite and Fungi","floor":30,"turns":5},{"damage":5,"enemies":"Centurion and Healer","floor":31,"turns":6},{"damage":65,"enemies":"hubris:MusketHawk","floor":33,"turns":8}],"seed_played":"-6322056223275902518","potions_obtained":[{"floor":1,"key":"PowerPotion"},{"floor":5,"key":"Dexterity Potion"},{"floor":6,"key":"Weak Potion"},{"floor":22,"key":"DistilledChaos"}],"is_trial":false,"path_per_floor":["M","M","?","M","M","E","R","$","T","M","M","?","R","M","R","B",null,"M","M","$","M","M","R","M","R","T","R","?","?","M","M","R","B"],"character_chosen":"WATCHER","items_purchased":["Lantern","ClockworkSouvenir"],"campfire_rested":1,"item_purchase_floors":[8,20],"current_hp_per_floor":[72,72,72,72,64,33,33,33,33,33,35,35,35,37,37,39,72,70,57,57,50,51,51,47,47,47,47,47,47,38,35,56,0,0],"gold":89,"neow_bonus":"UPGRADE_CARD","is_daily":false,"chose_seed":false,"campfire_upgraded":6,"win_rate":0.0,"timestamp":1611756536,"path_taken":["M","?","?","M","M","E","R","$","T","?","?","?","R","M","R","BOSS","M","?","$","M","M","R","M","R","T","R","?","?","M","M","R","BOSS"],"items_purchased_type":["Relic","Relic"],"build_version":"2020-12-22","purchased_purges":1,"victory":false,"max_hp_per_floor":[72,72,72,72,72,72,72,72,72,72,72,72,72,72,72,72,72,72,72,72,72,72,72,72,72,72,72,72,72,72,72,72,72,72],"card_choices":[{"not_picked":["FearNoEvil","FlurryOfBlows"],"picked":"EmptyBody","floor":1},{"not_picked":["Consecrate","WreathOfFlame"],"picked":"EmptyFist","floor":2},{"not_picked":["Replay:AtTheReady","SandsOfTime","BowlingBash"],"picked":"SKIP","floor":4},{"not_picked":["Meditate","Evaluate"],"picked":"EmptyFist","floor":5},{"not_picked":["Replay:AtTheReady","Replay:Cycle"],"picked":"BattleHymn","floor":6},{"not_picked":["JustLucky","PathToVictory","FollowUp"],"picked":"SKIP","floor":10},{"not_picked":["Consecrate","Sanctity","BattleHymn"],"picked":"SKIP","floor":11},{"not_picked":["Collect","Pray"],"picked":"ClearTheMind","floor":14},{"not_picked":["Replay:Battleflow","CrushJoints"],"picked":"Halt","floor":18},{"not_picked":["CrushJoints","FlyingSleeves+1","FearNoEvil"],"picked":"SKIP","floor":19},{"not_picked":["Replay:AtTheReady","Protect"],"picked":"Halt+1","floor":21},{"not_picked":["Replay:AtTheReady","PathToVictory"],"picked":"Evaluate","floor":22},{"not_picked":["EmptyMind","Scrawl","Nirvana"],"picked":"SKIP","floor":24},{"not_picked":["Replay:Hum","CrushJoints","Vengeance+1"],"picked":"SKIP","floor":30},{"not_picked":["BowlingBash","Vengeance"],"picked":"Halt","floor":31}],"player_experience":47376,"relics_obtained":[{"floor":6,"key":"Blood Vial"},{"floor":9,"key":"Bronze Scales"},{"floor":26,"key":"Bottled Flame"}],"event_choices":[{"cards_removed":["Defend_P"],"damage_healed":0,"gold_gain":0,"player_choice":"Purged","damage_taken":0,"max_hp_gain":0,"max_hp_loss":0,"event_name":"Purifier","floor":3,"gold_loss":0},{"damage_healed":0,"gold_gain":0,"player_choice":"Forge","damage_taken":0,"max_hp_gain":0,"max_hp_loss":0,"event_name":"Accursed Blacksmith","floor":12,"gold_loss":0,"cards_upgraded":["Vigilance"]},{"damage_healed":0,"gold_gain":0,"player_choice":"Leave","damage_taken":0,"max_hp_gain":0,"max_hp_loss":0,"event_name":"conspire:Investor","floor":28,"gold_loss":0},{"damage_healed":0,"gold_gain":0,"player_choice":"Cursed","damage_taken":0,"max_hp_gain":0,"max_hp_loss":0,"event_name":"Wheel of Change","floor":29,"gold_loss":0,"cards_obtained":["Decay"]}],"is_beta":false,"boss_relics":[{"not_picked":["hubris:HollowSoul","VioletLotus"],"picked":"SlaversCollar"}],"items_purged_floors":[20],"is_endless":false,"potions_floor_spawned":[1,5,6,16,18,22,24],"killed_by":"hubris:MusketHawk","ascension_level":0}}