{"host":"oehe2dxjvdgux73m","time":1611764044,"event":{"mods":["AchievementEnabler","BaseMod","Colored Map","Colored Powertips","DeckTracker","Keyboard Shortcuts","Minty Spire (QoL Compilation)","Permanent Neow","Quick Restart","StSLib","SuperFastMode"],"gold_per_floor":[219,232,244,262,187,187,199,199,270,270,270,287,316,343,343,421,421,435,453,262,262,272,298,298,298,298],"floor_reached":25,"language":"KOR","playtime":787,"items_purged":[],"score":401,"play_id":"5ce640d0-0fbd-441c-800a-3e6d10ba8fc2","local_time":"20210128011404","is_ascension_mode":true,"campfire_choices":[{"data":"Armaments","floor":6.0,"key":"SMITH"},{"data":"Body Slam","floor":8.0,"key":"SMITH"},{"data":"Wild Strike","floor":10.0,"key":"SMITH"},{"data":"Perfected Strike","floor":15.0,"key":"SMITH"},{"data":"Offering","floor":24.0,"key":"SMITH"}],"circlet_count":0,"master_deck":["AscendersBane","Strike_R+1","Strike_R+1","Strike_R+1","Strike_R","Strike_R","Defend_R+1","Defend_R","Wild Strike+1","Wild Strike","Armaments+1","Body Slam+1","Perfected Strike+1","Double Tap","CurseOfTheBell","Wild Strike","Havoc","Feed","Warcry","Offering+1","Perfected Strike"],"relics":["Burning Blood","Self Forming Clay","StoneCalendar","Whetstone","Calling Bell","Bag of Marbles","Gremlin Horn","Dead Branch","Potion Belt"],"acts_visited":["Exordium","TheCity"],"potions_floor_usage":[],"damage_taken":[{"damage":3.0,"enemies":"2 Louse","floor":1.0,"turns":3.0},{"damage":9.0,"enemies":"Jaw Worm","floor":2.0,"turns":4.0},{"damage":0.0,"enemies":"Cultist","floor":3.0,"turns":2.0},{"damage":7.0,"enemies":"Looter","floor":4.0,"turns":3.0},{"damage":11.0,"enemies":"Blue Slaver","floor":7.0,"turns":4.0},{"damage":15.0,"enemies":"Large Slime","floor":12.0,"turns":5.0},{"damage":23.0,"enemies":"3 Sentries","floor":13.0,"turns":6.0},{"damage":10.0,"enemies":"Slime Boss","floor":16.0,"turns":7.0},{"damage":9.0,"enemies":"Shell Parasite","floor":18.0,"turns":3.0},{"damage":6.0,"enemies":"3 Byrds","floor":19.0,"turns":4.0},{"damage":19.0,"enemies":"Sentry and Sphere","floor":22.0,"turns":4.0},{"damage":12.0,"enemies":"Slavers","floor":23.0,"turns":4.0},{"damage":41,"enemies":"Gremlin Leader","floor":25,"turns":5}],"seed_played":"-2979712817339491623","potions_obtained":[{"floor":1.0,"key":"SkillPotion"},{"floor":2.0,"key":"Weak Potion"},{"floor":3.0,"key":"SkillPotion"},{"floor":16.0,"key":"FearPotion"},{"floor":19.0,"key":"Dexterity Potion"},{"floor":22.0,"key":"SpeedPotion"}],"is_trial":false,"path_per_floor":["M","M","M","M","?","R","M","R","T","R","?","M","E","T","R","B",null,"M","M","$","?","M","E","R","E"],"character_chosen":"IRONCLAD","items_purchased":["Havoc","Feed"],"campfire_rested":0,"item_purchase_floors":[20,20],"current_hp_per_floor":[71,68,74,73,73,73,68,68,68,68,45,36,19,19,19,15,60,57,57,57,57,44,38,38,0,0],"gold":298,"neow_bonus":"HUNDRED_GOLD","is_daily":false,"chose_seed":false,"campfire_upgraded":5,"win_rate":0.0,"timestamp":1611764044,"path_taken":["M","M","M","M","?","R","M","R","T","R","?","M","E","?","R","BOSS","M","?","$","?","M","E","R","E"],"items_purchased_type":["Card","Card"],"build_version":"2020-12-22","purchased_purges":0,"victory":false,"max_hp_per_floor":[75,75,75,75,75,75,75,75,75,75,75,75,75,75,75,75,75,75,75,75,75,75,75,75,75,75],"card_choices":[{"not_picked":["Evolve","Flame Barrier"],"picked":"Wild Strike","floor":1.0},{"not_picked":["Iron Wave","Reckless Charge"],"picked":"Wild Strike","floor":2.0},{"not_picked":["Warcry","Iron Wave"],"picked":"Armaments","floor":3.0},{"not_picked":["Havoc","Iron Wave","Clothesline"],"picked":"SKIP","floor":4.0},{"not_picked":["Metallicize","Sword Boomerang"],"picked":"Body Slam","floor":7.0},{"not_picked":["Heavy Blade","Wild Strike","Juggernaut"],"picked":"SKIP","floor":12.0},{"not_picked":["Flame Barrier","Entrench"],"picked":"Perfected Strike","floor":13.0},{"not_picked":["Barricade","Brutality"],"picked":"Double Tap","floor":16.0},{"not_picked":["Armaments+1","Clash","Searing Blow"],"picked":"SKIP","floor":18.0},{"not_picked":["Flex","Anger"],"picked":"Wild Strike","floor":19.0},{"not_picked":["Shockwave","Clash"],"picked":"Perfected Strike","floor":22.0},{"not_picked":["Iron Wave","Combust","Cleave"],"picked":"SKIP","floor":23.0}],"player_experience":318138,"relics_obtained":[{"floor":9.0,"key":"Self Forming Clay"},{"floor":13.0,"key":"StoneCalendar"},{"floor":14.0,"key":"Whetstone"},{"floor":17.0,"key":"Bag of Marbles"},{"floor":17.0,"key":"Gremlin Horn"},{"floor":17.0,"key":"Dead Branch"},{"floor":23.0,"key":"Potion Belt"}],"event_choices":[{"cards_removed":["Defend_R"],"damage_healed":0.0,"max_hp_gain":0.0,"max_hp_loss":0.0,"gold_gain":0.0,"event_name":"The Cleric","player_choice":"Card Removal","floor":5.0,"gold_loss":75.0,"damage_taken":0.0},{"damage_healed":0.0,"max_hp_gain":0.0,"max_hp_loss":0.0,"gold_gain":0.0,"event_name":"Shining Light","player_choice":"Entered Light","floor":11.0,"gold_loss":0.0,"damage_taken":23.0,"cards_upgraded":["Defend_R","Strike_R"]},{"damage_healed":0.0,"max_hp_gain":0.0,"max_hp_loss":0.0,"gold_gain":0.0,"cards_transformed":["Bash","Defend_R"],"event_name":"Drug Dealer","player_choice":"Became Test Subject","floor":21.0,"gold_loss":0.0,"damage_taken":0.0,"cards_obtained":["Warcry","Offering"]}],"is_beta":false,"boss_relics":[{"not_picked":["Runic Dome","Tiny House"],"picked":"Calling Bell"}],"items_purged_floors":[],"is_endless":false,"potions_floor_spawned":[1,2,3,16,19,22],"killed_by":"Gremlin Leader","ascension_level":16}}