{"host":"rolltorest","time":1611721645,"event":{"mods":["BaseMod","Jorbs\u0027s Wanderer Trilogy","Koishi","Minty Spire (QoL Compilation)","Relic Stats","Robot Space Explorer","Slay the Relics Exporter","StSLib","The Servant 0.9.4"],"gold_per_floor":[114,126,70,81,81,81,81,110,110,110,130,149,149,180,180,258,258,270,250,268,193,193,193,218,234,284,319,338,351,386,406,406,479,479,493,504,504,321,339,364,364,26,26,40,69,87,115,125,125,125,125,125,125,75,109,109],"floor_reached":57,"language":"ENG","playtime":2577,"items_purged":["Strike_S"],"score":3228,"play_id":"8647ba61-abf0-49e0-b3f9-98516a6c4512","local_time":"20210126202725","is_ascension_mode":true,"campfire_choices":[{"data":"ShatteredReality","floor":6,"key":"SMITH"},{"floor":10,"key":"REST"},{"data":"DoubleEdge","floor":13,"key":"SMITH"},{"data":"ShatteredReality","floor":15,"key":"SMITH"},{"data":"RealityMarble","floor":23,"key":"SMITH"},{"data":"LightFlow","floor":32,"key":"SMITH"},{"floor":41,"key":"RECALL"},{"data":"Defend_S","floor":49,"key":"SMITH"},{"data":"Defend_S","floor":53,"key":"SMITH"}],"circlet_count":0,"master_deck":["AscendersBane","Defend_S","Defend_S","Defend_S+1","Defend_S+1","KidneyShot+1","Exchange","RealityMarble+1","DoubleEdge+1","ShatteredReality+1","Moondial+1","Rewind+1","Defy+1","ShatteredReality+1","TheWorld+1","Potential+1","Starlight+1","Alleviate+1","SpecialFormula+1","LightFlow+1","BottledTime+1","Rearm+1","ShiftingGears+1","Solidify+1","PendulumOfEternity+1","Replace+1","Sabotage+1","Jack Of All Trades+1","TimeTheft+1","Spin+1","TimeWarp+1"],"relics":["Uniform","NeowsBlessing","Sundial","StrikeDummy","Toxic Egg 2","Letter Opener","Thread and Needle","SlaversCollar","Whetstone","Molten Egg 2","Bottled Lightning","Busted Crown","Torii","PocketWatch","StoneCalendar","Pantograph","Anchor","Oddly Smooth Stone"],"acts_visited":["Exordium","TheCity","TheBeyond","TheEnding"],"potions_floor_usage":[8,19,25,29,33,56],"damage_taken":[{"damage":0,"enemies":"Small Slimes","floor":1,"turns":1},{"damage":0,"enemies":"Cultist","floor":2,"turns":1},{"damage":0,"enemies":"Jaw Worm","floor":4,"turns":1},{"damage":20,"enemies":"3 Sentries","floor":8,"turns":5},{"damage":3,"enemies":"Looter","floor":11,"turns":3},{"damage":0,"enemies":"Lots of Slimes","floor":12,"turns":1},{"damage":5,"enemies":"Lagavulin","floor":14,"turns":4},{"damage":22,"enemies":"Hexaghost","floor":16,"turns":13},{"damage":0,"enemies":"2 Thieves","floor":18,"turns":3},{"damage":0,"enemies":"Spheric Guardian","floor":20,"turns":4},{"damage":7,"enemies":"Slavers","floor":24,"turns":3},{"damage":17,"enemies":"Shelled Parasite and Fungi","floor":25,"turns":3},{"damage":0,"enemies":"Gremlin Leader","floor":27,"turns":4},{"damage":0,"enemies":"Snecko","floor":28,"turns":6},{"damage":0,"enemies":"3 Cultists","floor":29,"turns":3},{"damage":10,"enemies":"Slavers","floor":30,"turns":3},{"damage":4,"enemies":"Snake Plant","floor":31,"turns":3},{"damage":18,"enemies":"Champ","floor":33,"turns":6},{"damage":0,"enemies":"Orb Walker","floor":35,"turns":2},{"damage":0,"enemies":"3 Shapes","floor":36,"turns":2},{"damage":0,"enemies":"3 Darklings","floor":39,"turns":3},{"damage":0,"enemies":"Giant Head","floor":40,"turns":4},{"damage":0,"enemies":"Spire Growth","floor":44,"turns":3},{"damage":0,"enemies":"Reptomancer","floor":45,"turns":2},{"damage":0,"enemies":"Transient","floor":46,"turns":6},{"damage":0,"enemies":"Giant Head","floor":47,"turns":2},{"damage":0,"enemies":"Jaw Worm Horde","floor":48,"turns":2},{"damage":19,"enemies":"Time Eater","floor":50,"turns":6},{"damage":0,"enemies":"Awakened One","floor":51,"turns":7},{"damage":0,"enemies":"Shield and Spear","floor":55,"turns":4},{"damage":60,"enemies":"The Heart","floor":56,"turns":8}],"seed_played":"-6728793417323535931","potions_obtained":[{"floor":2,"key":"AttackPotion"},{"floor":8,"key":"Regen Potion"},{"floor":11,"key":"Dexterity Potion"},{"floor":14,"key":"Fruit Juice"},{"floor":19,"key":"FairyPotion"},{"floor":25,"key":"Explosive Potion"},{"floor":30,"key":"PowerPotion"},{"floor":33,"key":"Dexterity Potion"},{"floor":48,"key":"CultistPotion"}],"is_trial":false,"path_per_floor":["M","M","?","M","?","R","?","E","T","R","M","M","R","E","R","B",null,"M","?","M","?","?","R","E","M","T","E","M","M","E","M","R","B",null,"M","M","?","$","M","E","R","$","T","M","E","M","E","M","R","B","B",null,"R","$","E","B",null],"character_chosen":"THE_SERVANT","items_purchased":["Jack Of All Trades+1","PocketWatch","TimeWarp+1"],"campfire_rested":1,"item_purchase_floors":[38,42,54],"current_hp_per_floor":[54,54,54,54,36,36,36,16,16,34,31,31,31,26,26,4,46,46,51,51,51,51,51,44,44,44,52,60,60,58,54,54,44,60,60,65,65,65,65,65,65,65,65,65,65,65,65,65,65,46,65,65,65,65,65,13],"gold":109,"neow_bonus":"THREE_ENEMY_KILL","is_daily":false,"chose_seed":false,"campfire_upgraded":7,"win_rate":0.0,"timestamp":1611721645,"path_taken":["M","M","?","?","?","R","?","E","T","R","?","M","R","E","R","BOSS","M","?","?","?","?","R","E","?","T","E","M","M","E","M","R","BOSS","M","M","?","$","M","E","R","?","T","?","E","?","E","M","R","BOSS","BOSS","R","$","E","BOSS"],"items_purchased_type":["Card","Relic","Card"],"build_version":"2020-12-18","purchased_purges":1,"victory":true,"max_hp_per_floor":[60,60,60,60,60,60,60,60,60,60,60,60,60,60,60,60,60,60,65,65,65,65,65,65,65,65,65,65,65,65,65,65,65,65,65,65,65,65,65,65,65,65,65,65,65,65,65,65,65,65,65,65,65,65,65,65],"relic_stats":{"Busted Crown":20,"Torii":24,"counters":[31,118],"Sundial":[18],"Pantograph":19,"StoneCalendar":[53],"Letter Opener":[712],"Whetstone":["KidneyShot","Starlight"],"obtain_stats":[{"NeowsBlessing":0,"Torii":40,"Oddly Smooth Stone":55,"Thread and Needle":14,"StoneCalendar":43,"Uniform":0,"Letter Opener":9,"Whetstone":24,"SlaversCollar":17,"Anchor":47,"Busted Crown":34,"Sundial":3,"Pantograph":45,"Molten Egg 2":27,"PocketWatch":42,"Bottled Lightning":30,"Toxic Egg 2":8,"StrikeDummy":5},{"NeowsBlessing":0,"Torii":22,"Oddly Smooth Stone":30,"Thread and Needle":7,"StoneCalendar":22,"Uniform":0,"Letter Opener":4,"Whetstone":11,"SlaversCollar":8,"Anchor":26,"Busted Crown":18,"Sundial":2,"Pantograph":24,"Molten Egg 2":13,"PocketWatch":22,"Bottled Lightning":16,"Toxic Egg 2":4,"StrikeDummy":3},{"NeowsBlessing":0,"Torii":78,"Oddly Smooth Stone":110,"Thread and Needle":16,"StoneCalendar":78,"Uniform":0,"Letter Opener":8,"Whetstone":39,"SlaversCollar":29,"Anchor":91,"Busted Crown":67,"Sundial":2,"Pantograph":83,"Molten Egg 2":46,"PocketWatch":78,"Bottled Lightning":58,"Toxic Egg 2":8,"StrikeDummy":3}]},"card_choices":[{"not_picked":["BottledTime","Alleviate"],"picked":"RealityMarble","floor":1},{"not_picked":["Potential","Alleviate"],"picked":"DoubleEdge","floor":2},{"not_picked":["Rewind","Starlight"],"picked":"ShatteredReality","floor":4},{"not_picked":["BottledTime+1","Embodiment"],"picked":"Moondial+1","floor":8},{"not_picked":["DoubleEdge","FanOfKnives"],"picked":"Rewind+1","floor":11},{"not_picked":["ReturningBlade","TimeTheft+1"],"picked":"Defy+1","floor":12},{"not_picked":["TrueSight","FastForward+1"],"picked":"ShatteredReality","floor":14},{"not_picked":["Deny+1","SilverMatrix"],"picked":"TheWorld+1","floor":16},{"not_picked":["FastForward+1","ShatteredReality"],"picked":"Potential+1","floor":18},{"not_picked":["Revamp+1","Rewind+1"],"picked":"Starlight","floor":20},{"not_picked":["GearUp+1","Revamp+1"],"picked":"SpecialFormula+1","floor":24},{"not_picked":["Alleviate+1","StarChef+1"],"picked":"LightFlow","floor":25},{"not_picked":["TimeWarp+1","Sabotage+1"],"picked":"BottledTime+1","floor":27},{"not_picked":["FastForward+1","Potential+1"],"picked":"Rearm+1","floor":28},{"not_picked":["Rewind+1","BestPractice","Rearm+1"],"picked":"SKIP","floor":29},{"not_picked":["BottledTime+1","ShatteredReality+1"],"picked":"ShiftingGears+1","floor":30},{"not_picked":["Unruled+1","DoubleEdge+1"],"picked":"Solidify+1","floor":31},{"not_picked":["KillingDoll+1","Deny+1"],"picked":"PendulumOfEternity+1","floor":33},{"not_picked":[],"picked":"Replace+1","floor":35},{"not_picked":[],"picked":"Sabotage+1","floor":36},{"not_picked":["Potential+1"],"picked":"SKIP","floor":39},{"not_picked":[],"picked":"TimeTheft+1","floor":40},{"not_picked":["Potential+1"],"picked":"SKIP","floor":44},{"not_picked":["Rearm+1"],"picked":"SKIP","floor":45},{"not_picked":[],"picked":"Spin+1","floor":46},{"not_picked":["GearUp+1"],"picked":"SKIP","floor":47},{"not_picked":["Deadline+1"],"picked":"SKIP","floor":48},{"not_picked":["DoubleEdge+1"],"picked":"SKIP","floor":55}],"player_experience":2245620,"relics_obtained":[{"floor":8,"key":"Toxic Egg 2"},{"floor":9,"key":"Letter Opener"},{"floor":14,"key":"Thread and Needle"},{"floor":24,"key":"Whetstone"},{"floor":27,"key":"Molten Egg 2"},{"floor":30,"key":"Bottled Lightning"},{"floor":40,"key":"Torii"},{"floor":43,"key":"StoneCalendar"},{"floor":45,"key":"Pantograph"},{"floor":47,"key":"Anchor"},{"floor":55,"key":"Oddly Smooth Stone"}],"event_choices":[{"damage_healed":0,"gold_gain":0,"player_choice":"Paid Gold","damage_taken":0,"relics_obtained":["Sundial"],"max_hp_gain":0,"max_hp_loss":0,"event_name":"WeMeetAgain","floor":3,"gold_loss":56},{"damage_healed":0,"gold_gain":0,"player_choice":"Success","damage_taken":18,"relics_obtained":["StrikeDummy"],"max_hp_gain":0,"max_hp_loss":0,"event_name":"Scrap Ooze","floor":5,"gold_loss":0},{"cards_removed":["Strike_S"],"damage_healed":0,"gold_gain":0,"player_choice":"Card Removal","damage_taken":0,"max_hp_gain":0,"max_hp_loss":0,"event_name":"Wheel of Change","floor":7,"gold_loss":0},{"damage_healed":0,"gold_gain":0,"player_choice":"Bought 1 Potion","damage_taken":0,"max_hp_gain":0,"max_hp_loss":0,"event_name":"The Woman in Blue","floor":19,"gold_loss":0},{"cards_removed":["Strike_S"],"damage_healed":0,"gold_gain":0,"player_choice":"Gave Gold","damage_taken":0,"max_hp_gain":0,"max_hp_loss":0,"event_name":"Beggar","floor":21,"gold_loss":75},{"damage_healed":0,"gold_gain":0,"player_choice":"1 cards matched","damage_taken":0,"max_hp_gain":0,"max_hp_loss":0,"event_name":"Match and Keep!","floor":22,"gold_loss":0,"cards_obtained":["Alleviate"]},{"cards_removed":["Strike_S"],"damage_healed":0,"gold_gain":0,"player_choice":"Purged","damage_taken":0,"max_hp_gain":0,"max_hp_loss":0,"event_name":"Purifier","floor":37,"gold_loss":0}],"is_beta":true,"boss_relics":[{"not_picked":["Philosopher\u0027s Stone","SplendidAttire"],"picked":"SlaversCollar"},{"not_picked":["Velvet Choker","Astrolabe"],"picked":"Busted Crown"}],"items_purged_floors":[38],"is_endless":false,"potions_floor_spawned":[2,8,11,14,20,24,25,28,30,33,36,40,46,47,48,55],"ascension_level":20}}