{"host":"p62uqwu04pp7leh9","time":1611718058,"event":{"mods":["BaseMod","Block Reminder","Colored Map","Colored Powertips","Minty Spire (QoL Compilation)","Relic Stats"],"gold_per_floor":[115,115,130,55,74,74,106,106,182,213,223,242,268,268,268,367,367,387,403,421,27,27,27,27,27,54,86,105,27,27,27,27,130,130,142,160,160,160],"floor_reached":37,"language":"ENG","playtime":2790,"items_purged":["Strike_B"],"score":407,"play_id":"e4a11f68-aa1f-4cde-845e-dac128633e8b","local_time":"20210126212738","is_ascension_mode":false,"campfire_choices":[{"data":"Creative AI","floor":6,"key":"SMITH"},{"floor":8,"key":"REST"},{"floor":15,"key":"REST"},{"data":"Amplify","floor":24,"key":"SMITH"},{"floor":30,"key":"REST"},{"data":"Amplify","floor":32,"key":"SMITH"}],"circlet_count":0,"master_deck":["Defend_B+1","Defend_B+1","Zap","Dualcast","Creative AI+1","Leap","Conserve Battery","Heatsinks","Storm","Thunder Strike","Amplify+1","Loop","Conserve Battery","Amplify+1","Loop","Magnetism","Machine Learning","Barrage","Self Repair","Impervious","Caltrops"],"relics":["Cracked Core","War Paint","Bottled Lightning","Dead Branch","Letter Opener","Snecko Eye","PrismaticShard","Regal Pillow","Bronze Scales","Inserter"],"acts_visited":["Exordium","TheCity","TheBeyond"],"potions_floor_usage":[11,12,13,16,37,37,37],"damage_taken":[{"damage":8,"enemies":"2 Louse","floor":1,"turns":3},{"damage":0,"enemies":"Jaw Worm","floor":3,"turns":3},{"damage":0,"enemies":"Small Slimes","floor":5,"turns":3},{"damage":16,"enemies":"3 Sentries","floor":7,"turns":7},{"damage":10,"enemies":"Lagavulin","floor":10,"turns":7},{"damage":3,"enemies":"Looter","floor":11,"turns":3},{"damage":6,"enemies":"2 Fungi Beasts","floor":12,"turns":4},{"damage":16,"enemies":"3 Sentries","floor":13,"turns":6},{"damage":4,"enemies":"The Guardian","floor":16,"turns":8},{"damage":0,"enemies":"Spheric Guardian","floor":18,"turns":2},{"damage":17,"enemies":"3 Byrds","floor":19,"turns":4},{"damage":22,"enemies":"Snecko","floor":20,"turns":4},{"damage":3,"enemies":"Gremlin Leader","floor":27,"turns":4},{"damage":12,"enemies":"3 Cultists","floor":28,"turns":4},{"damage":33,"enemies":"Champ","floor":33,"turns":5},{"damage":19,"enemies":"Orb Walker","floor":35,"turns":5},{"damage":40,"enemies":"3 Shapes","floor":36,"turns":6},{"damage":29,"enemies":"3 Darklings","floor":37,"turns":2}],"seed_played":"3525628452962620893","potions_obtained":[{"floor":7,"key":"Fire Potion"},{"floor":11,"key":"PowerPotion"},{"floor":12,"key":"BlessingOfTheForge"},{"floor":13,"key":"AttackPotion"},{"floor":18,"key":"Strength Potion"},{"floor":27,"key":"FearPotion"},{"floor":28,"key":"PotionOfCapacity"}],"is_trial":false,"path_per_floor":["M","?","M","$","M","R","E","R","T","E","M","M","E","?","R","B",null,"M","M","M","$","?","$","R","?","T","E","M","$","R","?","R","B",null,"M","M","M"],"character_chosen":"DEFECT","items_purchased":["Storm","PrismaticShard","Magnetism","Self Repair"],"campfire_rested":3,"item_purchase_floors":[4,21,21,29],"current_hp_per_floor":[46,31,31,31,31,31,15,37,37,27,24,18,2,2,24,20,75,75,58,36,36,36,36,36,22,22,19,7,7,46,46,46,20,80,68,28,0,0],"gold":160,"neow_bonus":"TRANSFORM_TWO_CARDS","is_daily":false,"chose_seed":false,"campfire_upgraded":3,"win_rate":0.0,"timestamp":1611718058,"path_taken":["M","?","M","$","M","R","E","R","T","E","M","M","E","?","R","BOSS","M","M","M","$","?","$","R","?","T","E","M","$","R","?","R","BOSS","M","M","M"],"items_purchased_type":["Card","Relic","Card","Card"],"build_version":"2020-12-22","purchased_purges":1,"victory":false,"max_hp_per_floor":[75,75,75,75,75,75,75,75,75,75,75,75,75,75,75,75,75,75,75,75,75,75,75,75,80,80,80,80,80,80,80,80,80,80,80,80,80,80],"relic_stats":{"Regal Pillow":15,"Inserter":[6],"counters":[18,80],"Dead Branch":[12],"Bronze Scales":[63],"Snecko Eye":[61,68,91,62],"Letter Opener":[99],"War Paint":["Defend_B","Defend_B"],"obtain_stats":[{"Regal Pillow":26,"Inserter":34,"Dead Branch":10,"Bronze Scales":27,"Snecko Eye":17,"Bottled Lightning":9,"Letter Opener":13,"War Paint":7,"Cracked Core":0,"PrismaticShard":21},{"Regal Pillow":12,"Inserter":15,"Dead Branch":5,"Bronze Scales":13,"Snecko Eye":9,"Bottled Lightning":4,"Letter Opener":8,"War Paint":4,"Cracked Core":0,"PrismaticShard":12},{"Regal Pillow":54,"Inserter":67,"Dead Branch":23,"Bronze Scales":58,"Snecko Eye":44,"Bottled Lightning":16,"Letter Opener":36,"War Paint":16,"Cracked Core":0,"PrismaticShard":54}]},"card_choices":[{"not_picked":["Beam Cell","Redo"],"picked":"Conserve Battery","floor":1},{"not_picked":["Chill","Double Energy"],"picked":"Heatsinks","floor":3},{"not_picked":["Beam Cell","Reprogram","Redo"],"picked":"SKIP","floor":5},{"not_picked":["Compile Driver","Stack"],"picked":"Thunder Strike","floor":7},{"not_picked":["Conserve Battery","Rebound"],"picked":"Amplify","floor":10},{"not_picked":["Go for the Eyes","Auto Shields"],"picked":"Loop","floor":11},{"not_picked":["Scrape","Barrage","Ball Lightning"],"picked":"SKIP","floor":12},{"not_picked":["Rainbow","Barrage"],"picked":"Conserve Battery","floor":13},{"not_picked":["All For One","Creative AI"],"picked":"Amplify","floor":16},{"not_picked":["Coolheaded","Scrape","Beam Cell"],"picked":"SKIP","floor":18},{"not_picked":["Coolheaded","Barrage"],"picked":"Loop","floor":19},{"not_picked":["Auto Shields","Stack","Genetic Algorithm"],"picked":"SKIP","floor":20},{"not_picked":["Compile Driver","Entrench","Gash"],"picked":"SKIP","floor":27},{"not_picked":["Thunderclap","Disarm","CarveReality+1"],"picked":"SKIP","floor":28},{"not_picked":["Feed","Limit Break"],"picked":"Impervious","floor":33},{"not_picked":["Backflip","Compile Driver"],"picked":"Caltrops","floor":35},{"not_picked":["Combust+1","FollowUp","Blade Dance+1"],"picked":"SKIP","floor":36}],"player_experience":363210,"relics_obtained":[{"floor":7,"key":"War Paint"},{"floor":9,"key":"Bottled Lightning"},{"floor":10,"key":"Dead Branch"},{"floor":13,"key":"Letter Opener"},{"floor":26,"key":"Regal Pillow"},{"floor":27,"key":"Bronze Scales"}],"event_choices":[{"damage_healed":0,"gold_gain":0,"player_choice":"Entered Light","damage_taken":15,"max_hp_gain":0,"max_hp_loss":0,"event_name":"Shining Light","floor":2,"gold_loss":0,"cards_upgraded":["Defend_B","Strike_B"]},{"cards_removed":["Strike_B"],"damage_healed":0,"gold_gain":0,"player_choice":"Forget","damage_taken":0,"max_hp_gain":0,"max_hp_loss":0,"event_name":"Living Wall","floor":14,"gold_loss":0},{"damage_healed":0,"gold_gain":0,"cards_transformed":["Strike_B","Defend_B"],"player_choice":"Became Test Subject","damage_taken":0,"max_hp_gain":0,"max_hp_loss":0,"event_name":"Drug Dealer","floor":22,"gold_loss":0,"cards_obtained":["Machine Learning","Barrage"]},{"damage_healed":0,"gold_gain":0,"player_choice":"Shed Blood","damage_taken":19,"max_hp_gain":5,"max_hp_loss":0,"event_name":"Forgotten Altar","floor":25,"gold_loss":0},{"damage_healed":0,"gold_gain":0,"player_choice":"Ignored","damage_taken":0,"max_hp_gain":0,"max_hp_loss":0,"event_name":"Vampires","floor":31,"gold_loss":0}],"is_beta":false,"boss_relics":[{"not_picked":["Empty Cage","Coffee Dripper"],"picked":"Snecko Eye"},{"not_picked":["Nuclear Battery","Tiny House"],"picked":"Inserter"}],"items_purged_floors":[21],"is_endless":false,"potions_floor_spawned":[7,11,12,13,18,27,28,35,36],"killed_by":"3 Darklings","ascension_level":0}}