{"host":"c3lc60y5x60jlt1y","time":1611757498,"event":{"mods":["AchievementEnabler","BaseMod","Bestiary","Colored Map","Minty Spire (QoL Compilation)","Quick Restart","StSLib","ojb\u0027s Info Mod"],"gold_per_floor":[10,27,39,39,58,58,71,105,105,6,6,6,26,41,41,41,41],"floor_reached":16,"language":"ENG","playtime":991,"items_purged":["Strike_R"],"score":208,"play_id":"7bc9ee7a-cbfb-4ed6-9cfc-a0cba95333e4","local_time":"20210127162458","is_ascension_mode":true,"campfire_choices":[{"floor":6,"key":"REST"},{"floor":15,"key":"REST"}],"circlet_count":0,"master_deck":["AscendersBane","Strike_R","Strike_R","Strike_R","Defend_R","Defend_R","Defend_R","Defend_R","Bash","Master of Strategy","True Grit","Feel No Pain","Rupture","Cleave","Shrug It Off","Exhume","Armaments","Whirlwind","Evolve"],"relics":["Burning Blood","Dead Branch","Self Forming Clay","Bottled Tornado","Orichalcum"],"acts_visited":["Exordium"],"potions_floor_usage":[5,14,16],"damage_taken":[{"damage":4,"enemies":"2 Louse","floor":1,"turns":4},{"damage":8,"enemies":"Small Slimes","floor":2,"turns":5},{"damage":20,"enemies":"Jaw Worm","floor":3,"turns":6},{"damage":18,"enemies":"Gremlin Gang","floor":5,"turns":10},{"damage":5,"enemies":"Blue Slaver","floor":7,"turns":7},{"damage":19,"enemies":"3 Sentries","floor":8,"turns":6},{"damage":7,"enemies":"Lots of Slimes","floor":13,"turns":2},{"damage":7,"enemies":"Large Slime","floor":14,"turns":5},{"damage":42,"enemies":"Hexaghost","floor":16,"turns":10}],"seed_played":"-5054515927433244817","potions_obtained":[{"floor":2,"key":"LiquidBronze"},{"floor":13,"key":"SteroidPotion"},{"floor":14,"key":"FearPotion"}],"is_trial":false,"path_per_floor":["M","M","M","?","M","R","M","E","T","$","?","T","M","M","R","B"],"character_chosen":"IRONCLAD","items_purchased":["Armaments"],"campfire_rested":2,"item_purchase_floors":[10],"current_hp_per_floor":[70,68,54,28,16,38,39,26,26,26,19,19,18,17,39,0,0],"gold":41,"neow_bonus":"RANDOM_COLORLESS_2","is_daily":false,"chose_seed":false,"campfire_upgraded":0,"win_rate":0.0,"timestamp":1611757498,"path_taken":["M","M","M","?","M","R","M","E","T","$","?","?","?","M","R","BOSS"],"items_purchased_type":["Card"],"build_version":"2020-12-22","purchased_purges":1,"victory":false,"max_hp_per_floor":[75,75,75,75,75,75,75,75,75,75,75,75,75,75,75,75,75],"card_choices":[{"not_picked":["Metamorphosis","Chrysalis"],"picked":"Master of Strategy","floor":0},{"not_picked":["Reckless Charge","Sword Boomerang"],"picked":"True Grit","floor":1},{"not_picked":["Thunderclap","Searing Blow"],"picked":"Feel No Pain","floor":2},{"not_picked":["Dropkick","Body Slam"],"picked":"Rupture","floor":3},{"not_picked":["Dropkick","Clothesline"],"picked":"Cleave","floor":5},{"not_picked":["Perfected Strike","Cleave"],"picked":"Shrug It Off","floor":7},{"not_picked":["Rage","Clothesline"],"picked":"Exhume","floor":8},{"not_picked":["True Grit","Spot Weakness"],"picked":"Whirlwind","floor":13},{"not_picked":["Reckless Charge","True Grit"],"picked":"Evolve","floor":14}],"player_experience":8655480,"relics_obtained":[{"floor":8,"key":"Self Forming Clay"},{"floor":9,"key":"Bottled Tornado"},{"floor":12,"key":"Orichalcum"}],"event_choices":[{"damage_healed":0,"gold_gain":0,"player_choice":"Success","damage_taken":26,"relics_obtained":["Dead Branch"],"max_hp_gain":0,"max_hp_loss":0,"event_name":"Scrap Ooze","floor":4,"gold_loss":0},{"cards_removed":["Strike_R"],"damage_healed":0,"gold_gain":0,"player_choice":"Card Removal","damage_taken":7,"max_hp_gain":0,"max_hp_loss":0,"event_name":"Golden Wing","floor":11,"gold_loss":0}],"is_beta":false,"boss_relics":[],"items_purged_floors":[10],"is_endless":false,"potions_floor_spawned":[2,13,14],"killed_by":"Hexaghost","ascension_level":20}}