{"host":"dv905ihf7knj85la","time":1611742517,"event":{"mods":["BaseMod","Colored Powertips","Minty Spire (QoL Compilation)","Quick Restart","StSLib","The Poker Player"],"gold_per_floor":[109,109,109,130,146,182,182,223,249,284,284,359,359,375,375,495,495,515,515,535,161,186,219,219,235,235,268,268,312,332,347,347,476,476,497,560,580,580,143,143,186,255,279,279,293,17,31,72,72,72,72,72],"floor_reached":50,"language":"ENG","playtime":2020,"items_purged":["Injury"],"score":789,"play_id":"94309d81-1c0a-4103-bf5d-2021b15a9f68","local_time":"20210127111517","is_ascension_mode":true,"metric_token":402,"campfire_choices":[{"data":"PokerPlayerMod:Raise","floor":7,"key":"SMITH"},{"data":"PokerPlayerMod:Overdeal","floor":11,"key":"SMITH"},{"floor":13,"key":"REST"},{"data":"PokerPlayerMod:Mulligan","floor":15,"key":"SMITH"},{"data":"PokerPlayerMod:Club2","floor":24,"key":"SMITH"},{"data":"PokerPlayerMod:Club2","floor":28,"key":"SMITH"},{"data":"PokerPlayerMod:Club2","floor":32,"key":"SMITH"},{"data":"PokerPlayerMod:Club2","floor":40,"key":"SMITH"},{"data":"PokerPlayerMod:Club5","floor":44,"key":"SMITH"},{"data":"PokerPlayerMod:Club4","floor":49,"key":"SMITH"}],"circlet_count":0,"master_deck":["PokerPlayerMod:Diamond3","PokerPlayerMod:Diamond4","PokerPlayerMod:Diamond5","PokerPlayerMod:Spade2","PokerPlayerMod:Spade3","PokerPlayerMod:Spade4","PokerPlayerMod:Club3","PokerPlayerMod:Club3","PokerPlayerMod:Heart2","PokerPlayerMod:TrumpStrike","PokerPlayerMod:BadJoker","PokerPlayerMod:Mulligan+1","PokerPlayerMod:Overdeal+1","PokerPlayerMod:Raise+1","PokerPlayerMod:ClubDance+1","PokerPlayerMod:ItsShowtime+1","PokerPlayerMod:ClubsClub","PokerPlayerMod:GamblerForm+1","PokerPlayerMod:Diamond5","PokerPlayerMod:Overdeal+1","PokerPlayerMod:Heart3","PokerPlayerMod:Raise+1","PokerPlayerMod:Club3","PokerPlayerMod:Club3","PokerPlayerMod:Club7","PokerPlayerMod:Club3","CurseOfTheBell","PokerPlayerMod:Club6","PokerPlayerMod:Club4","PokerPlayerMod:Club7","PokerPlayerMod:Club5","PokerPlayerMod:Club8","PokerPlayerMod:Club2"],"relics":["PokerPlayerMod:DeckCase","Golden Idol","Potion Belt","PokerPlayerMod:FairLicense","Anchor","Frozen Egg 2","Astrolabe","HornCleat","Orrery","Orichalcum","PreservedInsect","Blue Candle","Ginger","Question Card","MealTicket","Calling Bell","Bronze Scales","Molten Egg 2","Girya","StoneCalendar","PokerPlayerMod:PendantOfEscape","Toxic Egg 2","Juzu Bracelet","TungstenRod","Lantern","War Paint","Bag of Marbles"],"acts_visited":["Exordium","TheCity","TheBeyond"],"potions_floor_usage":[],"damage_taken":[{"damage":0,"enemies":"Small Slimes","floor":1,"turns":2},{"damage":6,"enemies":"Jaw Worm","floor":4,"turns":3},{"damage":0,"enemies":"Cultist","floor":5,"turns":3},{"damage":15,"enemies":"3 Sentries","floor":6,"turns":3},{"damage":12,"enemies":"Gremlin Nob","floor":8,"turns":4},{"damage":24,"enemies":"Lagavulin","floor":10,"turns":5},{"damage":4,"enemies":"Red Slaver","floor":14,"turns":3},{"damage":46,"enemies":"The Guardian","floor":16,"turns":8},{"damage":21,"enemies":"Spheric Guardian","floor":18,"turns":4},{"damage":20,"enemies":"2 Thieves","floor":20,"turns":3},{"damage":12,"enemies":"Book of Stabbing","floor":23,"turns":4},{"damage":5,"enemies":"Snecko","floor":25,"turns":4},{"damage":9,"enemies":"Gremlin Leader","floor":27,"turns":3},{"damage":0,"enemies":"Book of Stabbing","floor":29,"turns":4},{"damage":14,"enemies":"Snake Plant","floor":30,"turns":2},{"damage":0,"enemies":"Sentry and Sphere","floor":31,"turns":3},{"damage":56,"enemies":"Champ","floor":33,"turns":8},{"damage":1,"enemies":"3 Shapes","floor":35,"turns":2},{"damage":20,"enemies":"Mind Bloom Boss Battle","floor":36,"turns":6},{"damage":5,"enemies":"3 Darklings","floor":37,"turns":2},{"damage":5,"enemies":"Reptomancer","floor":41,"turns":4},{"damage":18,"enemies":"2 Orb Walkers","floor":42,"turns":3},{"damage":0,"enemies":"Jaw Worm Horde","floor":45,"turns":2},{"damage":0,"enemies":"Sphere and 2 Shapes","floor":47,"turns":2},{"damage":0,"enemies":"Nemesis","floor":48,"turns":3},{"damage":117,"enemies":"Time Eater","floor":50,"turns":8}],"seed_played":"-5150886160242875310","potions_obtained":[{"floor":6,"key":"FearPotion"},{"floor":16,"key":"ColorlessPotion"},{"floor":20,"key":"SkillPotion"},{"floor":29,"key":"Strength Potion"},{"floor":33,"key":"Strength Potion"},{"floor":37,"key":"SteroidPotion"},{"floor":41,"key":"CultistPotion"},{"floor":42,"key":"GamblersBrew"}],"is_trial":false,"path_per_floor":["M","$","?","M","M","E","R","E","T","E","R","?","R","M","R","B",null,"M","?","M","$","T","E","R","M","T","E","R","E","M","M","R","B",null,"M","?","M","?","$","R","E","?","T","R","M","$","M","E","R","B"],"character_chosen":"THE_POKER_PLAYER","items_purchased":["Orrery","Orichalcum","PokerPlayerMod:PendantOfEscape","PokerPlayerMod:Club4","Toxic Egg 2","PokerPlayerMod:Club8","War Paint"],"campfire_rested":1,"item_purchase_floors":[21,21,39,39,39,46,46],"current_hp_per_floor":[52,52,52,46,48,45,45,40,40,22,22,11,26,48,48,13,52,36,36,49,49,49,42,42,47,47,51,51,52,38,38,38,6,52,52,52,47,47,52,52,52,42,42,42,42,52,52,52,52,0,0,0],"gold":72,"neow_bonus":"UPGRADE_CARD","is_daily":false,"chose_seed":false,"campfire_upgraded":9,"win_rate":0.0,"timestamp":1611742517,"path_taken":["M","$","?","M","M","E","R","E","T","E","R","?","R","M","R","BOSS","M","?","?","$","?","E","R","M","T","E","R","E","M","M","R","BOSS","M","?","M","?","$","R","E","?","T","R","M","$","M","E","R","BOSS"],"items_purchased_type":["Relic","Relic","Relic","Card","Relic","Card","Relic"],"build_version":"2020-12-22","purchased_purges":1,"victory":false,"max_hp_per_floor":[52,52,52,52,52,52,52,52,52,52,52,52,52,52,52,52,52,52,52,52,52,52,52,52,52,52,52,52,52,52,52,52,52,52,52,52,52,52,52,52,52,52,52,52,52,52,52,52,52,52,52,52],"card_choices":[{"not_picked":["PokerPlayerMod:MagicTrick","PokerPlayerMod:HiddenCard","PokerPlayerMod:Sharpen"],"picked":"SKIP","floor":1},{"not_picked":["PokerPlayerMod:HiddenCard","PokerPlayerMod:Heart4","PokerPlayerMod:Diamond2"],"picked":"SKIP","floor":4},{"not_picked":["PokerPlayerMod:Spade4","PokerPlayerMod:Heart3"],"picked":"PokerPlayerMod:Overdeal","floor":5},{"not_picked":["PokerPlayerMod:Configure","PokerPlayerMod:Overdeal"],"picked":"PokerPlayerMod:Raise","floor":6},{"not_picked":["PokerPlayerMod:PoorCopy","PokerPlayerMod:SpadeStrike"],"picked":"PokerPlayerMod:ClubDance","floor":8},{"not_picked":["PokerPlayerMod:Heart3","PokerPlayerMod:PoorCopy"],"picked":"PokerPlayerMod:ItsShowtime","floor":10},{"not_picked":["PokerPlayerMod:CardBurn","PokerPlayerMod:Diamond4"],"picked":"PokerPlayerMod:ClubsClub","floor":14},{"not_picked":["PokerPlayerMod:Promotion","PokerPlayerMod:Diamond9"],"picked":"PokerPlayerMod:GamblerForm+1","floor":16},{"not_picked":["PokerPlayerMod:RiskyBet+1","PokerPlayerMod:MagicTrick"],"picked":"PokerPlayerMod:Raise+1","floor":18},{"not_picked":["PokerPlayerMod:Heart3","PokerPlayerMod:MagicTrick+1","PokerPlayerMod:CardBurn"],"picked":"SKIP","floor":20},{"not_picked":["PokerPlayerMod:Spade2","PokerPlayerMod:Configure+1"],"picked":"PokerPlayerMod:Club2","floor":21},{"not_picked":["PokerPlayerMod:DamnStraight+1","PokerPlayerMod:Manipulation","PokerPlayerMod:SecondChance"],"picked":"SKIP","floor":23},{"not_picked":["PokerPlayerMod:Spade2","PokerPlayerMod:DartThrow"],"picked":"PokerPlayerMod:Club2","floor":25},{"not_picked":["PokerPlayerMod:Diamond1","PokerPlayerMod:HiddenCard+1","PokerPlayerMod:Spade4"],"picked":"SKIP","floor":27},{"not_picked":["PokerPlayerMod:Heart3","PokerPlayerMod:Spade5","PokerPlayerMod:FlyingCard"],"picked":"PokerPlayerMod:Club7","floor":29},{"not_picked":["PokerPlayerMod:ItsShowtime","PokerPlayerMod:Diamond4","PokerPlayerMod:Diamond1","PokerPlayerMod:SecondChance"],"picked":"SKIP","floor":30},{"not_picked":["PokerPlayerMod:Overdeal","PokerPlayerMod:Spade1","PokerPlayerMod:RiskyBet+1"],"picked":"PokerPlayerMod:Club3","floor":31},{"not_picked":["PokerPlayerMod:Overdeal+1","PokerPlayerMod:CloakAndDiamond+1","PokerPlayerMod:Spade6","PokerPlayerMod:Trickery+1"],"picked":"SKIP","floor":35},{"not_picked":["PokerPlayerMod:PoorCopy+1","PokerPlayerMod:Overdeal+1","PokerPlayerMod:DiamondStrike+1"],"picked":"PokerPlayerMod:Club5","floor":36},{"not_picked":["PokerPlayerMod:SpadeStrike+1","PokerPlayerMod:Diamond2","PokerPlayerMod:Spade3","PokerPlayerMod:Raise"],"picked":"SKIP","floor":37},{"not_picked":["PokerPlayerMod:Heart3","PokerPlayerMod:Club3","PokerPlayerMod:Spade2"],"picked":"PokerPlayerMod:Club7","floor":41},{"not_picked":["PokerPlayerMod:Spade1","PokerPlayerMod:Spade2","PokerPlayerMod:Raise+1"],"picked":"PokerPlayerMod:Club4","floor":45},{"not_picked":["PokerPlayerMod:Spade5","PokerPlayerMod:HotShotCut+1","PokerPlayerMod:DartThrow+1"],"picked":"PokerPlayerMod:Club2","floor":47},{"not_picked":["PokerPlayerMod:Club3","PokerPlayerMod:HotShotCut+1","PokerPlayerMod:Overdeal+1","PokerPlayerMod:Diamond10+"],"picked":"SKIP","floor":48}],"player_experience":139767,"relics_obtained":[{"floor":6,"key":"Potion Belt"},{"floor":8,"key":"PokerPlayerMod:FairLicense"},{"floor":9,"key":"Anchor"},{"floor":10,"key":"Frozen Egg 2"},{"floor":22,"key":"PreservedInsect"},{"floor":23,"key":"Blue Candle"},{"floor":26,"key":"Ginger"},{"floor":27,"key":"Question Card"},{"floor":29,"key":"MealTicket"},{"floor":34,"key":"Bronze Scales"},{"floor":34,"key":"Molten Egg 2"},{"floor":34,"key":"Girya"},{"floor":36,"key":"StoneCalendar"},{"floor":41,"key":"Juzu Bracelet"},{"floor":42,"key":"TungstenRod"},{"floor":43,"key":"Lantern"},{"floor":48,"key":"Bag of Marbles"}],"event_choices":[{"damage_healed":0,"gold_gain":0,"player_choice":"Take Wound","damage_taken":0,"relics_obtained":["Golden Idol"],"max_hp_gain":0,"max_hp_loss":0,"event_name":"Golden Idol","floor":3,"gold_loss":0,"cards_obtained":["Injury"]},{"damage_healed":0,"gold_gain":75,"player_choice":"Gather Gold","damage_taken":11,"max_hp_gain":0,"max_hp_loss":0,"event_name":"World of Goop","floor":12,"gold_loss":0},{"damage_healed":0,"gold_gain":0,"player_choice":"Gave Potion","damage_taken":0,"relics_obtained":["HornCleat"],"max_hp_gain":0,"max_hp_loss":0,"event_name":"WeMeetAgain","floor":19,"gold_loss":0},{"damage_healed":0,"gold_gain":0,"player_choice":"Fight","damage_taken":0,"max_hp_gain":0,"max_hp_loss":0,"event_name":"MindBloom","floor":36,"gold_loss":0},{"damage_healed":0,"gold_gain":0,"player_choice":"Memory 1","damage_taken":0,"max_hp_gain":0,"max_hp_loss":0,"event_name":"SensoryStone","floor":38,"gold_loss":0},{"damage_healed":0,"gold_gain":0,"player_choice":"Fight","damage_taken":0,"max_hp_gain":0,"max_hp_loss":0,"event_name":"Mysterious Sphere","floor":42,"gold_loss":0}],"is_beta":false,"boss_relics":[{"not_picked":["SlaversCollar","Empty Cage"],"picked":"Astrolabe"},{"not_picked":["SacredBark","Coffee Dripper"],"picked":"Calling Bell"}],"items_purged_floors":[21],"is_endless":false,"potions_floor_spawned":[6,16,20,29,33,37,41,42,45],"killed_by":"Time Eater","ascension_level":2}}