{"host":"l1bfbgeb3oxa8ieg","time":1611754606,"event":{"mods":["AlwaysNeverKeys","Aspiration","BaseMod","Beaked The Cultist","Better Match","Better Note","Better Third Choice","BetterRewards","Colored Powertips","Conspire","Energized Spire","Fiend Mod","Friendly Minions","Halation","Infinite Spire","Minty Spire (QoL Compilation)","Permanent Neow","Quick Restart","Replay The Spire","Shop Mod","Spicy Shops","Spikes Relics","StSLib","TestMod","The Blackbeard","The Mystic","The Necromancer","Uncapped","UnlockEverythingMod"],"gold_per_floor":[110,124,6,6,24,24,24,58,58,58,93,112,112,112,112,211,261,276,286,286,305,305,305,305,55,82,82,82],"floor_reached":27,"language":"ENG","playtime":2980,"items_purged":["Burn"],"score":219,"play_id":"f0b96193-3d22-4d8d-80ce-f2d757475b63","local_time":"20210127143646","is_ascension_mode":false,"campfire_choices":[{"data":"Shrug It Off","floor":6,"key":"SMITH"},{"data":"infinitespire:OneForAll","floor":10,"key":"SMITH"},{"floor":13,"key":"REST"},{"data":"Body Slam","floor":15,"key":"SMITH"},{"floor":23,"key":"REST"}],"circlet_count":0,"master_deck":["Strike_R","Strike_R","Strike_R","Strike_R","Strike_R","Defend_R+1","Defend_R","Defend_R","Defend_R","Bash","Rupture","Bloodletting","Shrug It Off+1","Rupture","Hemokinesis","infinitespire:OneForAll+1","Body Slam+1","Twin Strike","Barricade","infinitespire:Starlight","Shrug It Off+1","Footwork+1","GremboGang","Pot Of Greed","Pot Of Greed"],"relics":["Burning Blood","testmod-TestBox","RollingBoulder","Happy Flower","CrustySpines","Tiny House","infinitespire:Eraser","Grinning Jar"],"acts_visited":["Exordium","TheCity"],"potions_floor_usage":[18,19,21,27],"damage_taken":[{"damage":1,"enemies":"2 Louse","floor":1,"turns":4},{"damage":10,"enemies":"Small Slimes","floor":2,"turns":4},{"damage":8,"enemies":"Cultist","floor":5,"turns":5},{"damage":30,"enemies":"Gremlin Nob","floor":8,"turns":5},{"damage":29,"enemies":"3 Sentries","floor":11,"turns":7},{"damage":8,"enemies":"2 Fungi Beasts","floor":12,"turns":4},{"damage":35,"enemies":"The Guardian","floor":16,"turns":9},{"damage":27,"enemies":"3 Byrds","floor":18,"turns":5},{"damage":22,"enemies":"2 Thieves","floor":19,"turns":5},{"damage":54,"enemies":"Shelled Parasite and Fungi","floor":21,"turns":9},{"damage":45,"enemies":"Snake Plant","floor":27,"turns":5}],"seed_played":"-7949219277415607631","potions_obtained":[{"floor":8,"key":"Death Potion"},{"floor":11,"key":"Weak Potion"},{"floor":12,"key":"SpeedPotion"},{"floor":18,"key":"Explosive Potion"},{"floor":19,"key":"Reflective Coating"}],"is_trial":true,"path_per_floor":["M","M","$","?","M","R","?","E","T","R","E","M","R","?","R","B",null,"M","M","AVR","M","?","R","?","?","T","M"],"character_chosen":"IRONCLAD","items_purchased":["Shrug It Off","Rupture"],"campfire_rested":2,"item_purchase_floors":[3,3],"current_hp_per_floor":[80,76,76,76,74,74,74,50,50,50,27,25,49,49,49,20,85,64,48,48,10,10,35,35,35,35,0,0],"gold":82,"neow_bonus":"","is_daily":false,"chose_seed":false,"campfire_upgraded":3,"win_rate":0.0,"timestamp":1611754606,"path_taken":["M","M","$","?","M","R","?","E","T","R","E","M","R","?","R","BOSS","M","M","AVR","M","?","R","?","?","T","M"],"items_purchased_type":["Card","Card"],"build_version":"2020-12-22","purchased_purges":1,"victory":false,"max_hp_per_floor":[80,80,80,80,80,80,80,80,80,80,80,80,80,80,80,80,85,85,85,85,85,85,85,85,85,85,85,85],"card_choices":[{"not_picked":["Power Through","ReplayTheSpireMod:Limb From Limb"],"picked":"Rupture","floor":1},{"not_picked":["Battle Trance","ReplayReversal"],"picked":"Bloodletting","floor":2},{"not_picked":["Sever Soul","ReplayTheSpireMod:Corrosion Curse"],"picked":"Hemokinesis","floor":5},{"not_picked":["Flex","Cleave"],"picked":"infinitespire:OneForAll","floor":8},{"not_picked":["Armaments","Replay:Undeath\u0027s Touch"],"picked":"Body Slam","floor":11},{"not_picked":["Anger","Sword Boomerang"],"picked":"Twin Strike","floor":12},{"not_picked":["Berserk","conspire:Purge"],"picked":"Barricade","floor":16},{"not_picked":["Thunderclap","Abandon+1","Run Through+1"],"picked":"SKIP","floor":18},{"not_picked":["Clash","Second Wind","Dark Embrace"],"picked":"SKIP","floor":19},{"not_picked":["Body Slam+1","Carnage"],"picked":"Shrug It Off+1","floor":21}],"player_experience":170765,"relics_obtained":[{"floor":7,"key":"RollingBoulder"},{"floor":8,"key":"Happy Flower"},{"floor":9,"key":"CrustySpines"},{"floor":26,"key":"Grinning Jar"}],"event_choices":[{"damage_healed":49,"gold_gain":0,"player_choice":"Embrace Burn","damage_taken":0,"max_hp_gain":0,"max_hp_loss":80,"event_name":"betterThird:BetterShining","floor":14,"gold_loss":0},{"damage_healed":0,"gold_gain":0,"player_choice":"Gave Potion","damage_taken":0,"relics_obtained":["infinitespire:Eraser"],"max_hp_gain":0,"max_hp_loss":0,"event_name":"WeMeetAgain","floor":22,"gold_loss":0},{"cards_removed":["Barricade"],"damage_healed":0,"gold_gain":0,"player_choice":"Take \u0026 Give","damage_taken":0,"max_hp_gain":0,"max_hp_loss":0,"event_name":"betterNote:BetterNote","floor":24,"gold_loss":0,"cards_obtained":["Footwork"]}],"is_beta":false,"boss_relics":[{"not_picked":["halation:Yufonium","testmod-TimeTraveler"],"picked":"Tiny House"}],"items_purged_floors":[20],"is_endless":false,"potions_floor_spawned":[8,11,12,16,18,19],"killed_by":"Snake Plant","ascension_level":0}}