{"host":"xzukajja6sl452e9","time":1611774682,"event":{"mods":["BaseMod","Colored Powertips","Minty Spire (QoL Compilation)","Rare Cards Sparkle","Relic Stats"],"gold_per_floor":[112,125,125,141,141,171,187,222,222,238,9,9,22,0,0,101,101,120,32,122,133,214,214,231,243,267,277,239,239,239,256,256,256,256],"floor_reached":33,"language":"ENG","playtime":3461,"items_purged":["Strike_P"],"score":259,"play_id":"57193953-3938-4a12-93ae-8e3379f0ab10","local_time":"20210127141122","is_ascension_mode":false,"campfire_choices":[{"floor":12,"key":"REST"},{"floor":15,"key":"REST"},{"floor":23,"key":"REST"},{"floor":30,"key":"REST"},{"floor":32,"key":"REST"}],"circlet_count":0,"master_deck":["Strike_P","Defend_P+1","Defend_P","Defend_P+1","Defend_P","Eruption","Vigilance","Halt","PathToVictory+1","ReachHeaven","ReachHeaven","PathToVictory","Consecrate","EmptyFist","Consecrate","Scrawl","ClearTheMind+1","PathToVictory","Prostrate","Halt+1","Crescendo+1","Alpha","SandsOfTime+1"],"relics":["PureWater","Boot","Tiny Chest","Art of War","Membership Card","Blood Vial","Empty Cage","Regal Pillow","Mercury Hourglass","War Paint"],"acts_visited":["Exordium","TheCity"],"potions_floor_usage":[2,8,8,13,24,25,27,31,33],"damage_taken":[{"damage":0,"enemies":"2 Louse","floor":1,"turns":3},{"damage":0,"enemies":"Cultist","floor":2,"turns":4},{"damage":5,"enemies":"Jaw Worm","floor":4,"turns":5},{"damage":12,"enemies":"Lagavulin","floor":6,"turns":5},{"damage":0,"enemies":"3 Louse","floor":7,"turns":4},{"damage":11,"enemies":"3 Sentries","floor":8,"turns":8},{"damage":9,"enemies":"2 Fungi Beasts","floor":10,"turns":3},{"damage":0,"enemies":"Lots of Slimes","floor":13,"turns":1},{"damage":43,"enemies":"Hexaghost","floor":16,"turns":8},{"damage":27,"enemies":"2 Thieves","floor":18,"turns":4},{"damage":4,"enemies":"Shell Parasite","floor":21,"turns":3},{"damage":11,"enemies":"Snecko","floor":24,"turns":5},{"damage":1,"enemies":"Cultist and Chosen","floor":25,"turns":5},{"damage":12,"enemies":"Centurion and Healer","floor":27,"turns":4},{"damage":44,"enemies":"Snecko","floor":31,"turns":5},{"damage":78,"enemies":"Champ","floor":33,"turns":6}],"seed_played":"5169426141687563375","potions_obtained":[{"floor":0,"key":"PowerPotion"},{"floor":0,"key":"Block Potion"},{"floor":0,"key":"SpeedPotion"},{"floor":2,"key":"StancePotion"},{"floor":10,"key":"AttackPotion"},{"floor":13,"key":"AttackPotion"},{"floor":18,"key":"Block Potion"},{"floor":24,"key":"DistilledChaos"},{"floor":25,"key":"SpeedPotion"}],"is_trial":false,"path_per_floor":["M","M","?","M","?","E","M","E","T","M","$","R","M","?","R","B",null,"M","$","?","M","T","R","M","M","T","M","$","?","R","M","R","B"],"character_chosen":"WATCHER","items_purchased":["Membership Card","Blood Vial","PathToVictory","Regal Pillow"],"campfire_rested":5,"item_purchase_floors":[11,11,19,19],"current_hp_per_floor":[72,72,72,67,53,41,41,30,30,21,21,42,44,44,65,24,72,45,45,33,31,31,67,58,59,59,49,49,49,72,28,64,0,0],"gold":256,"neow_bonus":"THREE_SMALL_POTIONS","is_daily":false,"chose_seed":false,"campfire_upgraded":0,"win_rate":0.0,"timestamp":1611774682,"path_taken":["M","M","?","?","?","E","M","E","T","M","$","R","M","?","R","BOSS","M","$","?","?","?","R","M","M","T","?","$","?","R","?","R","BOSS"],"items_purchased_type":["Relic","Relic","Card","Relic"],"build_version":"2020-12-22","purchased_purges":1,"victory":false,"max_hp_per_floor":[72,72,72,72,72,72,72,72,72,72,72,72,72,72,72,72,72,72,72,72,72,72,72,72,72,72,72,72,72,72,72,72,72,72],"relic_stats":{"Blood Vial":14,"Regal Pillow":32,"counters":[16,73],"Tiny Chest":1,"Art of War":[8],"War Paint":["ClearTheMind","Defend_P"],"Boot":[4],"obtain_stats":[{"Blood Vial":11,"Regal Pillow":19,"Tiny Chest":8,"Art of War":9,"Membership Card":11,"PureWater":0,"War Paint":26,"Boot":6,"Empty Cage":17,"Mercury Hourglass":22},{"Blood Vial":7,"Regal Pillow":10,"Tiny Chest":6,"Art of War":6,"Membership Card":7,"PureWater":0,"War Paint":13,"Boot":4,"Empty Cage":9,"Mercury Hourglass":11},{"Blood Vial":32,"Regal Pillow":45,"Tiny Chest":29,"Art of War":29,"Membership Card":32,"PureWater":0,"War Paint":58,"Boot":17,"Empty Cage":41,"Mercury Hourglass":48}],"Mercury Hourglass":[69]},"card_choices":[{"not_picked":["EmptyFist","DeceiveReality"],"picked":"Halt","floor":1},{"not_picked":["WreathOfFlame","Halt"],"picked":"PathToVictory","floor":2},{"not_picked":["FlyingSleeves","CrushJoints"],"picked":"ReachHeaven","floor":4},{"not_picked":["CrushJoints","ForeignInfluence"],"picked":"ReachHeaven","floor":6},{"not_picked":["Wish","Tantrum"],"picked":"PathToVictory","floor":7},{"not_picked":["BowlingBash","CrushJoints"],"picked":"Consecrate","floor":8},{"not_picked":["Fasting2","Crescendo"],"picked":"EmptyFist","floor":10},{"not_picked":["Conclude","CrushJoints"],"picked":"Consecrate","floor":13},{"not_picked":["MasterReality","Blasphemy"],"picked":"Scrawl","floor":16},{"not_picked":["Consecrate","BowlingBash"],"picked":"ClearTheMind","floor":18},{"not_picked":["ClearTheMind+1","CutThroughFate+1"],"picked":"Prostrate","floor":21},{"not_picked":["LikeWater","MentalFortress+1"],"picked":"Halt+1","floor":24},{"not_picked":["CutThroughFate","Fasting2"],"picked":"Crescendo+1","floor":25},{"not_picked":["EmptyMind","Protect"],"picked":"Alpha","floor":27},{"not_picked":["FollowUp+1","Fasting2+1"],"picked":"SandsOfTime+1","floor":31}],"player_experience":582369,"relics_obtained":[{"floor":6,"key":"Boot"},{"floor":8,"key":"Tiny Chest"},{"floor":9,"key":"Art of War"},{"floor":22,"key":"Mercury Hourglass"},{"floor":26,"key":"War Paint"}],"event_choices":[{"damage_healed":0,"gold_gain":0,"player_choice":"Bought 0 Potions","damage_taken":0,"max_hp_gain":0,"max_hp_loss":0,"event_name":"The Woman in Blue","floor":3,"gold_loss":0},{"damage_healed":0,"gold_gain":0,"player_choice":"Entered Light","damage_taken":14,"max_hp_gain":0,"max_hp_loss":0,"event_name":"Shining Light","floor":5,"gold_loss":0,"cards_upgraded":["Defend_P","PathToVictory"]},{"damage_healed":0,"gold_gain":0,"player_choice":"Left Gold","damage_taken":0,"max_hp_gain":0,"max_hp_loss":0,"event_name":"World of Goop","floor":14,"gold_loss":22},{"damage_healed":0,"gold_gain":90,"player_choice":"GOLD ","damage_taken":12,"max_hp_gain":0,"max_hp_loss":0,"event_name":"Knowing Skull","floor":20,"potions_obtained":[],"gold_loss":0,"cards_obtained":[]},{"damage_healed":0,"gold_gain":0,"player_choice":"0 cards matched","damage_taken":0,"max_hp_gain":0,"max_hp_loss":0,"event_name":"Match and Keep!","floor":29,"gold_loss":0,"cards_obtained":[]}],"is_beta":false,"boss_relics":[{"not_picked":["Fusion Hammer","Runic Pyramid"],"picked":"Empty Cage"}],"items_purged_floors":[28],"is_endless":false,"potions_floor_spawned":[1,2,10,13,18,24,25],"killed_by":"Champ","ascension_level":0}}