{"host":"r4aerl4ckfvw1dw3","time":1611773076,"event":{"mods":["BaseMod","BetterRewards","Minty Spire (QoL Compilation)","Quick Restart","StSLib"],"gold_per_floor":[116,191,191,209,229,260,274,293,320,345,345,365,365,391,391,492,492,503,488,244,254,29,60,70,95,120,120,120,132,132,165,165,263,313,327,327,347,447,471,501,501,501,526,544,577,577,248,260,260,260,260,260,18,48,48,48],"floor_reached":55,"language":"ENG","playtime":6014,"items_purged":[],"score":945,"play_id":"2103e8f8-c20a-41bb-8de9-a4b243137ef0","local_time":"20210127104436","is_ascension_mode":true,"campfire_choices":[{"floor":11.0,"key":"RECALL"},{"floor":13.0,"key":"REST"},{"floor":15.0,"key":"REST"},{"floor":28.0,"key":"REST"},{"floor":30.0,"key":"REST"},{"floor":32.0,"key":"REST"},{"floor":41.0,"key":"REST"},{"floor":46.0,"key":"REST"},{"floor":49.0,"key":"REST"},{"floor":52.0,"key":"REST"}],"circlet_count":0,"master_deck":["Strike_G+1","Strike_G+1","Strike_G","Strike_G","Strike_G","Defend_G","Defend_G","Defend_G","Defend_G+1","Defend_G","Survivor","Neutralize","Infinite Blades","Backstab","Catalyst","Dash","PiercingWail","Cloak And Dagger+1","Prepared","Blade Dance","Envenom","Poisoned Stab+1","Deflect+1","PiercingWail","Footwork","Backstab","After Image","Finisher","Leg Sweep","PiercingWail+1","Noxious Fumes","Burst+1","Blade Dance","Calculated Gamble+1","Sadistic Nature","Terror+1","Cloak And Dagger+1","Calculated Gamble+1","Deflect+1","Bane","Bandage Up","Caltrops","Cloak And Dagger+1","Accuracy","Slice","Distraction+1"],"relics":["Fusion Hammer","Ginger","Bronze Scales","Snake Skull","PreservedInsect","InkBottle","Black Star","Meat on the Bone","DollysMirror","Tiny Chest","Anchor","Bag of Marbles","Blue Candle","Oddly Smooth Stone","Vajra","Tiny House","Akabeko","Gremlin Horn","Lantern","Whetstone","War Paint","Pen Nib","Orichalcum","Strange Spoon","Art of War","Happy Flower"],"acts_visited":["Exordium","TheCity","TheBeyond","TheEnding"],"potions_floor_usage":[],"damage_taken":[{"damage":0.0,"enemies":"2 Louse","floor":1.0,"turns":3.0},{"damage":1.0,"enemies":"Cultist","floor":4.0,"turns":4.0},{"damage":0.0,"enemies":"Small Slimes","floor":5.0,"turns":4.0},{"damage":13.0,"enemies":"3 Sentries","floor":6.0,"turns":10.0},{"damage":6.0,"enemies":"Gremlin Gang","floor":7.0,"turns":5.0},{"damage":0.0,"enemies":"2 Fungi Beasts","floor":8.0,"turns":3.0},{"damage":0.0,"enemies":"Gremlin Nob","floor":10.0,"turns":4.0},{"damage":13.0,"enemies":"Exordium Thugs","floor":12.0,"turns":4.0},{"damage":20.0,"enemies":"Lagavulin","floor":14.0,"turns":5.0},{"damage":13.0,"enemies":"The Guardian","floor":16.0,"turns":10.0},{"damage":18.0,"enemies":"Shell Parasite","floor":18.0,"turns":4.0},{"damage":0.0,"enemies":"2 Thieves","floor":19.0,"turns":4.0},{"damage":4.0,"enemies":"Shelled Parasite and Fungi","floor":21.0,"turns":7.0},{"damage":5.0,"enemies":"Book of Stabbing","floor":23.0,"turns":5.0},{"damage":11.0,"enemies":"Sentry and Sphere","floor":24.0,"turns":7.0},{"damage":5.0,"enemies":"Slavers","floor":25.0,"turns":6.0},{"damage":20.0,"enemies":"Cultist and Chosen","floor":29.0,"turns":7.0},{"damage":0.0,"enemies":"Gremlin Leader","floor":31.0,"turns":8.0},{"damage":53.0,"enemies":"Automaton","floor":33.0,"turns":11.0},{"damage":11.0,"enemies":"3 Darklings","floor":35.0,"turns":5.0},{"damage":0.0,"enemies":"3 Shapes","floor":37.0,"turns":4.0},{"damage":9.0,"enemies":"Giant Head","floor":40.0,"turns":5.0},{"damage":0.0,"enemies":"Jaw Worm Horde","floor":44.0,"turns":4.0},{"damage":20.0,"enemies":"Nemesis","floor":45.0,"turns":5.0},{"damage":26.0,"enemies":"Spire Growth","floor":48.0,"turns":5.0},{"damage":40.0,"enemies":"Donu and Deca","floor":50.0,"turns":8.0},{"damage":27.0,"enemies":"Shield and Spear","floor":54.0,"turns":6.0},{"damage":63,"enemies":"The Heart","floor":55,"turns":3}],"seed_played":"2730919242840194352","potions_obtained":[{"floor":1.0,"key":"SmokeBomb"},{"floor":4.0,"key":"Energy Potion"},{"floor":7.0,"key":"GamblersBrew"},{"floor":8.0,"key":"Explosive Potion"},{"floor":14.0,"key":"PowerPotion"},{"floor":16.0,"key":"SteroidPotion"},{"floor":18.0,"key":"Strength Potion"},{"floor":21.0,"key":"EntropicBrew"},{"floor":23.0,"key":"DuplicationPotion"}],"is_trial":false,"path_per_floor":["M","?","?","M","M","E","M","M","T","E","R","M","R","E","R","B",null,"M","M","$","M","$","E","M","E","T","?","R","M","R","E","R","B",null,"M","?","M","?","T","E","R","?","T","M","E","R","$","M","R","B",null,"R","$","E","B"],"character_chosen":"THE_SILENT","items_purchased":["Meat on the Bone","Footwork","DollysMirror","Orichalcum","Bane","Bandage Up","Caltrops","Strange Spoon","Accuracy","Slice"],"campfire_rested":9,"item_purchase_floors":[20,22,22,47,47,47,47,53,53,53],"current_hp_per_floor":[70,59,59,58,58,45,39,39,39,39,39,26,47,27,48,35,70,52,52,52,48,48,43,44,39,39,62,70,50,70,70,70,29,75,64,64,64,64,64,55,75,75,75,75,55,75,75,49,71,47,75,75,75,56,0,0],"gold":48,"neow_bonus":"BOSS_RELIC","is_daily":false,"chose_seed":false,"campfire_upgraded":0,"win_rate":0.0,"timestamp":1611773076,"path_taken":["M","?","?","M","M","E","M","M","T","E","R","M","R","E","R","BOSS","M","?","?","M","$","E","M","E","T","?","R","M","R","E","R","BOSS","M","?","M","?","?","E","R","?","T","?","E","R","$","M","R","BOSS","R","$","E","BOSS"],"items_purchased_type":["Relic","Card","Relic","Relic","Card","Card","Card","Relic","Card","Card"],"build_version":"2020-12-22","purchased_purges":0,"victory":false,"max_hp_per_floor":[70,70,70,70,70,70,70,70,70,70,70,70,70,70,70,70,70,70,70,70,70,70,70,70,70,70,70,70,70,70,70,70,70,75,75,75,75,75,75,75,75,75,75,75,75,75,75,75,75,75,75,75,75,75,75,75],"card_choices":[{"not_picked":["Heel Hook","Dagger Spray"],"picked":"Infinite Blades","floor":1.0},{"not_picked":["Underhanded Strike","Crippling Poison"],"picked":"Backstab","floor":4.0},{"not_picked":["Bane","Well Laid Plans"],"picked":"Catalyst","floor":5.0},{"not_picked":["Outmaneuver","Night Terror","Setup"],"picked":"SKIP","floor":6.0},{"not_picked":["Backflip","Prepared"],"picked":"Dash","floor":7.0},{"not_picked":["Finisher","Calculated Gamble"],"picked":"PiercingWail","floor":8.0},{"not_picked":["Blade Dance","Sucker Punch"],"picked":"Cloak And Dagger","floor":10.0},{"not_picked":["Backflip","Night Terror"],"picked":"Prepared","floor":12.0},{"not_picked":["PiercingWail","Prepared"],"picked":"Blade Dance","floor":14.0},{"not_picked":["Malaise","Phantasmal Killer"],"picked":"Envenom","floor":16.0},{"not_picked":["Well Laid Plans","Flying Knee"],"picked":"Poisoned Stab+1","floor":18.0},{"not_picked":["PiercingWail+1","Bouncing Flask"],"picked":"Deflect+1","floor":19.0},{"not_picked":["Slice","Sucker Punch"],"picked":"PiercingWail","floor":21.0},{"not_picked":["Concentrate+1","Underhanded Strike"],"picked":"After Image","floor":23.0},{"not_picked":["Acrobatics","Prepared+1"],"picked":"Finisher","floor":24.0},{"not_picked":["Underhanded Strike","Blur+1"],"picked":"Leg Sweep","floor":25.0},{"not_picked":["Footwork","Dagger Spray"],"picked":"PiercingWail+1","floor":29.0},{"not_picked":["Night Terror","Grand Finale"],"picked":"Noxious Fumes","floor":31.0},{"not_picked":["Storm of Steel","Night Terror"],"picked":"Burst","floor":33.0},{"not_picked":["Flying Knee","Skewer+1"],"picked":"Blade Dance","floor":34.0},{"not_picked":["Acrobatics+1","Dodge and Roll"],"picked":"Calculated Gamble+1","floor":35.0},{"not_picked":["Mind Blast","Madness"],"picked":"Sadistic Nature","floor":36.0},{"not_picked":["Prepared+1","Deflect"],"picked":"Terror+1","floor":37.0},{"not_picked":["Deadly Poison+1","Flechettes"],"picked":"Cloak And Dagger+1","floor":40.0},{"not_picked":["Masterful Stab","Poisoned Stab"],"picked":"Calculated Gamble+1","floor":44.0},{"not_picked":["Grand Finale","Reflex+1"],"picked":"Deflect+1","floor":45.0},{"not_picked":["Well Laid Plans+1","Slice+1"],"picked":"Cloak And Dagger+1","floor":48.0},{"not_picked":["Dodge and Roll+1","Backflip+1"],"picked":"Distraction+1","floor":54.0}],"player_experience":420252,"relics_obtained":[{"floor":6.0,"key":"Bronze Scales"},{"floor":9.0,"key":"Snake Skull"},{"floor":10.0,"key":"PreservedInsect"},{"floor":14.0,"key":"InkBottle"},{"floor":23.0,"key":"Tiny Chest"},{"floor":23.0,"key":"Anchor"},{"floor":25.0,"key":"Bag of Marbles"},{"floor":25.0,"key":"Blue Candle"},{"floor":31.0,"key":"Oddly Smooth Stone"},{"floor":31.0,"key":"Vajra"},{"floor":39.0,"key":"Akabeko"},{"floor":40.0,"key":"Gremlin Horn"},{"floor":40.0,"key":"Lantern"},{"floor":43.0,"key":"Whetstone"},{"floor":45.0,"key":"War Paint"},{"floor":45.0,"key":"Pen Nib"},{"floor":54.0,"key":"Art of War"},{"floor":54.0,"key":"Happy Flower"}],"event_choices":[{"damage_healed":0.0,"max_hp_gain":0.0,"max_hp_loss":0.0,"gold_gain":75.0,"event_name":"World of Goop","player_choice":"Gather Gold","floor":2.0,"gold_loss":0.0,"damage_taken":11.0},{"damage_healed":0.0,"max_hp_gain":0.0,"max_hp_loss":0.0,"gold_gain":0.0,"event_name":"WeMeetAgain","player_choice":"Gave Potion","floor":3.0,"gold_loss":0.0,"damage_taken":0.0,"relics_obtained":["Ginger"]},{"damage_healed":23.0,"max_hp_gain":0.0,"max_hp_loss":0.0,"gold_gain":0.0,"event_name":"The Library","player_choice":"Heal","floor":27.0,"gold_loss":0.0,"damage_taken":0.0},{"damage_healed":0.0,"max_hp_gain":0.0,"max_hp_loss":0.0,"gold_gain":0.0,"event_name":"SensoryStone","player_choice":"Memory 1","floor":36.0,"gold_loss":0.0,"damage_taken":0.0},{"damage_healed":0.0,"max_hp_gain":0.0,"max_hp_loss":0.0,"gold_gain":100.0,"event_name":"Golden Shrine","player_choice":"Pray","floor":38.0,"gold_loss":0.0,"damage_taken":0.0},{"damage_healed":0.0,"max_hp_gain":0.0,"max_hp_loss":0.0,"gold_gain":0.0,"event_name":"Tomb of Lord Red Mask","player_choice":"Ignored","floor":42.0,"gold_loss":0.0,"damage_taken":0.0}],"is_beta":false,"boss_relics":[{"not_picked":["Ectoplasm","SacredBark"],"picked":"Black Star"},{"not_picked":["Empty Cage","Philosopher\u0027s Stone"],"picked":"Tiny House"}],"items_purged_floors":[],"is_endless":false,"potions_floor_spawned":[1,4,7,8,14,16,18,21,23,31,35,37,44],"killed_by":"The Heart","ascension_level":1}}