{"host":"ctlqibkg0sskiu65","time":1611727486,"event":{"mods":["AchievementEnabler","Aspiration","BaseMod","BetterRewards","Colored Map","Colored Powertips","Conspire","Fiend Mod","Infinite Spire","Minty Spire (QoL Compilation)","Quick Restart","Replay The Spire","Shop Mod","StSLib","The Bladedancer","The Cursed","The Hierophant","The Jungle","The Kombatant","The Servant 0.9.4","TheBandit"],"gold_per_floor":[115,129,141,159,57,90,90,100,151,151,151,151],"floor_reached":11,"language":"ENG","playtime":585,"items_purged":[],"score":143,"play_id":"b9d80088-3945-4a45-a3ab-07c4b6b8772d","local_time":"20210127000446","is_ascension_mode":true,"campfire_choices":[{"floor":10.0,"key":"REST"}],"circlet_count":0,"master_deck":["AscendersBane","Strike_G","Strike_G","Strike_G","Strike_G","Strike_G","Defend_G","Defend_G","Defend_G","Defend_G","Defend_G","Survivor","Neutralize","Purity","Backflip","Backstab","Slice","Sucker Punch","Quick Slash","Enlightenment","A Thousand Cuts","Parasite"],"relics":["Ring of the Snake","Pantograph","aspiration:AnachronicSnailShell","Happy Flower"],"acts_visited":["Exordium"],"potions_floor_usage":[11],"damage_taken":[{"damage":9.0,"enemies":"Cultist","floor":1.0,"turns":6.0},{"damage":4.0,"enemies":"Small Slimes","floor":2.0,"turns":4.0},{"damage":0.0,"enemies":"Jaw Worm","floor":3.0,"turns":4.0},{"damage":4.0,"enemies":"Large Slime","floor":4.0,"turns":6.0},{"damage":38.0,"enemies":"Gremlin Nob","floor":6.0,"turns":5.0},{"damage":8.0,"enemies":"Gremlin Gang","floor":8.0,"turns":4.0},{"damage":31,"enemies":"Nightmare","floor":11,"turns":6}],"seed_played":"1909011504005808875","potions_obtained":[{"floor":2.0,"key":"Block Potion"},{"floor":6.0,"key":"Adrenaline Potion"}],"is_trial":false,"path_per_floor":["M","M","M","M","$","E","?","M","T","R","NM"],"character_chosen":"THE_SILENT","items_purchased":["Pantograph","Purity","Backflip","Enlightenment"],"campfire_rested":1,"item_purchase_floors":[0,0,0,5],"current_hp_per_floor":[50,46,46,42,42,4,20,12,12,31,0,0],"gold":151,"neow_bonus":"","is_daily":false,"chose_seed":false,"campfire_upgraded":0,"win_rate":0.0,"timestamp":1611727486,"path_taken":["M","M","?","M","$","E","?","M","T","R","E"],"items_purchased_type":["Relic","Card","Card","Card"],"build_version":"2020-12-22","purchased_purges":0,"victory":false,"max_hp_per_floor":[66,66,66,66,66,66,66,66,66,66,66,66],"card_choices":[{"not_picked":["Replay:Poison Smokescreen","Blade Dance"],"picked":"Backstab","floor":1.0},{"not_picked":["Backflip","Infinite Blades"],"picked":"Slice","floor":2.0},{"not_picked":["Quick Slash","Heel Hook"],"picked":"Sucker Punch","floor":3.0},{"not_picked":["Acrobatics","ReplayTheSpireMod:Scrap Shanks"],"picked":"Quick Slash","floor":4.0},{"not_picked":["Unload","Dodge and Roll"],"picked":"A Thousand Cuts","floor":6.0},{"not_picked":["All Out Attack","Toxin Wave","Skewer"],"picked":"SKIP","floor":8.0}],"player_experience":245704,"relics_obtained":[{"floor":6.0,"key":"aspiration:AnachronicSnailShell"},{"floor":9.0,"key":"Happy Flower"}],"event_choices":[{"damage_healed":16.0,"max_hp_gain":0.0,"max_hp_loss":0.0,"gold_gain":0.0,"event_name":"Mushrooms","player_choice":"Healed and dodged fight","floor":7.0,"gold_loss":0.0,"damage_taken":0.0,"cards_obtained":["Parasite"]}],"is_beta":false,"boss_relics":[],"items_purged_floors":[],"is_endless":false,"potions_floor_spawned":[2,6],"killed_by":"Nightmare","ascension_level":18}}