{"host":"rzjc4nrqz5d54r3r","time":1611747141,"event":{"mods":["BaseMod","Colored Map","Keyboard Shortcuts","Minty Spire (QoL Compilation)","Quick Restart","StSLib","SuperFastMode","everything is the same but u backflip on backflip"],"gold_per_floor":[117,117,130,148,223,255,255,272,272,287,313,313,313,326,326,421,421,437,75,75,75,95,123,139,165,165,180,200,210,210,210,210,306,306,323,77,94,94,109,109,109,119,119,131,131,181,194,69,69,69],"floor_reached":51,"language":"KOR","playtime":2172,"items_purged":["Strike_G","Defend_G","Strike_G"],"score":786,"play_id":"e70f929f-dcd0-47dd-a231-6c644fc0ff14","local_time":"20210127203221","is_ascension_mode":true,"campfire_choices":[{"data":"Blade Dance","floor":7.0,"key":"SMITH"},{"data":"Envenom","floor":13.0,"key":"SMITH"},{"data":"Neutralize","floor":15.0,"key":"SMITH"},{"floor":30.0,"key":"REST"},{"floor":32.0,"key":"REST"},{"data":"Envenom","floor":40,"key":"SMITH"},{"floor":45,"key":"REST"},{"floor":49,"key":"REST"}],"circlet_count":0,"master_deck":["Strike_G+1","Defend_G","Defend_G+1","Survivor","Neutralize+1","Acrobatics","Dagger Throw","Blade Dance+1","PiercingWail","Envenom+1","Escape Plan","Dodge and Roll","After Image","Backflip+1","Envenom+1","PiercingWail","Burst","Blur","PiercingWail+1"],"relics":["Sozu","Kunai","Bottled Lightning","SlaversCollar","Peace Pipe","Nloth\u0027s Gift","Toy Ornithopter","Girya","The Specimen","Empty Cage","Bag of Preparation","Molten Egg 2","Mango"],"acts_visited":["Exordium","TheCity","TheBeyond"],"potions_floor_usage":[],"damage_taken":[{"damage":0.0,"enemies":"Jaw Worm","floor":1.0,"turns":5.0},{"damage":0.0,"enemies":"Small Slimes","floor":3.0,"turns":3.0},{"damage":0.0,"enemies":"Cultist","floor":4.0,"turns":3.0},{"damage":27.0,"enemies":"Lagavulin","floor":6.0,"turns":7.0},{"damage":1.0,"enemies":"Exordium Wildlife","floor":8.0,"turns":3.0},{"damage":0.0,"enemies":"Exordium Thugs","floor":10.0,"turns":5.0},{"damage":0.0,"enemies":"Gremlin Nob","floor":11.0,"turns":3.0},{"damage":0.0,"enemies":"Blue Slaver","floor":14.0,"turns":2.0},{"damage":1.0,"enemies":"The Guardian","floor":16.0,"turns":12.0},{"damage":1.0,"enemies":"Chosen","floor":18.0,"turns":7.0},{"damage":0.0,"enemies":"3 Byrds","floor":22.0,"turns":6.0},{"damage":0.0,"enemies":"Gremlin Leader","floor":23.0,"turns":13.0},{"damage":22.0,"enemies":"Shelled Parasite and Fungi","floor":24.0,"turns":7.0},{"damage":33.0,"enemies":"Slavers","floor":25.0,"turns":9.0},{"damage":4.0,"enemies":"Snecko","floor":27.0,"turns":6.0},{"damage":0.0,"enemies":"Centurion and Healer","floor":28.0,"turns":8.0},{"damage":4.0,"enemies":"Shelled Parasite and Fungi","floor":29.0,"turns":6.0},{"damage":5.0,"enemies":"Automaton","floor":33.0,"turns":12.0},{"damage":9.0,"enemies":"Orb Walker","floor":35.0,"turns":6.0},{"damage":7.0,"enemies":"3 Darklings","floor":37.0,"turns":5.0},{"damage":25,"enemies":"4 Shapes","floor":39,"turns":9},{"damage":7,"enemies":"Sphere and 2 Shapes","floor":42,"turns":9},{"damage":13,"enemies":"Jaw Worm Horde","floor":44,"turns":6},{"damage":0,"enemies":"Mind Bloom Boss Battle","floor":46,"turns":6},{"damage":0,"enemies":"Maw","floor":47,"turns":8},{"damage":4,"enemies":"Awakened One","floor":50,"turns":15}],"seed_played":"3038758107394010817","potions_obtained":[],"is_trial":false,"path_per_floor":["M","?","M","M","?","E","R","M","T","M","E","?","R","M","R","B",null,"M","$","?","?","M","E","M","E","T","M","M","M","R","?","R","B",null,"M","$","M","?","M","R","?","M","T","M","R","?","M","$","R","B",null],"character_chosen":"THE_SILENT","items_purchased":["Peace Pipe","Bag of Preparation"],"campfire_rested":4,"item_purchase_floors":[19,36],"current_hp_per_floor":[70,56,56,56,49,22,31,30,30,30,30,30,39,39,48,47,70,69,69,69,69,69,69,47,14,14,10,10,6,27,27,48,43,70,61,61,54,54,29,29,29,22,22,9,28,42,42,42,66,62],"gold":69,"neow_bonus":"BOSS_RELIC","is_daily":false,"chose_seed":false,"campfire_upgraded":4,"win_rate":0.0,"timestamp":1611747141,"path_taken":["M","?","M","M","?","E","R","?","T","M","E","?","R","M","R","BOSS","M","$","?","?","M","E","M","E","T","M","M","?","R","?","R","BOSS","M","$","M","?","?","R","?","M","T","M","R","?","M","?","R","BOSS"],"items_purchased_type":["Relic","Relic"],"build_version":"2020-12-22","purchased_purges":3,"victory":true,"max_hp_per_floor":[70,70,70,70,70,70,70,70,70,70,70,70,70,70,70,70,70,70,70,70,70,70,70,70,70,70,70,70,70,70,70,70,70,70,70,70,70,70,70,70,66,66,66,66,66,80,80,80,80,80],"card_choices":[{"not_picked":["Prepared","Predator"],"picked":"Acrobatics","floor":1.0},{"not_picked":["Prepared","Backstab"],"picked":"Dagger Throw","floor":3.0},{"not_picked":["Acrobatics","Underhanded Strike"],"picked":"Blade Dance","floor":4.0},{"not_picked":["Slice","Riddle With Holes","Prepared"],"picked":"SKIP","floor":6.0},{"not_picked":["Choke","Flying Knee"],"picked":"PiercingWail","floor":8.0},{"not_picked":["Backflip","Well Laid Plans"],"picked":"Envenom","floor":10.0},{"not_picked":["Deflect","Well Laid Plans"],"picked":"Escape Plan","floor":11.0},{"not_picked":["Deflect","Underhanded Strike"],"picked":"Dodge and Roll","floor":14.0},{"not_picked":["Phantasmal Killer","Die Die Die"],"picked":"After Image","floor":16.0},{"not_picked":["Bane","Quick Slash"],"picked":"Backflip+1","floor":18.0},{"not_picked":["Deadly Poison+1","Backflip","Dodge and Roll+1"],"picked":"SKIP","floor":22.0},{"not_picked":["Predator","Distraction"],"picked":"Envenom","floor":23.0},{"not_picked":["Dodge and Roll+1","Acrobatics"],"picked":"PiercingWail","floor":24.0},{"not_picked":["Unload","Caltrops","Envenom"],"picked":"SKIP","floor":25.0},{"not_picked":["Deflect","Choke","Well Laid Plans"],"picked":"SKIP","floor":27.0},{"not_picked":["Infinite Blades","All Out Attack","Dagger Throw"],"picked":"SKIP","floor":28.0},{"not_picked":["Poisoned Stab","Distraction","PiercingWail"],"picked":"SKIP","floor":29.0},{"not_picked":["Unload","Doppelganger"],"picked":"Burst","floor":33.0},{"not_picked":["Sucker Punch","Deflect+1","Finisher"],"picked":"SKIP","floor":35.0},{"not_picked":["PiercingWail+1","Blade Dance"],"picked":"Blur","floor":37.0},{"not_picked":["Burst","Prepared","PiercingWail"],"picked":"SKIP","floor":39},{"not_picked":["Choke+1","Bane+1","Finisher"],"picked":"SKIP","floor":42},{"not_picked":["Dagger Throw+1","Sucker Punch+1","PiercingWail+1"],"picked":"SKIP","floor":44},{"not_picked":["Dagger Throw+1","Sucker Punch+1"],"picked":"PiercingWail+1","floor":44},{"not_picked":["Deadly Poison+1","Quick Slash+1","Acrobatics"],"picked":"SKIP","floor":47}],"player_experience":18550,"relics_obtained":[{"floor":6.0,"key":"Eternal Feather"},{"floor":9.0,"key":"Kunai"},{"floor":11.0,"key":"Bottled Lightning"},{"floor":23.0,"key":"Toy Ornithopter"},{"floor":25.0,"key":"Girya"},{"floor":26.0,"key":"The Specimen"},{"floor":43,"key":"Molten Egg 2"},{"floor":46,"key":"Mango"}],"event_choices":[{"damage_healed":0.0,"max_hp_gain":0.0,"max_hp_loss":0.0,"gold_gain":0.0,"event_name":"Shining Light","player_choice":"Entered Light","floor":2.0,"gold_loss":0.0,"damage_taken":14.0,"cards_upgraded":["Defend_G","Strike_G"]},{"damage_healed":0.0,"max_hp_gain":0.0,"max_hp_loss":0.0,"gold_gain":75.0,"event_name":"FaceTrader","player_choice":"Touch","floor":5.0,"gold_loss":0.0,"damage_taken":7.0},{"damage_healed":0.0,"max_hp_gain":0.0,"max_hp_loss":0.0,"gold_gain":0.0,"event_name":"Lab","player_choice":"Got Potions","floor":12.0,"gold_loss":0.0,"damage_taken":0.0},{"damage_healed":0.0,"max_hp_gain":0.0,"max_hp_loss":0.0,"gold_gain":0.0,"event_name":"Cursed Tome","player_choice":"Ignored","floor":20.0,"gold_loss":0.0,"damage_taken":0.0},{"damage_healed":0.0,"max_hp_gain":0.0,"max_hp_loss":0.0,"gold_gain":0.0,"event_name":"N\u0027loth","player_choice":"Traded Relic","floor":21.0,"relics_lost":["Eternal Feather"],"gold_loss":0.0,"damage_taken":0.0,"relics_obtained":["Nloth\u0027s Gift"]},{"cards_removed":["Defend_G"],"damage_healed":0.0,"max_hp_gain":0.0,"max_hp_loss":0.0,"gold_gain":0.0,"event_name":"Back to Basics","player_choice":"Elegance","floor":31.0,"gold_loss":0.0,"damage_taken":0.0},{"cards_removed":["Strike_G"],"damage_healed":0.0,"max_hp_gain":0.0,"max_hp_loss":0.0,"gold_gain":0.0,"event_name":"Wheel of Change","player_choice":"Card Removal","floor":38.0,"gold_loss":0.0,"damage_taken":0.0},{"damage_healed":0,"gold_gain":0,"player_choice":"Max HP","damage_taken":0,"max_hp_gain":0,"max_hp_loss":4,"event_name":"Winding Halls","floor":41,"gold_loss":0},{"damage_healed":0,"gold_gain":0,"player_choice":"Fight","damage_taken":0,"max_hp_gain":0,"max_hp_loss":0,"event_name":"MindBloom","floor":46,"gold_loss":0}],"is_beta":false,"boss_relics":[{"not_picked":["Tiny House","Cursed Key"],"picked":"SlaversCollar"},{"not_picked":["Calling Bell","Runic Dome"],"picked":"Empty Cage"}],"items_purged_floors":[19,36,48],"is_endless":false,"potions_floor_spawned":[3,8,11,16,22,25,27,28,29,35,44,47],"ascension_level":1}}