{"host":"BaronFel","time":1611707652,"event":{"mods":["BaseMod","Filter the Spire","Highlight Path","Minty Spire (QoL Compilation)","Relic Stats"],"gold_per_floor":[109,109,128,32,50,50,76,76,76,92,108,135,153,178,178,251,251,261,261,275,275,6,35,52,72,72,7,24,57,75,105,105,180,180,198,216,232,250,295,295,321,321,321,353,372,418,418,437,437,437,437,437],"floor_reached":51,"language":"ENG","playtime":8716,"items_purged":["Strike_G"],"score":1582,"play_id":"fd0bbf91-4f06-4e58-8312-ded6d3e52889","local_time":"20210126183412","is_ascension_mode":true,"campfire_choices":[{"data":"Masterful Stab","floor":6.0,"key":"SMITH"},{"floor":8.0,"key":"REST"},{"floor":15.0,"key":"REST"},{"data":"Infinite Blades","floor":32.0,"key":"SMITH"},{"data":"Blade Dance","floor":40.0,"key":"SMITH"},{"data":"After Image","floor":42.0,"key":"SMITH"},{"floor":47.0,"key":"RECALL"},{"data":"Blade Dance","floor":49.0,"key":"SMITH"}],"circlet_count":0,"master_deck":["AscendersBane","Strike_G","Strike_G","Strike_G","Strike_G","Defend_G","Defend_G","Defend_G","Defend_G","Survivor","Neutralize","Flying Knee","Acrobatics","Masterful Stab+1","Dagger Spray","Deflect","Blade Dance+1","PiercingWail","Riddle With Holes","Tools of the Trade","Dagger Spray","Leg Sweep","Infinite Blades+1","PiercingWail","Venomology","Sucker Punch","Adrenaline","Leg Sweep+1","After Image+1","Calculated Gamble","Infinite Blades","Blade Dance","Blade Dance+1"],"relics":["Ring of the Snake","InkBottle","Shuriken","Regal Pillow","Vajra","Philosopher\u0027s Stone","MutagenicStrength","Matryoshka","Membership Card","Potion Belt","Bottled Flame","Oddly Smooth Stone","Paper Crane","Happy Flower","Du-Vu Doll","HoveringKite","Thread and Needle","Art of War","The Courier","Bottled Lightning","Centennial Puzzle"],"acts_visited":["Exordium","TheCity","TheBeyond"],"potions_floor_usage":[50,51,51],"damage_taken":[{"damage":4.0,"enemies":"2 Louse","floor":1.0,"turns":3.0},{"damage":9.0,"enemies":"Jaw Worm","floor":3.0,"turns":7.0},{"damage":0.0,"enemies":"Cultist","floor":5.0,"turns":3.0},{"damage":15.0,"enemies":"Lagavulin","floor":7.0,"turns":7.0},{"damage":0.0,"enemies":"Lots of Slimes","floor":10.0,"turns":2.0},{"damage":1.0,"enemies":"Looter","floor":11.0,"turns":3.0},{"damage":29.0,"enemies":"Gremlin Nob","floor":12.0,"turns":4.0},{"damage":1.0,"enemies":"Exordium Wildlife","floor":13.0,"turns":3.0},{"damage":11.0,"enemies":"3 Sentries","floor":14.0,"turns":6.0},{"damage":18.0,"enemies":"Slime Boss","floor":16.0,"turns":5.0},{"damage":0.0,"enemies":"Spheric Guardian","floor":18.0,"turns":2.0},{"damage":0.0,"enemies":"Chosen","floor":20.0,"turns":2.0},{"damage":5.0,"enemies":"Book of Stabbing","floor":23.0,"turns":4.0},{"damage":0.0,"enemies":"Snecko","floor":24.0,"turns":2.0},{"damage":20.0,"enemies":"Snake Plant","floor":25.0,"turns":5.0},{"damage":0.0,"enemies":"Sentry and Sphere","floor":28.0,"turns":3.0},{"damage":3.0,"enemies":"Slavers","floor":29.0,"turns":3.0},{"damage":0.0,"enemies":"Chosen and Byrds","floor":30.0,"turns":3.0},{"damage":0.0,"enemies":"Gremlin Leader","floor":31.0,"turns":4.0},{"damage":11.0,"enemies":"Champ","floor":33.0,"turns":9.0},{"damage":0.0,"enemies":"3 Shapes","floor":35.0,"turns":8.0},{"damage":4.0,"enemies":"Orb Walker","floor":36.0,"turns":3.0},{"damage":0.0,"enemies":"Transient","floor":37.0,"turns":6.0},{"damage":0.0,"enemies":"4 Shapes","floor":38.0,"turns":7.0},{"damage":3.0,"enemies":"2 Orb Walkers","floor":39.0,"turns":4.0},{"damage":1.0,"enemies":"Giant Head","floor":41.0,"turns":6.0},{"damage":0.0,"enemies":"Reptomancer","floor":44.0,"turns":5.0},{"damage":0.0,"enemies":"Sphere and 2 Shapes","floor":45.0,"turns":2.0},{"damage":0.0,"enemies":"Transient","floor":48.0,"turns":6.0},{"damage":11,"enemies":"Donu and Deca","floor":50,"turns":8},{"damage":75,"enemies":"Time Eater","floor":51,"turns":11}],"seed_played":"-8934655434581083643","potions_obtained":[{"floor":3.0,"key":"CunningPotion"},{"floor":7.0,"key":"SkillPotion"},{"floor":14.0,"key":"Fruit Juice"},{"floor":24.0,"key":"LiquidMemories"},{"floor":28.0,"key":"SpeedPotion"},{"floor":29.0,"key":"GamblersBrew"},{"floor":33.0,"key":"ColorlessPotion"},{"floor":35.0,"key":"SmokeBomb"},{"floor":37.0,"key":"SkillPotion"},{"floor":41.0,"key":"Explosive Potion"},{"floor":48.0,"key":"PowerPotion"}],"is_trial":false,"path_per_floor":["M","?","M","$","M","R","E","R","T","M","M","E","M","E","R","B",null,"M","?","M","T","$","E","M","M","T","$","M","E","M","E","R","B",null,"M","M","M","M","?","R","E","R","T","E","M","T","R","M","R","B","B"],"character_chosen":"THE_SILENT","items_purchased":["Strength Potion","Masterful Stab","Membership Card","Potion Belt","Dexterity Potion","BlessingOfTheForge"],"campfire_rested":2,"item_purchase_floors":[4,4,22,22,22,27],"current_hp_per_floor":[55,55,46,46,46,46,31,50,50,50,49,20,19,8,42,29,61,61,61,61,61,61,56,56,36,36,36,36,33,33,33,33,22,59,59,55,55,55,52,52,51,51,51,51,51,51,51,51,51,40,0,0],"gold":437,"neow_bonus":"REMOVE_CARD","is_daily":false,"chose_seed":false,"campfire_upgraded":5,"win_rate":0.0,"timestamp":1611707652,"path_taken":["M","?","M","$","M","R","E","R","T","M","M","E","M","E","R","BOSS","M","?","M","?","$","E","M","M","T","?","?","E","?","E","R","BOSS","M","M","?","M","?","R","E","R","T","E","M","?","R","M","R","BOSS","BOSS"],"items_purchased_type":["Potion","Card","Relic","Relic","Potion","Potion"],"build_version":"2020-12-18","purchased_purges":1,"victory":false,"max_hp_per_floor":[66,66,66,66,66,66,66,66,66,66,66,66,66,66,66,71,71,71,71,71,71,71,71,71,71,71,71,71,71,71,71,71,71,71,71,71,71,71,71,71,71,71,71,71,71,71,71,71,71,71,71,71],"relic_stats":{"Regal Pillow":15,"Centennial Puzzle":[6],"Happy Flower":[27],"counters":[31,146],"Shuriken":[106],"HoveringKite":[38],"Art of War":[1],"obtain_stats":[{"Potion Belt":22,"Regal Pillow":12,"Happy Flower":29,"Vajra":14,"Oddly Smooth Stone":26,"HoveringKite":34,"Thread and Needle":39,"The Courier":43,"Paper Crane":26,"Du-Vu Doll":31,"Bottled Flame":23,"Centennial Puzzle":46,"Matryoshka":21,"Shuriken":9,"MutagenicStrength":19,"Philosopher\u0027s Stone":17,"Art of War":41,"Membership Card":22,"Bottled Lightning":44,"InkBottle":7,"Ring of the Snake":0},{"Potion Belt":12,"Regal Pillow":7,"Happy Flower":17,"Vajra":9,"Oddly Smooth Stone":15,"HoveringKite":20,"Thread and Needle":25,"The Courier":26,"Paper Crane":15,"Du-Vu Doll":19,"Bottled Flame":13,"Centennial Puzzle":28,"Matryoshka":12,"Shuriken":4,"MutagenicStrength":11,"Philosopher\u0027s Stone":10,"Art of War":26,"Membership Card":12,"Bottled Lightning":27,"InkBottle":4,"Ring of the Snake":0},{"Potion Belt":47,"Regal Pillow":29,"Happy Flower":64,"Vajra":38,"Oddly Smooth Stone":58,"HoveringKite":80,"Thread and Needle":108,"The Courier":114,"Paper Crane":58,"Du-Vu Doll":71,"Bottled Flame":51,"Centennial Puzzle":121,"Matryoshka":47,"Shuriken":20,"MutagenicStrength":45,"Philosopher\u0027s Stone":43,"Art of War":114,"Membership Card":47,"Bottled Lightning":119,"InkBottle":20,"Ring of the Snake":0}],"InkBottle":[71],"Ring of the Snake":[62]},"card_choices":[{"not_picked":["PiercingWail","All Out Attack"],"picked":"Flying Knee","floor":1.0},{"not_picked":["Crippling Poison","Sucker Punch"],"picked":"Acrobatics","floor":3.0},{"not_picked":["Cloak And Dagger","Escape Plan"],"picked":"Dagger Spray","floor":5.0},{"not_picked":["Prepared","Outmaneuver","Flechettes"],"picked":"SKIP","floor":7.0},{"not_picked":["Noxious Fumes","Flying Knee"],"picked":"Deflect","floor":10.0},{"not_picked":["Outmaneuver","Crippling Poison"],"picked":"Blade Dance","floor":11.0},{"not_picked":["Expertise","Dagger Throw"],"picked":"PiercingWail","floor":12.0},{"not_picked":["Dodge and Roll","Heel Hook","Distraction"],"picked":"SKIP","floor":13.0},{"not_picked":["Infinite Blades","Caltrops"],"picked":"Riddle With Holes","floor":14.0},{"not_picked":["Wraith Form v2","Unload"],"picked":"Tools of the Trade","floor":16.0},{"not_picked":["Prepared+1","Flechettes"],"picked":"Dagger Spray","floor":18.0},{"not_picked":["Outmaneuver","Setup"],"picked":"Leg Sweep","floor":20.0},{"not_picked":["Cloak And Dagger","Dagger Spray"],"picked":"Infinite Blades","floor":23.0},{"not_picked":["Underhanded Strike","Slice"],"picked":"PiercingWail","floor":24.0},{"not_picked":["Prepared","Sucker Punch+1"],"picked":"Venomology","floor":25.0},{"not_picked":["Slice","Flying Knee"],"picked":"Sucker Punch","floor":28.0},{"not_picked":["Tactician","Quick Slash"],"picked":"Adrenaline","floor":29.0},{"not_picked":["Terror","Predator"],"picked":"Leg Sweep+1","floor":30.0},{"not_picked":["Skewer","PiercingWail","Noxious Fumes"],"picked":"SKIP","floor":31.0},{"not_picked":["Skewer","PiercingWail","Noxious Fumes"],"picked":"SKIP","floor":31.0},{"not_picked":["Wraith Form v2","Envenom"],"picked":"After Image","floor":33.0},{"not_picked":["Dagger Spray","Masterful Stab","Poisoned Stab+1"],"picked":"SKIP","floor":35.0},{"not_picked":["Predator","Flying Knee","Distraction"],"picked":"SKIP","floor":36.0},{"not_picked":["Prepared","Slice","Flying Knee"],"picked":"SKIP","floor":37.0},{"not_picked":["Deflect+1","Flying Knee"],"picked":"Calculated Gamble","floor":38.0},{"not_picked":["Bane+1","Grand Finale"],"picked":"Infinite Blades","floor":39.0},{"not_picked":["Distraction","Deadly Poison"],"picked":"Blade Dance","floor":41.0},{"not_picked":["Bouncing Flask","Flying Knee+1"],"picked":"Blade Dance","floor":44.0},{"not_picked":["Dodge and Roll","Choke","Bane"],"picked":"SKIP","floor":45.0},{"not_picked":["Dodge and Roll","Choke","Bane"],"picked":"SKIP","floor":45.0},{"not_picked":["Dodge and Roll","Choke","Bane"],"picked":"SKIP","floor":45.0},{"not_picked":["Well Laid Plans","Dagger Throw","Concentrate+1"],"picked":"SKIP","floor":48.0}],"player_experience":1073075,"relics_obtained":[{"floor":7.0,"key":"InkBottle"},{"floor":9.0,"key":"Shuriken"},{"floor":12.0,"key":"Regal Pillow"},{"floor":14.0,"key":"Vajra"},{"floor":21.0,"key":"Matryoshka"},{"floor":23.0,"key":"Bottled Flame"},{"floor":26.0,"key":"Oddly Smooth Stone"},{"floor":26.0,"key":"Paper Crane"},{"floor":29.0,"key":"Happy Flower"},{"floor":31.0,"key":"Du-Vu Doll"},{"floor":39.0,"key":"Thread and Needle"},{"floor":41.0,"key":"Art of War"},{"floor":43.0,"key":"The Courier"},{"floor":44.0,"key":"Bottled Lightning"},{"floor":46.0,"key":"Centennial Puzzle"}],"event_choices":[{"damage_healed":0.0,"max_hp_gain":0.0,"max_hp_loss":0.0,"gold_gain":0.0,"event_name":"Scrap Ooze","player_choice":"Fled","floor":2.0,"gold_loss":0.0,"damage_taken":0.0},{"damage_healed":0.0,"max_hp_gain":0.0,"max_hp_loss":0.0,"gold_gain":0.0,"event_name":"Drug Dealer","player_choice":"Inject Mutagens","floor":19.0,"gold_loss":0.0,"damage_taken":0.0,"relics_obtained":["MutagenicStrength"]},{"damage_healed":0.0,"max_hp_gain":0.0,"max_hp_loss":0.0,"gold_gain":0.0,"event_name":"Mysterious Sphere","player_choice":"Fight","floor":39.0,"gold_loss":0.0,"damage_taken":0.0}],"is_beta":true,"boss_relics":[{"not_picked":["Ectoplasm","Velvet Choker"],"picked":"Philosopher\u0027s Stone"},{"not_picked":["Fusion Hammer","Empty Cage"],"picked":"HoveringKite"}],"items_purged_floors":[27],"is_endless":false,"potions_floor_spawned":[3,5,7,14,24,28,29,30,33,35,37,41,48],"killed_by":"Time Eater","ascension_level":20}}