{"host":"hpvsbp715q3lql9o","time":1611765318,"event":{"mods":["BaseMod","Downfall","Friendly Minions","Marisa（F雨　魔理沙）","Minty Spire (QoL Compilation)","Replay The Spire","RumiaBox-露米娅的神秘盒子","StSLib","The Administrix","The Animator","The Construct","The Cursed"],"gold_per_floor":[118,68,68,81,0,29,104,104,127,138,138,154,166,186,186,186,186],"floor_reached":16,"language":"ZHS","playtime":1145,"items_purged":[],"score":127,"play_id":"330fea8f-7a43-4824-93ea-7aa8412bc62a","local_time":"20210128003518","is_ascension_mode":false,"campfire_choices":[{"data":"TheCursedMod:CursedStaff","floor":11,"key":"SMITH"},{"data":"TheCursedMod:CleanUpWorkshop","floor":15,"key":"SMITH"}],"circlet_count":0,"master_deck":["TheCursedMod:Strike_TheCursed","TheCursedMod:Strike_TheCursed","TheCursedMod:Strike_TheCursed+1","TheCursedMod:Defend_TheCursed","TheCursedMod:Defend_TheCursed+1","TheCursedMod:Defend_TheCursed","TheCursedMod:Defend_TheCursed","TheCursedMod:CursedWand","TheCursedMod:CleanUpWorkshop+1","TheCursedMod:Dregs","TheCursedMod:AbyssShockwave","TheCursedMod:AshesToAshes","TheCursedMod:CursedStaff+1","TheCursedMod:ReleasedKnowledge","bronze:WhirlingStrike","TheCursedMod:DarkBarrier","Sanctity"],"relics":["TheCursedMod:BlackMagic101","NeowsBlessing","Smiling Mask","PrismaticShard","Blood Vial"],"acts_visited":["Exordium"],"potions_floor_usage":[16],"damage_taken":[{"damage":0,"enemies":"Small Slimes","floor":1,"turns":1},{"damage":0,"enemies":"2 Louse","floor":4,"turns":1},{"damage":0,"enemies":"Lagavulin","floor":6,"turns":1},{"damage":0,"enemies":"Jaw Worm","floor":10,"turns":5},{"damage":11,"enemies":"Red Slaver","floor":12,"turns":4},{"damage":0,"enemies":"Gremlin Gang","floor":13,"turns":1},{"damage":0,"enemies":"Large Slime","floor":14,"turns":4},{"damage":49,"enemies":"The Guardian","floor":16,"turns":13}],"seed_played":"-1797057515835824676","potions_obtained":[{"floor":1,"key":"Doom Potion"},{"floor":6,"key":"PowerPotion"},{"floor":13,"key":"Fire Potion"}],"is_trial":false,"path_per_floor":["M","?","?","M","$","E","?","?","T","M","R","M","M","M","R","B"],"character_chosen":"THE_CURSED","items_purchased":["TheCursedMod:CursedStaff"],"campfire_rested":0,"item_purchase_floors":[5],"current_hp_per_floor":[75,75,60,60,60,60,49,49,49,51,51,42,44,46,46,0,0],"gold":186,"neow_bonus":"THREE_ENEMY_KILL","is_daily":false,"chose_seed":false,"campfire_upgraded":2,"win_rate":0.0,"timestamp":1611765318,"path_taken":["M","?","?","M","$","E","?","?","T","M","R","?","M","M","R","BOSS"],"items_purchased_type":["Card"],"build_version":"2020-12-22","purchased_purges":0,"victory":false,"max_hp_per_floor":[75,75,75,75,75,75,75,75,75,75,75,75,75,75,75,75,75],"card_choices":[{"not_picked":["TheCursedMod:Stretching","TheCursedMod:ReleasedStrength"],"picked":"TheCursedMod:AbyssShockwave","floor":1},{"not_picked":["TheCursedMod:SmokeScreen","TheCursedMod:BlessingInDisguise"],"picked":"TheCursedMod:AshesToAshes","floor":4},{"not_picked":["TheCursedMod:SmokeScreen","TheCursedMod:CursedStaff"],"picked":"TheCursedMod:ReleasedKnowledge","floor":6},{"not_picked":["TheCursedMod:FuryStrike","sneckomod:ImprovisedAttack"],"picked":"bronze:WhirlingStrike","floor":10},{"not_picked":["Bane","animator:Lu"],"picked":"TheCursedMod:DarkBarrier","floor":12},{"not_picked":["Crystallizer","Slimebound:SamplingLick"],"picked":"Sanctity","floor":13},{"not_picked":["hexamod:SecondSeal","sneckomod:UnknownWeak","construct:SyphonStrike"],"picked":"SKIP","floor":14}],"player_experience":224411,"relics_obtained":[{"floor":6,"key":"Smiling Mask"},{"floor":9,"key":"Blood Vial"}],"event_choices":[{"cards_removed":["TheCursedMod:Strike_TheCursed"],"damage_healed":0,"gold_gain":0,"player_choice":"Card Removal","damage_taken":0,"max_hp_gain":0,"max_hp_loss":0,"event_name":"The Cleric","floor":2,"gold_loss":50},{"damage_healed":0,"gold_gain":0,"player_choice":"Entered Light","damage_taken":15,"max_hp_gain":0,"max_hp_loss":0,"event_name":"Shining Light","floor":3,"gold_loss":0,"cards_upgraded":["TheCursedMod:Strike_TheCursed","TheCursedMod:Defend_TheCursed"]},{"damage_healed":0,"gold_gain":75,"player_choice":"Gather Gold","damage_taken":11,"max_hp_gain":0,"max_hp_loss":0,"event_name":"World of Goop","floor":7,"gold_loss":0}],"is_beta":false,"boss_relics":[],"items_purged_floors":[],"is_endless":false,"potions_floor_spawned":[1,6,13],"killed_by":"The Guardian","ascension_level":0}}