{"host":"0rxdudjy6rylha1k","time":1611766269,"event":{"mods":["Aspiration","BaseMod","Colored Map","Colored Powertips","Downfall","Highlight Path","Hubris","Minty Spire (QoL Compilation)","StSLib"],"gold_per_floor":[99,99,99,99,99,99,174,174,205,224,224,224,224,239,254,354,354,354,366,386,46,64,91,115,128,142,142,142,167,67,78,97,195,195,195,207,217,235,246,246,246,258,273,299,299,299,299,315,334,334,334,334],"floor_reached":50,"language":"ENG","playtime":5845,"items_purged":["Slimebound:Strike_Slimebound"],"score":784,"play_id":"2f493b77-b213-48f2-9dc5-fbae5fae99b4","local_time":"20210127095109","is_ascension_mode":true,"campfire_choices":[{"data":"Slimebound:Split","floor":1.0,"key":"SMITH"},{"floor":13.0,"key":"REST"},{"data":"Slimebound:SelfFormingGoo","floor":18.0,"key":"SMITH"},{"data":"Slimebound:Gluttony","floor":28.0,"key":"SMITH"},{"floor":30,"key":"REST"},{"data":"Slimebound:MassRepurpose","floor":35,"key":"SMITH"},{"data":"Slimebound:Teamwork","floor":40,"key":"SMITH"},{"data":"Slimebound:Recollect","floor":45,"key":"SMITH"},{"data":"Slimebound:GrowthPunch","floor":47,"key":"SMITH"}],"circlet_count":0,"master_deck":["Slimebound:Strike_Slimebound","Slimebound:Strike_Slimebound","Slimebound:Tackle","Slimebound:Defend_Slimebound","Slimebound:Defend_Slimebound","Slimebound:Defend_Slimebound","Slimebound:Defend_Slimebound","Slimebound:Split+1","Slimebound:CorrosiveSpit","Slimebound:SplitLeeching","Slimebound:Recollect+1","Slimebound:ItLooksTasty","Slimebound:MassRepurpose+1","Slimebound:SplitMire","Slimebound:Nibble","Slimebound:Equalize","Slimebound:SelfFormingGoo+1","Slimebound:LivingWall","Slimebound:GoopSpray+1","Slimebound:Gluttony+1","Slimebound:SplitAcid","Slimebound:LivingWall","Slimebound:SplitMire","Slimebound:Recollect+1","Slimebound:Split+1","Slimebound:MassRepurpose+1","Slimebound:GrowthPunch+1","Slimebound:Teamwork+1","Slimebound:GoopSpray","Slimebound:LeechingTouch+1","Slimebound:WasteNot","Parasite","Slimebound:SpikyOuterGoop"],"relics":["Slimebound:AbsorbEndCombat","downfall:HeartsMalice","bronze:DecasWashers","hubris:Towel","Blood Vial","aspiration:RunicSpoon","Slimebound:MaxSlimesRelic","Slimebound:AggressiveSlimeRelic","sneckomod:BlankCard","Bottled Tornado","downfall:HeartBlessingGreen","hubris:ScarierMask","Vajra","aspiration:ChemicalBlood","Gremlin Horn"],"acts_visited":["Exordium","TheCity","TheBeyond"],"potions_floor_usage":[30,43,44,44,49,50,50,50,50],"damage_taken":[{"damage":0.0,"enemies":"Jaw Worm","floor":2.0,"turns":1.0},{"damage":0.0,"enemies":"2 Louse","floor":3.0,"turns":1.0},{"damage":0.0,"enemies":"Small Slimes","floor":6.0,"turns":1.0},{"damage":25.0,"enemies":"3 Sentries","floor":9.0,"turns":9.0},{"damage":18.0,"enemies":"3 Louse","floor":10.0,"turns":3.0},{"damage":0.0,"enemies":"Lots of Slimes","floor":14.0,"turns":1.0},{"damage":11.0,"enemies":"Gremlin Gang","floor":15.0,"turns":4.0},{"damage":41.0,"enemies":"DF_ARCHETYPE_STREAMLINE","floor":16.0,"turns":11.0},{"damage":7.0,"enemies":"Spheric Guardian","floor":19.0,"turns":5.0},{"damage":24.0,"enemies":"Shell Parasite","floor":20.0,"turns":6.0},{"damage":0.0,"enemies":"downfall:FleeingMerchant","floor":21.0,"turns":4.0},{"damage":2.0,"enemies":"Cultist and Chosen","floor":22.0,"turns":3.0},{"damage":21.0,"enemies":"Gremlin Leader","floor":23.0,"turns":5.0},{"damage":0.0,"enemies":"Snake Plant","floor":25.0,"turns":3.0},{"damage":8.0,"enemies":"3 Cultists","floor":26.0,"turns":4.0},{"damage":36.0,"enemies":"Slavers","floor":29.0,"turns":6.0},{"damage":1,"enemies":"Centurion and Healer","floor":31,"turns":5},{"damage":0,"enemies":"Snecko","floor":32,"turns":7},{"damage":14,"enemies":"IC_MUSHROOM_ARCHETYPE","floor":33,"turns":6},{"damage":4,"enemies":"3 Shapes","floor":36,"turns":3},{"damage":5,"enemies":"Orb Walker","floor":37,"turns":2},{"damage":21,"enemies":"Jaw Worm Horde","floor":38,"turns":4},{"damage":15,"enemies":"3 Darklings","floor":39,"turns":5},{"damage":2,"enemies":"Spire Growth","floor":42,"turns":5},{"damage":4,"enemies":"Sphere and 2 Shapes","floor":43,"turns":2},{"damage":12,"enemies":"Giant Head","floor":44,"turns":11},{"damage":0,"enemies":"Jaw Worm Horde","floor":48,"turns":3},{"damage":20,"enemies":"Writhing Mass","floor":49,"turns":5},{"damage":76,"enemies":"SI_POISON_ARCHETYPE","floor":50,"turns":4}],"seed_played":"8228693354879095728","potions_obtained":[{"floor":9.0,"key":"SmokeBomb"},{"floor":14.0,"key":"Slimebound:SlimedPotion"},{"floor":15.0,"key":"Energy Potion"},{"floor":16.0,"key":"LiquidMemories"},{"floor":19.0,"key":"FearPotion"},{"floor":20.0,"key":"AttackPotion"},{"floor":22.0,"key":"EssenceOfSteel"},{"floor":29.0,"key":"Fruit Juice"},{"floor":36,"key":"PowerPotion"},{"floor":38,"key":"Slimebound:SlimedPotion"},{"floor":42,"key":"FearPotion"},{"floor":43,"key":"Swift Potion"},{"floor":49,"key":"BlessingOfTheForge"}],"is_trial":false,"path_per_floor":["R","M","M","?","?","M","T","?","E","M","?","?","R","M","M","B",null,"R","M","M","$","M","E","T","M","M","?","R","E","R","M","M","B",null,"R","M","M","M","M","R","T","M","M","E","R","?","R","M","M","B"],"character_chosen":"SLIMEBOUND","items_purchased":["Slimebound:MaxSlimesRelic"],"campfire_rested":2,"item_purchase_floors":[21],"current_hp_per_floor":[59,59,59,59,59,59,59,59,40,26,26,26,45,47,42,19,54,54,65,50,65,65,57,57,65,65,65,65,39,65,70,70,64,69,69,70,70,55,50,50,50,56,54,60,60,60,60,70,56,0,0,0],"gold":334,"neow_bonus":"THREE_ENEMY_KILL","is_daily":false,"chose_seed":false,"campfire_upgraded":7,"win_rate":0.0,"timestamp":1611766269,"path_taken":["R","M","M","?","?","M","T","?","E","M","?","?","R","M","M","BOSS","R","M","?","$","M","E","T","M","M","?","R","E","R","M","M","BOSS","R","M","?","?","M","R","T","M","M","E","R","?","R","M","M","BOSS"],"items_purchased_type":["Relic"],"build_version":"2020-12-22","purchased_purges":1,"victory":false,"max_hp_per_floor":[65,65,65,65,65,65,65,65,65,65,65,65,65,65,65,65,65,65,65,65,65,65,65,65,65,65,65,65,65,70,70,70,70,70,70,70,70,70,70,70,70,70,70,70,70,70,70,70,70,70,70,70],"card_choices":[{"not_picked":["Slimebound:SlimeSpikes","Slimebound:LeechEnergy"],"picked":"Slimebound:SplitLeeching","floor":2.0},{"not_picked":["Slimebound:LeechEnergy","Slimebound:ProtectTheBoss"],"picked":"Slimebound:Recollect","floor":3.0},{"not_picked":["Slimebound:HungryTackle","Slimebound:ServeAndProtect"],"picked":"Slimebound:ItLooksTasty","floor":6.0},{"not_picked":["Slimebound:DisruptingSlam","Slimebound:SlimeTap"],"picked":"Slimebound:MassRepurpose","floor":9.0},{"not_picked":["Slimebound:SplitAcid","Slimebound:Dissolve"],"picked":"Slimebound:SplitMire","floor":10.0},{"not_picked":["Slimebound:Dissolve","Slimebound:PressTheAttack"],"picked":"Slimebound:Nibble","floor":14.0},{"not_picked":["Slimebound:ComboTackle","Slimebound:BestDefense"],"picked":"Slimebound:Equalize","floor":15.0},{"not_picked":["Slimebound:Darklings","Slimebound:Teamwork"],"picked":"Slimebound:SelfFormingGoo","floor":16.0},{"not_picked":["Slimebound:Prepare","Slimebound:ItLooksTasty+1"],"picked":"Slimebound:LivingWall","floor":19.0},{"not_picked":["Slimebound:LivingWall","Slimebound:LeechingTouch"],"picked":"Slimebound:GoopSpray+1","floor":20.0},{"not_picked":["Slimebound:ServeAndProtect+1","Slimebound:GoopSpray"],"picked":"Slimebound:Gluttony","floor":21.0},{"not_picked":["Slimebound:RollThrough","Slimebound:ItLooksTasty+1"],"picked":"Slimebound:SplitAcid","floor":22.0},{"not_picked":["Slimebound:GrowthPunch","Slimebound:PressTheAttack+1"],"picked":"Slimebound:LivingWall","floor":23.0},{"not_picked":["Slimebound:FlameTackle+1","Slimebound:SplitAcid"],"picked":"Slimebound:SplitMire","floor":25.0},{"not_picked":["Slimebound:AcidTongue","Slimebound:Prepare"],"picked":"Slimebound:Recollect","floor":26.0},{"not_picked":["Slimebound:FormOfPuddle","Slimebound:ItLooksTasty"],"picked":"Slimebound:MassRepurpose","floor":29.0},{"not_picked":["Slimebound:GoopTackle+1","Slimebound:LeechingTouch","Slimebound:FinishingTackle"],"picked":"SKIP","floor":31},{"not_picked":["Slimebound:SplitAcid+1","Slimebound:SplitMire+1"],"picked":"Slimebound:GrowthPunch","floor":32},{"not_picked":["Slimebound:RallyTheTroops","Slimebound:FirmFortitude"],"picked":"Slimebound:Teamwork","floor":33},{"not_picked":["Slimebound:ServeAndProtect+1","Slimebound:LivingWall+1","Slimebound:GrowthPunch+1"],"picked":"SKIP","floor":36},{"not_picked":["Slimebound:LivingWall+1","Slimebound:LeechEnergy","Slimebound:SplitLeeching+1"],"picked":"SKIP","floor":37},{"not_picked":["Slimebound:ForwardTackle+1","Slimebound:SlimeSpikes","Slimebound:SplitAcid+1"],"picked":"SKIP","floor":38},{"not_picked":["Slimebound:SlimeSpikes","Slimebound:LivingWall","Slimebound:Prepare"],"picked":"SKIP","floor":39},{"not_picked":["Slimebound:LeechingTouch+1","Slimebound:SplitBruiser+1","Slimebound:Chomp+1"],"picked":"SKIP","floor":42},{"not_picked":["Slimebound:Teamwork","Slimebound:ServeAndProtect"],"picked":"Slimebound:GoopSpray","floor":43},{"not_picked":["Slimebound:SplitLeeching","Slimebound:LivingWall+1"],"picked":"Slimebound:LeechingTouch+1","floor":44},{"not_picked":["Slimebound:LeechingTouch+1","Slimebound:SplitBruiser"],"picked":"Slimebound:WasteNot","floor":48},{"not_picked":["Slimebound:ItLooksTasty","Slimebound:Chomp"],"picked":"Slimebound:SpikyOuterGoop","floor":49}],"player_experience":2713563,"relics_obtained":[{"floor":7.0,"key":"bronze:DecasWashers"},{"floor":9.0,"key":"Blood Vial"},{"floor":23.0,"key":"Slimebound:AggressiveSlimeRelic"},{"floor":24.0,"key":"sneckomod:BlankCard"},{"floor":29.0,"key":"Bottled Tornado"},{"floor":41,"key":"Vajra"},{"floor":44,"key":"aspiration:ChemicalBlood"},{"floor":46,"key":"Gremlin Horn"}],"event_choices":[{"damage_healed":0.0,"max_hp_gain":0.0,"max_hp_loss":0.0,"gold_gain":0.0,"event_name":"Living Wall","player_choice":"Grow","floor":11.0,"gold_loss":0.0,"damage_taken":0.0,"cards_upgraded":["Slimebound:MassRepurpose"]},{"damage_healed":0.0,"max_hp_gain":0.0,"max_hp_loss":0.0,"gold_gain":0.0,"event_name":"Accursed Blacksmith","player_choice":"Forge","floor":12.0,"gold_loss":0.0,"damage_taken":0.0,"cards_upgraded":["Slimebound:Recollect"]}],"is_beta":false,"boss_relics":[{"not_picked":["hubris:RunicObelisk","Busted Crown"],"picked":"aspiration:RunicSpoon"},{"not_picked":["Runic Pyramid","Velvet Choker"],"picked":"hubris:ScarierMask"}],"items_purged_floors":[21],"is_endless":false,"potions_floor_spawned":[9,14,15,16,19,20,22,29,36,38,42,43,49],"killed_by":"SI_POISON_ARCHETYPE","ascension_level":9}}