{"host":"6rz02yiipefhcw4r","time":1611762919,"event":{"mods":["2.2 Compatiblity","BaseMod","Block Reminder","Colored Map","Curses Come First","DeckTracker","Googly Eyes","Minty Spire (QoL Compilation)","Quick Restart","Rare Cards Sparkle","StSLib"],"gold_per_floor":[113,263,274,32,32,57,57,73,73,107,122,141,168,186,186,261,261,277,277,297,32,51,86,86,86,109,122,70,70,99,112,112,112,112],"floor_reached":33,"language":"ENG","playtime":1941,"items_purged":["Doubt","Brutality"],"score":664,"play_id":"d172f7a1-f7f7-4a0b-b80a-b8aeaf4ab08c","local_time":"20210127135519","is_ascension_mode":true,"campfire_choices":[{"data":"Disarm","floor":7.0,"key":"SMITH"},{"data":"Shockwave","floor":15.0,"key":"SMITH"},{"floor":24.0,"key":"REST"},{"floor":29.0,"key":"REST"},{"floor":32,"key":"REST"}],"circlet_count":0,"master_deck":["AscendersBane","Bash","Sever Soul","Shrug It Off","Disarm+1","Shockwave+1","Rampage","Clothesline","Pommel Strike","Shrug It Off","Offering","Brutality","Spot Weakness","Power Through","Flame Barrier","Sentinel","Infernal Blade","Ghostly Armor","Hemokinesis","Necronomicurse","Battle Trance","Double Tap","Feel No Pain","Rage","True Grit","Iron Wave+1","Uppercut","Limit Break","Shrug It Off"],"relics":["Burning Blood","NeowsBlessing","Incense Burner","Letter Opener","MealTicket","Dream Catcher","Pandora\u0027s Box","Necronomicon","Question Card","Juzu Bracelet"],"acts_visited":["Exordium","TheCity"],"potions_floor_usage":[33],"damage_taken":[{"damage":0.0,"enemies":"2 Louse","floor":1.0,"turns":1.0},{"damage":0.0,"enemies":"Small Slimes","floor":3.0,"turns":1.0},{"damage":0.0,"enemies":"3 Sentries","floor":6.0,"turns":1.0},{"damage":5.0,"enemies":"Jaw Worm","floor":8.0,"turns":4.0},{"damage":31.0,"enemies":"Lagavulin","floor":10.0,"turns":8.0},{"damage":4.0,"enemies":"2 Fungi Beasts","floor":11.0,"turns":4.0},{"damage":5.0,"enemies":"Looter","floor":12.0,"turns":4.0},{"damage":27.0,"enemies":"Gremlin Nob","floor":13.0,"turns":5.0},{"damage":5.0,"enemies":"3 Louse","floor":14.0,"turns":4.0},{"damage":9.0,"enemies":"The Guardian","floor":16.0,"turns":13.0},{"damage":12.0,"enemies":"3 Byrds","floor":18.0,"turns":4.0},{"damage":20.0,"enemies":"Spheric Guardian","floor":20.0,"turns":4.0},{"damage":10.0,"enemies":"Cultist and Chosen","floor":22.0,"turns":6.0},{"damage":30.0,"enemies":"Gremlin Leader","floor":23.0,"turns":10.0},{"damage":21.0,"enemies":"Snake Plant","floor":27.0,"turns":4.0},{"damage":51,"enemies":"Slavers","floor":30,"turns":9},{"damage":14,"enemies":"Centurion and Healer","floor":31,"turns":6},{"damage":36,"enemies":"Automaton","floor":33,"turns":8}],"seed_played":"5449884332391758227","potions_obtained":[{"floor":1.0,"key":"FearPotion"},{"floor":8.0,"key":"Block Potion"},{"floor":13.0,"key":"Energy Potion"},{"floor":16.0,"key":"FearPotion"},{"floor":20.0,"key":"FearPotion"},{"floor":22.0,"key":"Block Potion"}],"is_trial":false,"path_per_floor":["M","?","M","$","?","E","R","M","T","E","M","M","E","M","R","B",null,"M","?","M","$","M","E","R","?","T","M","$","R","E","M","R","B"],"character_chosen":"IRONCLAD","items_purchased":["Disarm","Shockwave","Battle Trance","Double Tap","True Grit"],"campfire_rested":3,"item_purchase_floors":[4,4,21,21,28],"current_hp_per_floor":[74,74,75,75,80,80,80,80,80,55,57,58,37,38,38,35,69,63,42,28,43,39,15,39,39,39,24,39,63,18,10,34,0,0],"gold":112,"neow_bonus":"THREE_ENEMY_KILL","is_daily":false,"chose_seed":false,"campfire_upgraded":2,"win_rate":0.0,"timestamp":1611762919,"path_taken":["M","?","M","$","?","E","R","?","T","E","M","M","E","M","R","BOSS","M","?","M","$","M","E","R","?","T","M","$","R","E","M","R","BOSS"],"items_purchased_type":["Card","Card","Card","Card","Card"],"build_version":"2020-12-22","purchased_purges":2,"victory":false,"max_hp_per_floor":[75,75,75,75,80,80,80,80,80,80,80,80,80,80,80,80,80,80,80,80,80,80,80,80,80,80,80,80,80,80,80,80,80,80],"card_choices":[{"not_picked":["Dark Embrace","Body Slam"],"picked":"Sever Soul","floor":1.0},{"not_picked":["Blood for Blood","Burning Pact"],"picked":"Shrug It Off","floor":3.0},{"not_picked":["Twin Strike","Thunderclap"],"picked":"Rampage","floor":6.0},{"not_picked":["Clash","Bloodletting"],"picked":"Clothesline","floor":8.0},{"not_picked":["Combust","Shockwave"],"picked":"Pommel Strike","floor":10.0},{"not_picked":["Pommel Strike","Thunderclap","Sentinel"],"picked":"SKIP","floor":11.0},{"not_picked":["Sword Boomerang","Fiend Fire","Wild Strike"],"picked":"SKIP","floor":12.0},{"not_picked":["Sword Boomerang","Fiend Fire","Wild Strike"],"picked":"SKIP","floor":12.0},{"not_picked":["Clash","Dark Embrace","Anger"],"picked":"SKIP","floor":13.0},{"not_picked":["Armaments","Iron Wave"],"picked":"Shrug It Off","floor":14.0},{"not_picked":["Corruption","Reaper"],"picked":"Offering","floor":16.0},{"not_picked":["Armaments","Sentinel+1","Sword Boomerang"],"picked":"SKIP","floor":18.0},{"not_picked":["Searing Blow","Wild Strike","Thunderclap"],"picked":"SKIP","floor":20.0},{"not_picked":["Pommel Strike","Second Wind+1"],"picked":"Feel No Pain","floor":22.0},{"not_picked":["Sentinel","Headbutt","Fire Breathing"],"picked":"SKIP","floor":23.0},{"not_picked":["Infernal Blade","Battle Trance+1","Warcry+1"],"picked":"Rage","floor":27.0},{"not_picked":["Anger","Uppercut","Flex"],"picked":"Iron Wave+1","floor":29.0},{"not_picked":["Intimidate","Inflame","Sword Boomerang+1"],"picked":"Uppercut","floor":30},{"not_picked":["Armaments","Combust","Metallicize"],"picked":"Limit Break","floor":31},{"not_picked":["Heavy Blade","Fire Breathing","Thunderclap"],"picked":"Shrug It Off","floor":32}],"player_experience":740068,"relics_obtained":[{"floor":6.0,"key":"Incense Burner"},{"floor":9.0,"key":"Letter Opener"},{"floor":10.0,"key":"MealTicket"},{"floor":13.0,"key":"Dream Catcher"},{"floor":19.0,"key":"Necronomicon"},{"floor":23.0,"key":"Question Card"},{"floor":30,"key":"Juzu Bracelet"}],"event_choices":[{"damage_healed":0.0,"max_hp_gain":0.0,"max_hp_loss":0.0,"gold_gain":150.0,"event_name":"Liars Game","player_choice":"AGREE","floor":2.0,"gold_loss":0.0,"damage_taken":0.0,"cards_obtained":["Doubt"]},{"damage_healed":0.0,"max_hp_gain":5.0,"max_hp_loss":0.0,"gold_gain":0.0,"event_name":"Big Fish","player_choice":"Donut","floor":5.0,"gold_loss":0.0,"damage_taken":0.0},{"damage_healed":0.0,"max_hp_gain":0.0,"max_hp_loss":0.0,"gold_gain":0.0,"event_name":"Cursed Tome","player_choice":"Obtained Book","floor":19.0,"gold_loss":0.0,"damage_taken":21.0},{"damage_healed":0.0,"max_hp_gain":0.0,"max_hp_loss":0.0,"gold_gain":0.0,"event_name":"The Mausoleum","player_choice":"Ignored","floor":25.0,"gold_loss":0.0,"damage_taken":0.0}],"is_beta":false,"boss_relics":[{"not_picked":["Tiny House","Astrolabe"],"picked":"Pandora\u0027s Box"}],"items_purged_floors":[4,21],"is_endless":false,"potions_floor_spawned":[1,8,13,16,20,22],"killed_by":"Automaton","ascension_level":20}}