{"host":"crmowuwgj9wiiaqp","time":1611770271,"event":{"mods":["BaseMod","Downfall","Minty Spire (QoL Compilation)","StSLib"],"gold_per_floor":[113,129,146,56,6,6,6,25,40,66,216,247,147,247,247,351,351,366,386,396,119,136,271,339,339,489,539,539,571,571,639,539,639,639,656,668,444,464,475,411,411,514,525,575,592,492,505,524,524,524,524,552,35,35,35,35,35,35],"floor_reached":56,"language":"ENG","playtime":7329,"items_purged":["hexamod:Strike","hexamod:Defend","downfall:Icky","hexamod:Strike"],"score":856,"play_id":"8b5955a7-921a-4e19-a81a-5104764f8de9","local_time":"20210127105751","is_ascension_mode":false,"campfire_choices":[{"data":"hexamod:HexaLevel","floor":6,"key":"SMITH"},{"data":"hexamod:Float","floor":13,"key":"SMITH"},{"floor":15,"key":"REST"},{"floor":25,"key":"REST"},{"data":"hexamod:UnlimitedPower","floor":28,"key":"SMITH"},{"floor":30,"key":"RECALL"},{"data":"hexamod:Again","floor":32,"key":"SMITH"},{"floor":46,"key":"REST"},{"data":"hexamod:FastForward","floor":49,"key":"SMITH"},{"floor":54,"key":"REST"}],"circlet_count":0,"master_deck":["hexamod:Strike","hexamod:Strike","hexamod:Defend","hexamod:Defend","hexamod:Defend","hexamod:Sear","hexamod:Float+1","hexamod:EmpoweredFlame","hexamod:Firestarter","hexamod:HauntingEcho","hexamod:SpectersWail","hexamod:HexaLevel+1","hexamod:SoulSteal","hexamod:AdvancingGuard","hexamod:ShieldOfDarkness","hexamod:Incineration","hexamod:AdvancingGuard","hexamod:GhostflameInferno","hexamod:FastForward+1","hexamod:NightmareStrike+1","hexamod:UnlimitedPower+1","hexamod:ShieldOfDarkness","Finesse","hexamod:Again+1","hexamod:InspiringFlames+1","hexamod:GhostOfSpirePast+1","hexamod:Firestarter+1","hexamod:GhostflameBarrier+1","Master of Strategy","hexamod:BacktrackSmack","hexamod:FastForward","hexamod:FastForward","hexamod:FirstSeal","hexamod:PhantomFireball","hexamod:ThermalTransfer","hexamod:HeatShield","hexamod:RainOfEmbers","hexamod:GhostOfSpirePresent"],"relics":["hexamod:SpiritBrand","Pocketwatch","Pear","Orichalcum","downfall:HeartBlessingGreen","downfall:CloakOfManyFaces","CultistMask","FaceOfCleric","NlothsMask","GremlinMask","SsserpentHead","hexamod:IceCube","Membership Card","Thread and Needle","Sundial","Mango","downfall:HeartBlessingRed","Busted Crown","Torii","Lantern","Lizard Tail","StoneCalendar","downfall:HeartBlessingBlue","Bag of Preparation","HandDrill","Shuriken","Unceasing Top"],"acts_visited":["Exordium","TheCity","TheBeyond","TheEnding"],"potions_floor_usage":[12,21,45,52,56,56,56],"damage_taken":[{"damage":1,"enemies":"Cultist","floor":1,"turns":3},{"damage":2,"enemies":"2 Louse","floor":2,"turns":3},{"damage":1,"enemies":"Jaw Worm","floor":3,"turns":3},{"damage":0,"enemies":"downfall:FleeingMerchant","floor":4,"turns":4},{"damage":5,"enemies":"downfall:FleeingMerchant","floor":5,"turns":4},{"damage":16,"enemies":"Large Slime","floor":8,"turns":5},{"damage":1,"enemies":"Exordium Wildlife","floor":9,"turns":3},{"damage":13,"enemies":"Gremlin Nob","floor":10,"turns":5},{"damage":10,"enemies":"3 Sentries","floor":12,"turns":4},{"damage":10,"enemies":"downfall:FaceTrader","floor":14,"turns":7},{"damage":30,"enemies":"DF_ARCHETYPE_STREAMLINE","floor":16,"turns":9},{"damage":7,"enemies":"Shell Parasite","floor":18,"turns":4},{"damage":14,"enemies":"Cultist and Chosen","floor":19,"turns":6},{"damage":15,"enemies":"Shelled Parasite and Fungi","floor":20,"turns":7},{"damage":6,"enemies":"downfall:FleeingMerchant","floor":21,"turns":4},{"damage":10,"enemies":"Snake Plant","floor":22,"turns":4},{"damage":33,"enemies":"Colosseum Nobs","floor":26,"turns":5},{"damage":6,"enemies":"Book of Stabbing","floor":29,"turns":5},{"damage":1,"enemies":"Chosen and Byrds","floor":31,"turns":4},{"damage":10,"enemies":"WA_ARCHETYPE_CALM","floor":33,"turns":8},{"damage":0,"enemies":"3 Shapes","floor":35,"turns":3},{"damage":13,"enemies":"3 Darklings","floor":36,"turns":5},{"damage":0,"enemies":"downfall:FleeingMerchant","floor":37,"turns":4},{"damage":0,"enemies":"Spire Growth","floor":38,"turns":6},{"damage":7,"enemies":"Sphere and 2 Shapes","floor":39,"turns":4},{"damage":12,"enemies":"downfall:FleeingMerchant","floor":40,"turns":3},{"damage":30,"enemies":"2 Orb Walkers","floor":42,"turns":5},{"damage":20,"enemies":"Writhing Mass","floor":43,"turns":7},{"damage":2,"enemies":"4 Shapes","floor":45,"turns":5},{"damage":1,"enemies":"Sphere and 2 Shapes","floor":47,"turns":5},{"damage":0,"enemies":"Transient","floor":48,"turns":5},{"damage":6,"enemies":"SI_POISON_ARCHETYPE","floor":50,"turns":11},{"damage":125,"enemies":"downfall:CharBossMerchant","floor":52,"turns":9},{"damage":31,"enemies":"downfall:NeowBoss","floor":55,"turns":18},{"damage":121,"enemies":"downfall:NeowBossFinal","floor":56,"turns":9}],"seed_played":"-8369928852130280325","potions_obtained":[{"floor":1,"key":"Strength Potion"},{"floor":9,"key":"Explosive Potion"},{"floor":14,"key":"Ancient Potion"},{"floor":16,"key":"GamblersBrew"},{"floor":18,"key":"SpeedPotion"},{"floor":26,"key":"Dexterity Potion"},{"floor":33,"key":"DuplicationPotion"},{"floor":47,"key":"SkillPotion"}],"is_trial":false,"path_per_floor":["M","M","M","$","$","R","T","M","M","E","?","E","R","?","R","B",null,"M","M","M","$","M","?","T","R","?","?","R","E","R","M","R","B",null,"M","M","$","M","M","$","T","?","M","?","M","R","M","M","R","B",null,"E","$","R","B","B"],"character_chosen":"THE_SPIRIT","items_purchased":["hexamod:SoulSteal","Membership Card","hexamod:ShieldOfDarkness","Finesse","Torii","Lantern","Lizard Tail","Master of Strategy","hexamod:BacktrackSmack","hexamod:FastForward","HandDrill","Shuriken","Unceasing Top","hexamod:ThermalTransfer","hexamod:HeatShield","hexamod:RainOfEmbers","hexamod:GhostOfSpirePresent","Guardian:BlockOnCardUsePotion"],"campfire_rested":4,"item_purchase_floors":[5,21,21,21,37,40,40,40,40,40,53,53,53,53,53,53,53,53],"current_hp_per_floor":[76,74,73,73,68,68,68,52,51,48,48,38,38,28,54,25,88,82,69,55,50,41,27,27,54,22,53,53,62,62,62,62,53,111,112,100,101,102,96,85,85,56,37,30,36,85,92,100,100,102,133,16,16,56,26,0,0,0],"gold":35,"neow_bonus":"TEN_PERCENT_HP_BONUS","is_daily":false,"chose_seed":false,"campfire_upgraded":5,"win_rate":0.0,"timestamp":1611770271,"path_taken":["M","M","M","?","$","R","T","M","M","E","?","E","R","?","R","BOSS","M","M","M","$","M","?","T","R","?","?","R","E","R","?","R","BOSS","M","M","$","M","M","$","T","?","M","?","M","R","M","M","R","BOSS","E","$","R","BOSS","BOSS"],"items_purchased_type":["Card","Relic","Card","Card","Relic","Relic","Relic","Card","Card","Card","Relic","Relic","Relic","Card","Card","Card","Card","Potion"],"build_version":"2020-12-22","purchased_purges":4,"victory":false,"max_hp_per_floor":[77,77,77,77,77,77,77,77,77,87,87,87,87,87,87,88,88,89,90,91,92,93,93,93,93,94,94,94,109,109,110,110,111,111,112,113,114,115,116,117,117,118,119,119,120,130,131,132,132,133,133,134,134,134,135,135,135,135],"card_choices":[{"not_picked":["hexamod:GhostLash","hexamod:AdvancingGuard"],"picked":"hexamod:EmpoweredFlame","floor":1},{"not_picked":["hexamod:EtherealExpedition","hexamod:ThermalTransfer"],"picked":"hexamod:Firestarter","floor":2},{"not_picked":["hexamod:ChargedBarrage","hexamod:RecurringNightmare"],"picked":"hexamod:HauntingEcho","floor":3},{"not_picked":["hexamod:ThermalTransfer","hexamod:SwordOfDarkness"],"picked":"hexamod:SpectersWail","floor":4},{"not_picked":["hexamod:HauntingEcho","hexamod:FourthSeal"],"picked":"hexamod:HexaLevel","floor":5},{"not_picked":["hexamod:FastForward","hexamod:GhostLash","hexamod:SwordOfDarkness"],"picked":"SKIP","floor":8},{"not_picked":["hexamod:InspiringFlames","hexamod:EtherealExpedition"],"picked":"hexamod:AdvancingGuard","floor":9},{"not_picked":["hexamod:SwordOfDarkness","hexamod:VolcanoVisage"],"picked":"hexamod:ShieldOfDarkness","floor":10},{"not_picked":["hexamod:NecessarySacrifice","hexamod:SkipABeat"],"picked":"hexamod:Incineration","floor":12},{"not_picked":["hexamod:NecessarySacrifice","hexamod:NightmareGuise"],"picked":"hexamod:AdvancingGuard","floor":14},{"not_picked":["hexamod:FifthSeal","hexamod:UnlimitedPower"],"picked":"hexamod:GhostflameInferno","floor":16},{"not_picked":["hexamod:ThermalTransfer","hexamod:BacktrackSmack"],"picked":"hexamod:FastForward","floor":18},{"not_picked":["hexamod:Hexaguard","hexamod:BurningTouch","hexamod:Firestarter"],"picked":"SKIP","floor":19},{"not_picked":["hexamod:Haunt","hexamod:SwordOfDarkness+1"],"picked":"hexamod:NightmareStrike+1","floor":20},{"not_picked":["hexamod:InspiringFlames","hexamod:Hexaguard"],"picked":"hexamod:UnlimitedPower","floor":21},{"not_picked":["hexamod:GhostShield+1","hexamod:ThermalTransfer","hexamod:SwordOfDarkness"],"picked":"SKIP","floor":22},{"not_picked":["hexamod:UnlimitedPower","hexamod:BacktrackSmack","hexamod:FastForward"],"picked":"SKIP","floor":29},{"not_picked":["hexamod:SpectersWail+1","hexamod:Haunt"],"picked":"hexamod:Again","floor":31},{"not_picked":["hexamod:SoulSteal+1"],"picked":"SKIP","floor":35},{"not_picked":[],"picked":"hexamod:InspiringFlames+1","floor":36},{"not_picked":["hexamod:SwordOfDarkness"],"picked":"SKIP","floor":37},{"not_picked":[],"picked":"hexamod:GhostOfSpirePast+1","floor":38},{"not_picked":[],"picked":"hexamod:Firestarter+1","floor":39},{"not_picked":[],"picked":"hexamod:GhostflameBarrier+1","floor":40},{"not_picked":[],"picked":"hexamod:FastForward","floor":43},{"not_picked":["hexamod:GhostflameBarrier"],"picked":"SKIP","floor":45},{"not_picked":[],"picked":"hexamod:PhantomFireball","floor":47},{"not_picked":["hexamod:Haunt"],"picked":"SKIP","floor":48},{"not_picked":["hexamod:SpectersWail+1"],"picked":"SKIP","floor":52}],"player_experience":1352715,"relics_obtained":[{"floor":7,"key":"Pocketwatch"},{"floor":10,"key":"Pear"},{"floor":12,"key":"Orichalcum"},{"floor":14,"key":"downfall:CloakOfManyFaces"},{"floor":26,"key":"Thread and Needle"},{"floor":26,"key":"Sundial"},{"floor":29,"key":"Mango"},{"floor":42,"key":"StoneCalendar"},{"floor":52,"key":"Bag of Preparation"}],"event_choices":[{"damage_healed":31,"gold_gain":0,"player_choice":"Heal","damage_taken":0,"max_hp_gain":0,"max_hp_loss":0,"event_name":"The Library","floor":27,"gold_loss":0},{"damage_healed":0,"gold_gain":0,"player_choice":"Fight","damage_taken":0,"max_hp_gain":0,"max_hp_loss":0,"event_name":"Mysterious Sphere","floor":42,"gold_loss":0}],"is_beta":false,"boss_relics":[{"not_picked":["Pandora\u0027s Box","Snecko Eye"],"picked":"hexamod:IceCube"},{"not_picked":["Astrolabe","Fusion Hammer"],"picked":"Busted Crown"}],"items_purged_floors":[4,21,37,40],"is_endless":false,"potions_floor_spawned":[1,9,14,16,18,26,29,33,35,42,47],"killed_by":"downfall:NeowBossFinal","ascension_level":0}}