{"host":"krw8blyxua7at9ak","time":1611738095,"event":{"mods":["BaseMod","Highlight Path","Minty Spire (QoL Compilation)","ojb\u0027s Info Mod"],"gold_per_floor":[359,12,23,23,43,73,17,45,69,69,69,87,99,99,99,99,99],"floor_reached":16,"language":"ENG","playtime":452,"items_purged":[],"score":270,"play_id":"2dcc1483-9945-41da-994c-3828e6b5f217","local_time":"20210127100135","is_ascension_mode":true,"campfire_choices":[{"floor":11,"key":"REST"},{"floor":15,"key":"RECALL"}],"circlet_count":0,"master_deck":["AscendersBane","Strike_G","Strike_G","Strike_G","Strike_G","Strike_G","Defend_G","Defend_G","Defend_G","Defend_G","Defend_G","Survivor","Neutralize","Flying Knee","Dash","Slice","Regret","Dash","Blade Dance","Leg Sweep"],"relics":["Ring of the Snake","Ninja Scroll","Regal Pillow","Potion Belt","Paper Crane","Bag of Preparation","Golden Idol"],"acts_visited":["Exordium"],"potions_floor_usage":[6,8],"damage_taken":[{"damage":2,"enemies":"Jaw Worm","floor":1,"turns":5},{"damage":4,"enemies":"Small Slimes","floor":3,"turns":3},{"damage":2,"enemies":"2 Louse","floor":5,"turns":3},{"damage":27,"enemies":"Lagavulin","floor":6,"turns":8},{"damage":4,"enemies":"Gremlin Nob","floor":8,"turns":3},{"damage":0,"enemies":"Exordium Wildlife","floor":12,"turns":3},{"damage":0,"enemies":"Red Slaver","floor":13,"turns":2},{"damage":0,"enemies":"Hexaghost","floor":16,"turns":1}],"seed_played":"-2361245553059178146","potions_obtained":[{"floor":3,"key":"Dexterity Potion"},{"floor":5,"key":"SpeedPotion"},{"floor":12,"key":"Weak Potion"}],"is_trial":false,"path_per_floor":["M","$","M","?","M","E","$","E","T","$","R","M","M","?","R","B"],"character_chosen":"THE_SILENT","items_purchased":["Ninja Scroll","Dash","AttackPotion"],"campfire_rested":1,"item_purchase_floors":[2,2,7],"current_hp_per_floor":[57,57,53,53,51,24,24,20,20,20,53,53,53,53,53,53,53],"gold":99,"neow_bonus":"TWO_FIFTY_GOLD","is_daily":false,"chose_seed":false,"campfire_upgraded":0,"win_rate":0.0,"timestamp":1611738095,"path_taken":["M","$","M","?","M","E","$","E","T","$","R","M","M","?","R","BOSS"],"items_purchased_type":["Relic","Card","Potion"],"build_version":"2020-12-22","purchased_purges":0,"victory":false,"max_hp_per_floor":[60,60,60,60,60,60,60,60,60,60,60,60,60,54,54,54,54],"card_choices":[{"not_picked":["Dagger Spray","Setup"],"picked":"Flying Knee","floor":1},{"not_picked":["Crippling Poison","Expertise"],"picked":"Slice","floor":3},{"not_picked":["Cloak And Dagger","Sucker Punch"],"picked":"Dash","floor":5},{"not_picked":["Deadly Poison","Bane","Underhanded Strike"],"picked":"SKIP","floor":6},{"not_picked":["Underhanded Strike","Outmaneuver"],"picked":"Blade Dance","floor":8},{"not_picked":["Night Terror","Bane"],"picked":"Leg Sweep","floor":12},{"not_picked":["Deflect","Acrobatics","Bane"],"picked":"SKIP","floor":13}],"player_experience":362352,"relics_obtained":[{"floor":6,"key":"Potion Belt"},{"floor":8,"key":"Paper Crane"},{"floor":9,"key":"Bag of Preparation"}],"event_choices":[{"damage_healed":0,"gold_gain":0,"player_choice":"Box","damage_taken":0,"relics_obtained":["Regal Pillow"],"max_hp_gain":0,"max_hp_loss":0,"event_name":"Big Fish","floor":4,"gold_loss":0,"cards_obtained":["Regret"]},{"damage_healed":0,"gold_gain":0,"player_choice":"Lose Max HP","damage_taken":0,"relics_obtained":["Golden Idol"],"max_hp_gain":0,"max_hp_loss":6,"event_name":"Golden Idol","floor":14,"gold_loss":0}],"is_beta":false,"boss_relics":[],"items_purged_floors":[],"is_endless":false,"potions_floor_spawned":[3,5,12],"killed_by":"Hexaghost","ascension_level":20}}