{"host":"dvpvhz1t6etneyb3","time":1611773088,"event":{"mods":["AchievementEnabler","BaseMod","Colored Map","Highlight Path","Minty Spire (QoL Compilation)","Permanent Neow","Quick Restart"],"gold_per_floor":[109,109,125,135,16,16,48,48,75,75,104,117,134,166,166,238,238,258,272,290,290,76,110,125,157,157,175,175,32,32,57,57,128,128,141,91,0,17,33,63,63,88,134,28,38,38,73,122,122,122,122,122,122,43,75,75],"floor_reached":57,"language":"ENG","playtime":4764,"items_purged":["Strike_P","Strike_P","Strike_P","Defend_P"],"score":2986,"play_id":"7e076f04-1472-4102-82bc-910f530ef619","local_time":"20210127134448","is_ascension_mode":true,"campfire_choices":[{"data":"CrushJoints","floor":6.0,"key":"SMITH"},{"data":"Wireheading","floor":8.0,"key":"SMITH"},{"data":"Protect","floor":10.0,"key":"SMITH"},{"data":"Wallop","floor":15.0,"key":"SMITH"},{"data":"Meditate","floor":28.0,"key":"SMITH"},{"data":"Tantrum","floor":32.0,"key":"SMITH"},{"floor":46.0,"key":"RECALL"},{"data":"WaveOfTheHand","floor":49.0,"key":"SMITH"},{"data":"Ragnarok","floor":53,"key":"SMITH"}],"circlet_count":0,"master_deck":["AscendersBane","Defend_P","Defend_P","Defend_P","Eruption+1","Vigilance","Consecrate","Crescendo","CrushJoints+1","Wireheading+1","Protect+1","Wallop+1","BowlingBash","Vault","EmptyFist","Meditate+1","Tantrum+1","Collect+1","InnerPeace","DeceiveReality+1","Swivel","Omniscience","Fasting2+1","Ragnarok+1","WaveOfTheHand+1","Protect+1","LikeWater","WheelKick","Swivel+1","TalkToTheHand"],"relics":["PureWater","Juzu Bracelet","Smiling Mask","InkBottle","Toy Ornithopter","Snecko Eye","TeardropLocket","Meat on the Bone","Ancient Tea Set","Letter Opener","Philosopher\u0027s Stone","Red Mask","Centennial Puzzle","Oddly Smooth Stone","MealTicket","Strawberry","FossilizedHelix","Shuriken"],"acts_visited":["Exordium","TheCity","TheBeyond","TheEnding"],"potions_floor_usage":[55,56],"damage_taken":[{"damage":2.0,"enemies":"Jaw Worm","floor":1.0,"turns":4.0},{"damage":0.0,"enemies":"Small Slimes","floor":3.0,"turns":2.0},{"damage":0.0,"enemies":"Cultist","floor":4.0,"turns":2.0},{"damage":0.0,"enemies":"Gremlin Nob","floor":7.0,"turns":2.0},{"damage":25.0,"enemies":"Lagavulin","floor":11.0,"turns":7.0},{"damage":0.0,"enemies":"2 Fungi Beasts","floor":12.0,"turns":4.0},{"damage":0.0,"enemies":"Exordium Thugs","floor":13.0,"turns":4.0},{"damage":6.0,"enemies":"3 Sentries","floor":14.0,"turns":4.0},{"damage":10.0,"enemies":"The Guardian","floor":16.0,"turns":10.0},{"damage":3.0,"enemies":"Spheric Guardian","floor":18.0,"turns":3.0},{"damage":1.0,"enemies":"3 Byrds","floor":19.0,"turns":6.0},{"damage":0.0,"enemies":"Snecko","floor":20.0,"turns":3.0},{"damage":30.0,"enemies":"Slavers","floor":23.0,"turns":3.0},{"damage":2.0,"enemies":"3 Cultists","floor":24.0,"turns":4.0},{"damage":0.0,"enemies":"Gremlin Leader","floor":25.0,"turns":4.0},{"damage":0.0,"enemies":"Cultist and Chosen","floor":27.0,"turns":6.0},{"damage":0.0,"enemies":"Book of Stabbing","floor":31.0,"turns":4.0},{"damage":18.0,"enemies":"Champ","floor":33.0,"turns":11.0},{"damage":0.0,"enemies":"Orb Walker","floor":35.0,"turns":2.0},{"damage":0.0,"enemies":"3 Darklings","floor":38.0,"turns":3.0},{"damage":4.0,"enemies":"Spire Growth","floor":39.0,"turns":3.0},{"damage":0.0,"enemies":"Giant Head","floor":40.0,"turns":6.0},{"damage":1.0,"enemies":"Reptomancer","floor":42.0,"turns":4.0},{"damage":3.0,"enemies":"Jaw Worm Horde","floor":45.0,"turns":4.0},{"damage":19.0,"enemies":"Giant Head","floor":47.0,"turns":6.0},{"damage":0.0,"enemies":"2 Orb Walkers","floor":48.0,"turns":3.0},{"damage":8.0,"enemies":"Awakened One","floor":50.0,"turns":9.0},{"damage":13.0,"enemies":"Donu and Deca","floor":51.0,"turns":8.0},{"damage":0,"enemies":"Shield and Spear","floor":55,"turns":8},{"damage":64,"enemies":"The Heart","floor":56,"turns":10}],"seed_played":"3904772018923413600","potions_obtained":[{"floor":3.0,"key":"BlessingOfTheForge"},{"floor":4.0,"key":"SteroidPotion"},{"floor":13.0,"key":"BottledMiracle"},{"floor":16.0,"key":"FearPotion"},{"floor":18.0,"key":"Weak Potion"},{"floor":23.0,"key":"DistilledChaos"},{"floor":33.0,"key":"Ancient Potion"},{"floor":40.0,"key":"Dexterity Potion"},{"floor":48.0,"key":"Fire Potion"}],"is_trial":false,"path_per_floor":["M","?","M","M","$","R","E","R","T","R","E","M","M","E","R","B",null,"M","M","M","?","$","E","M","E","T","M","R","$","?","E","R","B",null,"M","$","?","M","M","E","?","E","T","$","M","R","E","?","R","B","B",null,"R","$","E","B",null],"character_chosen":"WATCHER","items_purchased":["Wireheading","Meditate","Tantrum","Swivel","Dexterity Potion","FearPotion","TalkToTheHand"],"campfire_rested":0,"item_purchase_floors":[5,22,22,29,29,44,54],"current_hp_per_floor":[59,52,52,52,52,52,52,52,52,52,27,27,27,21,21,16,55,57,56,56,56,56,31,41,46,46,46,46,46,46,51,51,45,62,62,62,62,62,63,68,65,64,64,65,62,62,50,55,55,47,46,66,66,72,72,20],"gold":75,"neow_bonus":"UPGRADE_CARD","is_daily":false,"chose_seed":false,"campfire_upgraded":8,"win_rate":0.0,"timestamp":1611773088,"path_taken":["M","?","M","M","$","R","E","R","T","R","E","M","M","E","R","BOSS","M","M","M","?","$","E","M","E","T","M","R","$","?","E","R","BOSS","M","$","?","M","M","E","?","E","T","$","M","R","E","?","R","BOSS","BOSS","R","$","E","BOSS"],"items_purchased_type":["Card","Card","Card","Card","Potion","Potion","Card"],"build_version":"2020-12-22","purchased_purges":4,"victory":true,"max_hp_per_floor":[68,68,68,68,68,68,68,68,68,68,68,68,68,68,68,68,68,68,68,68,68,68,68,68,68,68,68,68,68,68,68,68,68,68,68,68,68,68,68,68,65,65,65,65,65,65,72,72,72,72,72,72,72,72,72,72],"card_choices":[{"not_picked":["Crescendo","EmptyFist"],"picked":"Consecrate","floor":1.0},{"not_picked":["EmptyBody","Nirvana"],"picked":"Crescendo","floor":3.0},{"not_picked":["EmptyBody","FollowUp"],"picked":"CrushJoints","floor":4.0},{"not_picked":["ReachHeaven","Sanctity"],"picked":"Protect","floor":7.0},{"not_picked":["EmptyFist","DeusExMachina"],"picked":"Wallop","floor":11.0},{"not_picked":["Conclude","JustLucky","Pray"],"picked":"SKIP","floor":12.0},{"not_picked":["JustLucky","ForeignInfluence"],"picked":"BowlingBash","floor":13.0},{"not_picked":["ClearTheMind","SignatureMove"],"picked":"FlurryOfBlows","floor":14.0},{"not_picked":["DevaForm","Ragnarok"],"picked":"Vault","floor":16.0},{"not_picked":["Sanctity","Evaluate","Halt"],"picked":"SKIP","floor":18.0},{"not_picked":["Evaluate","FlurryOfBlows+1"],"picked":"EmptyFist","floor":19.0},{"not_picked":["Halt","BowlingBash","ThirdEye"],"picked":"SKIP","floor":20.0},{"not_picked":["WheelKick","Pray"],"picked":"Collect+1","floor":23.0},{"not_picked":["FollowUp","EmptyBody"],"picked":"InnerPeace","floor":24.0},{"not_picked":["Indignation","InnerPeace"],"picked":"DeceiveReality+1","floor":25.0},{"not_picked":["Crescendo","Consecrate","Halt"],"picked":"SKIP","floor":27.0},{"not_picked":["PathToVictory","CrushJoints"],"picked":"Fasting2+1","floor":31.0},{"not_picked":["SpiritShield","Alpha"],"picked":"Ragnarok","floor":33.0},{"not_picked":["Crescendo","FlurryOfBlows"],"picked":"WaveOfTheHand","floor":35.0},{"not_picked":["ThirdEye","Prostrate"],"picked":"Protect+1","floor":38.0},{"not_picked":["Halt","Pray","SashWhip"],"picked":"SKIP","floor":39.0},{"not_picked":["Halt","Consecrate","EmptyBody"],"picked":"SKIP","floor":40.0},{"not_picked":["FlurryOfBlows+1","Evaluate+1"],"picked":"LikeWater","floor":42.0},{"not_picked":["PathToVictory+1","LessonLearned"],"picked":"WheelKick","floor":45.0},{"not_picked":["ThirdEye+1","EmptyBody"],"picked":"Swivel+1","floor":47.0},{"not_picked":["WaveOfTheHand","SignatureMove+1","Consecrate"],"picked":"SKIP","floor":55}],"player_experience":2081329,"relics_obtained":[{"floor":7.0,"key":"Juzu Bracelet"},{"floor":9.0,"key":"Smiling Mask"},{"floor":11.0,"key":"InkBottle"},{"floor":14.0,"key":"Toy Ornithopter"},{"floor":23.0,"key":"Meat on the Bone"},{"floor":25.0,"key":"Ancient Tea Set"},{"floor":31.0,"key":"Letter Opener"},{"floor":40.0,"key":"Centennial Puzzle"},{"floor":42.0,"key":"Oddly Smooth Stone"},{"floor":43.0,"key":"MealTicket"},{"floor":47.0,"key":"Strawberry"},{"floor":48.0,"key":"FossilizedHelix"},{"floor":55,"key":"Shuriken"}],"event_choices":[{"cards_removed":["Strike_P"],"damage_healed":0.0,"max_hp_gain":0.0,"max_hp_loss":0.0,"gold_gain":0.0,"event_name":"Golden Wing","player_choice":"Card Removal","floor":2.0,"gold_loss":0.0,"damage_taken":7.0},{"cards_removed":["FlurryOfBlows"],"damage_healed":0.0,"max_hp_gain":0.0,"max_hp_loss":0.0,"gold_gain":0.0,"event_name":"WeMeetAgain","player_choice":"Gave Card","floor":21.0,"gold_loss":0.0,"damage_taken":0.0,"relics_obtained":["TeardropLocket"]},{"damage_healed":0.0,"max_hp_gain":0.0,"max_hp_loss":0.0,"gold_gain":0.0,"event_name":"The Library","player_choice":"Read","floor":30.0,"gold_loss":0.0,"damage_taken":0.0,"cards_obtained":["Omniscience"]},{"damage_healed":0.0,"max_hp_gain":0.0,"max_hp_loss":0.0,"gold_gain":0.0,"event_name":"Tomb of Lord Red Mask","player_choice":"Paid","floor":37.0,"gold_loss":91.0,"damage_taken":0.0,"relics_obtained":["Red Mask"]},{"damage_healed":0.0,"max_hp_gain":0.0,"max_hp_loss":3.0,"gold_gain":0.0,"event_name":"Winding Halls","player_choice":"Max HP","floor":41.0,"gold_loss":0.0,"damage_taken":0.0},{"damage_healed":0.0,"max_hp_gain":0.0,"max_hp_loss":0.0,"gold_gain":0.0,"event_name":"Mysterious Sphere","player_choice":"Fight","floor":48.0,"gold_loss":0.0,"damage_taken":0.0}],"is_beta":false,"boss_relics":[{"not_picked":["Calling Bell","Coffee Dripper"],"picked":"Snecko Eye"},{"not_picked":["Tiny House","Black Star"],"picked":"Philosopher\u0027s Stone"}],"items_purged_floors":[5,22,36,44],"is_endless":false,"potions_floor_spawned":[3,4,13,16,18,23,24,33,38,40,47,48],"ascension_level":20}}