{"host":"qsusua7l529r8z9k","time":1611728996,"event":{"mods":["BaseMod","Minty Spire (QoL Compilation)","StSLib"],"gold_per_floor":[110,122,122,132,149,162,162,172,199,232,157,157,157],"floor_reached":12,"language":"ZHS","playtime":429,"items_purged":["Strike_G"],"score":160,"play_id":"9ce70861-601d-4929-b8e9-d90095276310","local_time":"20210127142956","is_ascension_mode":true,"campfire_choices":[{"data":"Neutralize","floor":7.0,"key":"SMITH"}],"circlet_count":0,"master_deck":["AscendersBane","Strike_G","Strike_G","Strike_G","Strike_G","Defend_G","Defend_G","Defend_G","Defend_G","Defend_G","Survivor","Neutralize+1","Phantasmal Killer","Blur","Dagger Spray","Bullet Time"],"relics":["Sozu","MealTicket","Omamori","Bag of Marbles"],"acts_visited":["Exordium"],"potions_floor_usage":[],"damage_taken":[{"damage":0.0,"enemies":"Jaw Worm","floor":1.0,"turns":6.0},{"damage":0.0,"enemies":"Cultist","floor":2.0,"turns":5.0},{"damage":1.0,"enemies":"2 Louse","floor":4.0,"turns":3.0},{"damage":5.0,"enemies":"Gremlin Gang","floor":5.0,"turns":7.0},{"damage":1.0,"enemies":"Blue Slaver","floor":6.0,"turns":5.0},{"damage":1.0,"enemies":"2 Fungi Beasts","floor":8.0,"turns":4.0},{"damage":27.0,"enemies":"3 Sentries","floor":10.0,"turns":10.0},{"damage":39,"enemies":"Gremlin Nob","floor":12,"turns":4}],"seed_played":"-3370048112914567210","potions_obtained":[],"is_trial":false,"path_per_floor":["M","M","?","M","M","M","R","M","T","E","$","E"],"character_chosen":"THE_SILENT","items_purchased":[],"campfire_rested":0,"item_purchase_floors":[],"current_hp_per_floor":[59,59,59,58,53,52,52,51,51,24,39,0,0],"gold":157,"neow_bonus":"BOSS_RELIC","is_daily":false,"chose_seed":false,"campfire_upgraded":1,"win_rate":0.0,"timestamp":1611728996,"path_taken":["M","M","?","M","?","M","R","M","T","E","?","E"],"items_purchased_type":[],"build_version":"2020-12-22","purchased_purges":1,"victory":false,"max_hp_per_floor":[66,66,66,66,66,66,66,66,66,66,66,66,66],"card_choices":[{"not_picked":["Dagger Spray","Bane"],"picked":"Prepared","floor":1.0},{"not_picked":["Bane","Flying Knee","Deadly Poison"],"picked":"SKIP","floor":2.0},{"not_picked":["Choke","Dagger Spray"],"picked":"Phantasmal Killer","floor":4.0},{"not_picked":["Choke","Deflect"],"picked":"Blur","floor":5.0},{"not_picked":["Deflect","Bane","Poisoned Stab"],"picked":"SKIP","floor":6.0},{"not_picked":["Accuracy","Underhanded Strike"],"picked":"Dagger Spray","floor":8.0},{"not_picked":["Setup","Cloak And Dagger"],"picked":"Bullet Time","floor":10.0}],"player_experience":498930,"relics_obtained":[{"floor":9.0,"key":"Omamori"},{"floor":10.0,"key":"Bag of Marbles"}],"event_choices":[{"cards_removed":["Prepared"],"damage_healed":0.0,"max_hp_gain":0.0,"max_hp_loss":0.0,"gold_gain":0.0,"event_name":"WeMeetAgain","player_choice":"Gave Card","floor":3.0,"gold_loss":0.0,"damage_taken":0.0,"relics_obtained":["MealTicket"]}],"is_beta":false,"boss_relics":[],"items_purged_floors":[11],"is_endless":false,"potions_floor_spawned":[5,8],"killed_by":"Gremlin Nob","ascension_level":19}}