{"host":"vyjryxuuuxkt43k4","time":1611722788,"event":{"mods":["AchievementEnabler","BaseMod","Colored Map","DeckTracker","Keyboard Shortcuts","Minty Spire (QoL Compilation)","Permanent Neow","Quick Restart","Rare Cards Sparkle","StSLib","SuperFastMode","everything is the same but u backflip on backflip"],"gold_per_floor":[20,31,31,31,55,55,95,173,173,173,198,48,48,69,69,159,159,144,182,281,281,32,32,65,65,145,145,145,270,291,315,315,408,408,431,431,102,102,102,102,141,169,181,217,229,229],"floor_reached":45,"language":"KOR","playtime":2789,"items_purged":["Strike_G","Strike_G","Strike_G"],"score":866,"play_id":"92c09e4c-6d26-4f2b-9cff-8442c9caa12e","local_time":"20210127134628","is_ascension_mode":true,"campfire_choices":[{"data":"Prepared","floor":6.0,"key":"SMITH"},{"floor":15.0,"key":"REST"},{"floor":23.0,"key":"REST"},{"floor":25.0,"key":"REST"},{"data":"Acrobatics","floor":28.0,"key":"SMITH"},{"floor":32.0,"key":"REST"},{"data":"Tactician","floor":40.0,"key":"SMITH"}],"circlet_count":0,"master_deck":["AscendersBane","Defend_G","Defend_G","Defend_G","Defend_G","Defend_G","Survivor","Neutralize","Deadly Poison","Crippling Poison+1","Prepared+1","Blade Dance","Bane","Grand Finale","Acrobatics+1","Burst","Expertise+1","Quick Slash","Acrobatics","Tactician+1","Adrenaline","Adrenaline"],"relics":["Ring of the Snake","Tough Bandages","Golden Idol","Bird Faced Urn","Happy Flower","Ginger","Omamori","HoveringKite","Red Mask","ClockworkSouvenir","Regal Pillow","Question Card","Tingsha","Ornamental Fan","Coffee Dripper","Lantern","MawBank"],"acts_visited":["Exordium","TheCity","TheBeyond"],"potions_floor_usage":[],"damage_taken":[{"damage":8.0,"enemies":"Jaw Worm","floor":1.0,"turns":4.0},{"damage":0.0,"enemies":"2 Louse","floor":2.0,"turns":3.0},{"damage":0.0,"enemies":"Small Slimes","floor":5.0,"turns":4.0},{"damage":5.0,"enemies":"3 Sentries","floor":7.0,"turns":10.0},{"damage":28.0,"enemies":"Lagavulin Event","floor":8.0,"turns":8.0},{"damage":0.0,"enemies":"Exordium Thugs","floor":14.0,"turns":3.0},{"damage":7.0,"enemies":"Hexaghost","floor":16.0,"turns":11.0},{"damage":22.0,"enemies":"2 Thieves","floor":18.0,"turns":4.0},{"damage":16.0,"enemies":"Masked Bandits","floor":19.0,"turns":4.0},{"damage":15.0,"enemies":"Slavers","floor":24.0,"turns":3.0},{"damage":16.0,"enemies":"Colosseum Slavers","floor":29.0,"turns":2.0},{"damage":21.0,"enemies":"Colosseum Nobs","floor":29.0,"turns":4.0},{"damage":0.0,"enemies":"Shell Parasite","floor":30.0,"turns":5.0},{"damage":2.0,"enemies":"Chosen and Byrds","floor":31.0,"turns":5.0},{"damage":19.0,"enemies":"Collector","floor":33.0,"turns":7.0},{"damage":1.0,"enemies":"Orb Walker","floor":35.0,"turns":3.0},{"damage":9.0,"enemies":"Nemesis","floor":41.0,"turns":5.0},{"damage":0.0,"enemies":"3 Darklings","floor":42.0,"turns":3.0},{"damage":0.0,"enemies":"Writhing Mass","floor":44.0,"turns":4.0},{"damage":66,"enemies":"4 Shapes","floor":45,"turns":3}],"seed_played":"1896125744682964915","potions_obtained":[{"floor":5.0,"key":"CunningPotion"},{"floor":8.0,"key":"Ancient Potion"},{"floor":14.0,"key":"Strength Potion"},{"floor":16.0,"key":"Ancient Potion"},{"floor":18.0,"key":"Weak Potion"},{"floor":24.0,"key":"BlessingOfTheForge"},{"floor":30.0,"key":"SpeedPotion"},{"floor":33.0,"key":"Explosive Potion"},{"floor":42.0,"key":"GhostInAJar"}],"is_trial":false,"path_per_floor":["M","M","$","?","M","R","E","?","T","?","T","$","?","M","R","B",null,"M","?","?","?","$","R","E","R","T","?","R","?","M","M","R","B",null,"M","?","$","?","?","R","E","M","T","M","M"],"character_chosen":"THE_SILENT","items_purchased":["Grand Finale","ClockworkSouvenir","Lantern","ColorlessPotion"],"campfire_rested":4,"item_purchase_floors":[12,22,37,37],"current_hp_per_floor":[51,51,51,35,35,35,30,2,2,2,2,2,2,2,21,14,53,31,15,15,15,15,34,19,53,53,53,53,16,16,14,48,29,57,56,56,56,56,56,56,47,47,47,47,0,0],"gold":229,"neow_bonus":"ONE_RARE_RELIC","is_daily":false,"chose_seed":false,"campfire_upgraded":3,"win_rate":0.0,"timestamp":1611722788,"path_taken":["M","M","$","?","M","R","E","?","T","?","?","$","?","?","R","BOSS","M","?","?","?","$","R","E","R","T","?","R","?","M","M","R","BOSS","M","?","?","?","?","R","E","M","T","?","M"],"items_purchased_type":["Card","Relic","Relic","Potion"],"build_version":"2020-12-22","purchased_purges":3,"victory":false,"max_hp_per_floor":[66,66,66,66,66,66,66,66,66,66,66,66,66,66,66,66,66,66,66,66,66,66,66,66,66,66,66,66,66,66,66,66,66,66,66,66,66,66,63,63,63,63,63,63,63,63],"card_choices":[{"not_picked":["Backflip","Bane"],"picked":"Deadly Poison","floor":1.0},{"not_picked":["Flying Knee","Setup"],"picked":"Crippling Poison","floor":2.0},{"not_picked":["Deflect","Sucker Punch"],"picked":"Prepared","floor":5.0},{"not_picked":["Deadly Poison","Doppelganger"],"picked":"Blade Dance","floor":7.0},{"not_picked":["Poisoned Stab","Dagger Spray"],"picked":"Bane","floor":8.0},{"not_picked":["Dagger Spray","Underhanded Strike"],"picked":"Acrobatics","floor":14.0},{"not_picked":["Night Terror","Die Die Die"],"picked":"Burst","floor":16.0},{"not_picked":["Quick Slash","Endless Agony"],"picked":"Expertise+1","floor":18.0},{"not_picked":["Skewer+1","Bane"],"picked":"Quick Slash","floor":19.0},{"not_picked":["Unload","Caltrops","Finisher"],"picked":"SKIP","floor":24.0},{"not_picked":["Cloak And Dagger","Dagger Spray+1","Prepared"],"picked":"Acrobatics","floor":29.0},{"not_picked":["Infinite Blades","Crippling Poison+1","Bane","Sucker Punch"],"picked":"SKIP","floor":30.0},{"not_picked":["Quick Slash","PiercingWail","Dagger Spray"],"picked":"Tactician","floor":31.0},{"not_picked":["Venomology","Envenom","Corpse Explosion"],"picked":"Adrenaline","floor":33.0},{"not_picked":["Dodge and Roll","Caltrops","Finisher","Expertise"],"picked":"SKIP","floor":35.0},{"not_picked":["Dagger Throw+1","Deadly Poison","Blur","Underhanded Strike"],"picked":"SKIP","floor":41.0},{"not_picked":["Blade Dance+1","Sucker Punch","Dagger Throw","Leg Sweep+1"],"picked":"SKIP","floor":42.0},{"not_picked":["Poisoned Stab","Bouncing Flask","Cloak And Dagger","Flying Knee"],"picked":"SKIP","floor":44.0}],"player_experience":395875,"relics_obtained":[{"floor":7.0,"key":"Bird Faced Urn"},{"floor":8.0,"key":"Happy Flower"},{"floor":9.0,"key":"Ginger"},{"floor":11.0,"key":"Omamori"},{"floor":19.0,"key":"Red Mask"},{"floor":24.0,"key":"Regal Pillow"},{"floor":26.0,"key":"Question Card"},{"floor":29.0,"key":"Tingsha"},{"floor":29.0,"key":"Ornamental Fan"},{"floor":41.0,"key":"MawBank"}],"event_choices":[{"damage_healed":0.0,"max_hp_gain":0.0,"max_hp_loss":0.0,"gold_gain":0.0,"event_name":"Golden Idol","player_choice":"Take Damage","floor":4.0,"gold_loss":0.0,"damage_taken":16.0,"relics_obtained":["Golden Idol"]},{"damage_healed":0.0,"max_hp_gain":0.0,"max_hp_loss":0.0,"gold_gain":0.0,"event_name":"Dead Adventurer","player_choice":"Searched \u00271\u0027 times","floor":8.0,"gold_loss":0.0,"damage_taken":0.0},{"damage_healed":0.0,"max_hp_gain":0.0,"max_hp_loss":0.0,"gold_gain":0.0,"event_name":"Living Wall","player_choice":"Grow","floor":10.0,"gold_loss":0.0,"damage_taken":0.0,"cards_upgraded":["Crippling Poison"]},{"cards_removed":["Strike_G"],"damage_healed":0.0,"max_hp_gain":0.0,"max_hp_loss":0.0,"gold_gain":0.0,"event_name":"Purifier","player_choice":"Purged","floor":13.0,"gold_loss":0.0,"damage_taken":0.0},{"damage_healed":0.0,"max_hp_gain":0.0,"max_hp_loss":0.0,"gold_gain":0.0,"event_name":"Masked Bandits","player_choice":"Fought Bandits","floor":19.0,"gold_loss":0.0,"damage_taken":0.0},{"damage_healed":0.0,"max_hp_gain":0.0,"max_hp_loss":0.0,"gold_gain":99.0,"event_name":"Nest","player_choice":"Stole From Cult","floor":20.0,"gold_loss":0.0,"damage_taken":0.0},{"cards_removed":["Strike_G"],"damage_healed":0.0,"max_hp_gain":0.0,"max_hp_loss":0.0,"gold_gain":0.0,"event_name":"Back to Basics","player_choice":"Elegance","floor":21.0,"gold_loss":0.0,"damage_taken":0.0},{"damage_healed":0.0,"max_hp_gain":0.0,"max_hp_loss":0.0,"gold_gain":0.0,"event_name":"Ghosts","player_choice":"Ignored","floor":27.0,"gold_loss":0.0,"damage_taken":0.0},{"damage_healed":0.0,"max_hp_gain":0.0,"max_hp_loss":0.0,"gold_gain":0.0,"event_name":"Colosseum","player_choice":"Fight","floor":29.0,"gold_loss":0.0,"damage_taken":0.0},{"damage_healed":0.0,"max_hp_gain":0.0,"max_hp_loss":0.0,"gold_gain":0.0,"event_name":"Colosseum","player_choice":"Fought Nobs","floor":29.0,"gold_loss":0.0,"damage_taken":0.0},{"damage_healed":0.0,"max_hp_gain":0.0,"max_hp_loss":0.0,"gold_gain":0.0,"event_name":"Match and Keep!","player_choice":"1 cards matched","floor":36.0,"gold_loss":0.0,"damage_taken":0.0,"cards_obtained":["Adrenaline"]},{"damage_healed":0.0,"max_hp_gain":0.0,"max_hp_loss":0.0,"gold_gain":0.0,"event_name":"Tomb of Lord Red Mask","player_choice":"Ignored","floor":38.0,"gold_loss":0.0,"damage_taken":0.0},{"damage_healed":0.0,"max_hp_gain":0.0,"max_hp_loss":3.0,"gold_gain":0.0,"event_name":"Winding Halls","player_choice":"Max HP","floor":39.0,"gold_loss":0.0,"damage_taken":0.0}],"is_beta":false,"boss_relics":[{"not_picked":["Black Star","Fusion Hammer"],"picked":"HoveringKite"},{"not_picked":["WristBlade","Philosopher\u0027s Stone"],"picked":"Coffee Dripper"}],"items_purged_floors":[12,22,37],"is_endless":false,"potions_floor_spawned":[5,8,14,16,18,24,30,33,42],"killed_by":"4 Shapes","ascension_level":14}}