{"host":"qsusua7l529r8z9k","time":1611725892,"event":{"mods":["BaseMod","Minty Spire (QoL Compilation)","StSLib"],"gold_per_floor":[117,267,17,37,37,37,67,85,85,152,152,152,127,142,142,221,221,241,252,302,277,87,87,87],"floor_reached":23,"language":"ZHS","playtime":682,"items_purged":["Doubt","Compile Driver"],"score":334,"play_id":"96153f56-1bb9-4194-b9cd-7a3c6eb83de8","local_time":"20210127133812","is_ascension_mode":true,"campfire_choices":[{"data":"Apotheosis","floor":6.0,"key":"SMITH"},{"floor":11.0,"key":"REST"},{"floor":15.0,"key":"REST"}],"circlet_count":0,"master_deck":["AscendersBane","Zap","Dualcast","Coolheaded","Apotheosis+1","Hello World","Defragment","Hologram","Self Repair","Seek","Thunder Strike","Leap","Beam Cell","Turbo","Tempest","Self Repair","Echo Form"],"relics":["Cracked Core","Emotion Chip","SsserpentHead","White Beast Statue","Akabeko","Pandora\u0027s Box"],"acts_visited":["Exordium","TheCity"],"potions_floor_usage":[],"damage_taken":[{"damage":2.0,"enemies":"2 Louse","floor":1.0,"turns":2.0},{"damage":4.0,"enemies":"Jaw Worm","floor":4.0,"turns":3.0},{"damage":30.0,"enemies":"Gremlin Nob","floor":7.0,"turns":4.0},{"damage":0.0,"enemies":"Cultist","floor":8.0,"turns":3.0},{"damage":4.0,"enemies":"2 Fungi Beasts","floor":10.0,"turns":3.0},{"damage":0.0,"enemies":"3 Louse","floor":12.0,"turns":1.0},{"damage":18.0,"enemies":"Exordium Wildlife","floor":14.0,"turns":4.0},{"damage":8.0,"enemies":"Hexaghost","floor":16.0,"turns":12.0},{"damage":14.0,"enemies":"3 Byrds","floor":18.0,"turns":3.0},{"damage":33.0,"enemies":"Shell Parasite","floor":19.0,"turns":4.0},{"damage":38,"enemies":"Book of Stabbing","floor":23,"turns":3}],"seed_played":"897871769805308246","potions_obtained":[{"floor":8.0,"key":"SmokeBomb"},{"floor":10.0,"key":"PotionOfCapacity"},{"floor":14.0,"key":"FearPotion"},{"floor":19.0,"key":"Fruit Juice"}],"is_trial":false,"path_per_floor":["M","?","$","M","?","R","E","M","T","M","R","M","?","M","R","B",null,"M","M","?","?","$","E"],"character_chosen":"DEFECT","items_purchased":["Apotheosis","Echo Form"],"campfire_rested":2,"item_purchase_floors":[3,22],"current_hp_per_floor":[44,44,44,40,40,40,10,10,10,6,27,27,27,9,30,32,61,54,36,36,36,36,0,0],"gold":87,"neow_bonus":"ONE_RARE_RELIC","is_daily":false,"chose_seed":false,"campfire_upgraded":1,"win_rate":0.0,"timestamp":1611725892,"path_taken":["M","?","$","M","?","R","E","M","T","?","R","M","?","M","R","BOSS","M","M","?","?","?","E"],"items_purchased_type":["Card","Card"],"build_version":"2020-12-22","purchased_purges":2,"victory":false,"max_hp_per_floor":[71,71,71,71,71,71,71,71,71,71,71,71,71,71,71,71,71,71,76,76,76,76,76,76],"card_choices":[{"not_picked":["Go for the Eyes","BootSequence"],"picked":"Coolheaded","floor":1.0},{"not_picked":["Leap","Barrage"],"picked":"Hello World","floor":4.0},{"not_picked":["Reinforced Body","White Noise"],"picked":"Defragment","floor":7.0},{"not_picked":["Rebound","Fusion","Aggregate"],"picked":"SKIP","floor":8.0},{"not_picked":["Gash","Beam Cell"],"picked":"Hologram","floor":10.0},{"not_picked":["Turbo","Lockon"],"picked":"Self Repair","floor":14.0},{"not_picked":["Reboot","Buffer"],"picked":"Seek","floor":16.0},{"not_picked":["Compile Driver","Redo","Steam"],"picked":"SKIP","floor":18.0},{"not_picked":["Hologram","Genetic Algorithm"],"picked":"Self Repair","floor":19.0}],"player_experience":496116,"relics_obtained":[{"floor":7.0,"key":"White Beast Statue"},{"floor":9.0,"key":"Akabeko"}],"event_choices":[{"damage_healed":0.0,"max_hp_gain":0.0,"max_hp_loss":0.0,"gold_gain":150.0,"event_name":"Liars Game","player_choice":"AGREE","floor":2.0,"gold_loss":0.0,"damage_taken":0.0,"cards_obtained":["Doubt"]},{"damage_healed":0.0,"max_hp_gain":0.0,"max_hp_loss":0.0,"gold_gain":0.0,"event_name":"FaceTrader","player_choice":"Trade","floor":5.0,"gold_loss":0.0,"damage_taken":0.0,"relics_obtained":["SsserpentHead"]},{"cards_removed":["Strike_B"],"damage_healed":0.0,"max_hp_gain":0.0,"max_hp_loss":0.0,"gold_gain":0.0,"event_name":"The Cleric","player_choice":"Card Removal","floor":13.0,"gold_loss":75.0,"damage_taken":0.0},{"damage_healed":0.0,"max_hp_gain":0.0,"max_hp_loss":0.0,"gold_gain":0.0,"event_name":"Ghosts","player_choice":"Ignored","floor":20.0,"gold_loss":0.0,"damage_taken":0.0},{"cards_removed":["Doom and Gloom"],"damage_healed":0.0,"max_hp_gain":0.0,"max_hp_loss":0.0,"gold_gain":0.0,"event_name":"Beggar","player_choice":"Gave Gold","floor":21.0,"gold_loss":75.0,"damage_taken":0.0}],"is_beta":false,"boss_relics":[{"not_picked":["Coffee Dripper","Astrolabe"],"picked":"Pandora\u0027s Box"}],"items_purged_floors":[3,22],"is_endless":false,"potions_floor_spawned":[8,10,12,14,16,18,19],"killed_by":"Book of Stabbing","ascension_level":15}}