{"host":"nyir1v7xajwugdek","time":1611770254,"event":{"mods":["BaseMod","Colored Powertips","Downfall","Minty Spire (QoL Compilation)","StSLib"],"gold_per_floor":[99,99,99,274,274,174,174,174,191,225,525,425,425,425,425],"floor_reached":13,"language":"ENG","playtime":576,"items_purged":[],"score":89,"play_id":"9aa998ce-5d1c-44a1-8e06-8b5add970abe","local_time":"20210127185734","is_ascension_mode":true,"campfire_choices":[{"floor":1,"key":"RECALL"},{"data":"hexamod:Float","floor":6,"key":"SMITH"},{"data":"hexamod:HeatMetal","floor":8,"key":"SMITH"},{"data":"hexamod:SpectersWail","floor":12,"key":"SMITH"}],"circlet_count":0,"master_deck":["hexamod:Strike","hexamod:Strike","hexamod:Strike","hexamod:Strike","hexamod:Defend","hexamod:Defend","hexamod:Defend","hexamod:Defend","hexamod:Sear","hexamod:Float+1","hexamod:GhostShield","hexamod:HeatMetal+1","Doubt","hexamod:GhostOfSpirePresent","hexamod:SpectersWail+1"],"relics":["hexamod:SpiritBrand","downfall:HeartsMalice","downfall:HeartBlessingRed","Thread and Needle","Oddly Smooth Stone","Old Coin","downfall:HeartBlessingGreen"],"acts_visited":["Exordium"],"potions_floor_usage":[10],"damage_taken":[{"damage":0,"enemies":"2 Louse","floor":2,"turns":1},{"damage":0,"enemies":"Jaw Worm","floor":3,"turns":1},{"damage":0,"enemies":"Cultist","floor":5,"turns":1},{"damage":0,"enemies":"3 Louse","floor":9,"turns":4},{"damage":38,"enemies":"3 Sentries","floor":10,"turns":12},{"damage":36,"enemies":"Gremlin Nob","floor":13,"turns":5}],"seed_played":"-7092997222250020050","potions_obtained":[{"floor":9,"key":"champ:CounterPotion"}],"is_trial":false,"path_per_floor":["R","M","M","?","M","R","T","R","M","E","?","R","E"],"character_chosen":"THE_SPIRIT","items_purchased":[],"campfire_rested":0,"item_purchase_floors":[],"current_hp_per_floor":[70,70,70,70,70,70,70,70,70,32,25,25,0,0,0],"gold":425,"neow_bonus":"THREE_ENEMY_KILL","is_daily":false,"chose_seed":false,"campfire_upgraded":3,"win_rate":0.0,"timestamp":1611770254,"path_taken":["R","M","M","?","M","R","T","R","M","E","?","R","E"],"items_purchased_type":[],"build_version":"2020-12-22","purchased_purges":0,"victory":false,"max_hp_per_floor":[70,70,70,70,70,70,70,70,70,70,70,70,70,70,70],"card_choices":[{"not_picked":["hexamod:BurningTouch","hexamod:ThermalTransfer"],"picked":"hexamod:GhostShield","floor":2},{"not_picked":["hexamod:FlamesFromBeyond","hexamod:BacktrackSmack"],"picked":"hexamod:HeatMetal","floor":3},{"not_picked":["hexamod:SecondSeal","hexamod:ShieldOfDarkness","hexamod:SpectralSpark"],"picked":"SKIP","floor":5},{"not_picked":["hexamod:GhostShield","hexamod:BurningTouch"],"picked":"hexamod:GhostOfSpirePresent","floor":9},{"not_picked":["hexamod:Hexaguard","hexamod:Firestarter"],"picked":"hexamod:SpectersWail","floor":10}],"player_experience":664519,"relics_obtained":[{"floor":7,"key":"Thread and Needle"},{"floor":10,"key":"Oddly Smooth Stone"}],"event_choices":[{"damage_healed":0,"gold_gain":0,"player_choice":"Success","damage_taken":7,"relics_obtained":["Old Coin"],"max_hp_gain":0,"max_hp_loss":0,"event_name":"Scrap Ooze","floor":11,"gold_loss":0}],"is_beta":false,"boss_relics":[],"items_purged_floors":[],"is_endless":false,"potions_floor_spawned":[9],"killed_by":"Gremlin Nob","ascension_level":3}}