{"host":"htz0vj76zckzolyr","time":1611730707,"event":{"mods":["Act Like it!","Arknights The Spire","BaseMod","CapriCore","Colored Map","Colored Powertips","Downfall","Friendly Minions","Gensokyo","KinomotoSakuraMod(Ä¾Ö®±¾Ó£)","Lobotomy","LobotomyExtend","Marisa£¨ìFÓê¡¡Ä§ÀíÉ³£©","Minty Spire (QoL Compilation)","Quick Restart","Relic Stats","Shop Mod","StSLib","The Administrix","The Animator"],"gold_per_floor":[112,112,192,207,224,224,241,241,264,283,312,332,81,93,93,498,498,518,828,708,330,230,230,243,243,243,243,268,285,535,554,554,659,659,678,694,713,333,333,333,347,347,372,392,106,134,149,178,178,178,178,178,178,31,65,65],"floor_reached":57,"language":"ZHS","playtime":7350,"items_purged":["AdministrixMod:Defend_Administrix","AdministrixMod:Strike_Administrix","AdministrixMod:Defend_Administrix+1"],"score":1595,"play_id":"d5221a4a-402b-4131-b6b1-5684b73914b7","local_time":"20210127145827","is_ascension_mode":true,"campfire_choices":[{"data":"AdministrixMod:FeastOfDew","floor":6.0,"key":"SMITH"},{"data":"AdministrixMod:SyncreticSurge","floor":8.0,"key":"SMITH"},{"floor":15.0,"key":"RECALL"},{"data":"AdministrixMod:LuminaryPath","floor":23.0,"key":"SMITH"},{"data":"AdministrixMod:CastOffRegrets","floor":27.0,"key":"SMITH"},{"data":"AdministrixMod:BlueCloak","floor":32.0,"key":"SMITH"},{"data":"AdministrixMod:RedCloak","floor":40.0,"key":"SMITH"},{"data":"AdministrixMod:CenturiesAscent","floor":42.0,"key":"SMITH"}],"circlet_count":0,"master_deck":["AdministrixMod:RedCloak+1","AdministrixMod:BlueCloak+1","AdministrixMod:CenturiesAscent+1","AdministrixMod:SyncreticSurge+1","AdministrixMod:FeastOfDew+1","AdministrixMod:CenturiesAscent+1","AdministrixMod:LuminaryPath+1","AdministrixMod:CastOffRegrets+1","Gensokyo:SummonFieryMouse","AdministrixMod:LuminaryPath+1","AdministrixMod:LightOfYourLife+1"],"relics":["AdministrixMod:ConductorRitualBaton","LetterFromLob","War Paint","Bag of Preparation","MealTicket","Coffee Dripper","HornCleat","Old Coin","Gensokyo:MaskOfHope","ClockworkSouvenir","Potion Belt","Gensokyo:Companionship","Pen Nib","AdministrixMod:AbandonedRose","SacredBark","Letter Opener","Orichalcum","AdministrixMod:DragonsEyeCharm","Blood Vial","Oddly Smooth Stone","Centennial Puzzle","Mango","Lantern","AdministrixMod:PrescriptionBottle"],"acts_visited":["Gensokyo:Gensokyo","Gensokyo:Gensokyoer","Gensokyo:Gensokyoest","TheEnding"],"potions_floor_usage":[56,56],"damage_taken":[{"damage":0.0,"enemies":"Gensokyo:3_Fairies","floor":1.0,"turns":4.0},{"damage":0.0,"enemies":"Gensokyo:Python","floor":4.0,"turns":2.0},{"damage":0.0,"enemies":"Gensokyo:Gryphon","floor":5.0,"turns":3.0},{"damage":0.0,"enemies":"Gensokyo:LivingMonolith","floor":7.0,"turns":2.0},{"damage":0.0,"enemies":"Gensokyo:Python_and_Kodama","floor":10.0,"turns":2.0},{"damage":0.0,"enemies":"Gensokyo:Mamizou","floor":11.0,"turns":3.0},{"damage":0.0,"enemies":"Gensokyo:2_Rabbits","floor":12.0,"turns":1.0},{"damage":16.0,"enemies":"Gensokyo:LivingMonolith","floor":14.0,"turns":4.0},{"damage":0.0,"enemies":"Gensokyo:Reimu","floor":16.0,"turns":8.0},{"damage":0.0,"enemies":"Gensokyo:2_Gloops","floor":18.0,"turns":3.0},{"damage":2.0,"enemies":"Gensokyo:CosmicMonolith","floor":19.0,"turns":2.0},{"damage":0.0,"enemies":"Gensokyo:Slime_Group","floor":24.0,"turns":2.0},{"damage":0.0,"enemies":"Gensokyo:Reisen","floor":28.0,"turns":2.0},{"damage":0.0,"enemies":"Gensokyo:Wraith","floor":29.0,"turns":2.0},{"damage":0.0,"enemies":"Gensokyo:Mirror_and_Dog","floor":31.0,"turns":1.0},{"damage":0.0,"enemies":"Gensokyo:Kaguya","floor":33.0,"turns":2.0},{"damage":0.0,"enemies":"Gensokyo:AncientGuardian","floor":35.0,"turns":1.0},{"damage":0.0,"enemies":"Gensokyo:3_Boulders","floor":36.0,"turns":1.0},{"damage":0.0,"enemies":"Gensokyo:Dusk_and_Dawn","floor":37.0,"turns":1.0},{"damage":0.0,"enemies":"Gensokyo:AtlasGolem","floor":41.0,"turns":1.0},{"damage":0.0,"enemies":"Gensokyo:Rafflesia","floor":44.0,"turns":1.0},{"damage":0.0,"enemies":"Gensokyo:Doremy","floor":46.0,"turns":2.0},{"damage":0.0,"enemies":"Gensokyo:3_Boulders","floor":47.0,"turns":1.0},{"damage":0.0,"enemies":"Gensokyo:Marisa","floor":48.0,"turns":1.0},{"damage":0.0,"enemies":"Gensokyo:Shinki","floor":50.0,"turns":3.0},{"damage":0,"enemies":"Shield and Spear","floor":55,"turns":1},{"damage":0,"enemies":"The Heart","floor":56,"turns":4}],"seed_played":"7149159891215480709","potions_obtained":[{"floor":7.0,"key":"FearPotion"},{"floor":10.0,"key":"Fruit Juice"},{"floor":12.0,"key":"PowerPotion"},{"floor":14.0,"key":"DuplicationPotion"},{"floor":16.0,"key":"DuplicationPotion"},{"floor":24.0,"key":"LiquidBronze"},{"floor":31.0,"key":"Fire Potion"},{"floor":35.0,"key":"SkillPotion"},{"floor":44.0,"key":"Strength Potion"},{"floor":55,"key":"ColorlessPotion"}],"is_trial":false,"path_per_floor":["M","?","?","M","M","R","M","R","T","M","E","M","COS","M","R","B",null,"M","M","?","$","$","R","M","?","T","R","E","M","?","M","R","B",null,"M","M","M","$","?","R","M","R","T","M","COS","E","M","E","R","B",null,"R","??","$","E","B",null],"character_chosen":"TheAdministrix","items_purchased":["ClockworkSouvenir","Potion Belt","Letter Opener","Lantern"],"campfire_rested":0,"item_purchase_floors":[21,21,38,54],"current_hp_per_floor":[47,21,21,21,21,21,21,21,21,26,26,26,26,10,10,10,70,70,68,68,70,70,70,70,65,65,65,65,65,62,62,62,62,62,62,62,62,62,62,62,62,62,62,62,62,62,62,62,62,76,76,76,76,76,76,76],"gold":65,"neow_bonus":"REMOVE_TWO","is_daily":false,"chose_seed":false,"campfire_upgraded":7,"win_rate":0.0,"timestamp":1611730707,"path_taken":["M","?","?","M","M","R","M","R","T","M","E","?","COS","M","R","BOSS","M","?","?","?","$","R","?","?","T","R","E","M","?","?","R","BOSS","M","M","M","$","?","R","M","R","T","M","COS","E","M","E","R","BOSS","R","??","$","E","BOSS"],"items_purchased_type":["Relic","Relic","Relic","Card"],"build_version":"2020-12-22","purchased_purges":3,"victory":true,"max_hp_per_floor":[65,65,65,65,65,65,65,65,65,70,70,70,70,70,70,70,70,70,70,70,70,70,70,70,65,65,65,65,65,62,62,62,62,62,62,62,62,62,62,62,62,62,62,62,62,62,62,62,62,76,76,76,76,76,76,76],"relic_stats":{"Blood Vial":0,"Centennial Puzzle":[0],"counters":[27,60],"MealTicket":2,"Pen Nib":[59],"Bag of Preparation":[42],"Letter Opener":[308],"War Paint":["AdministrixMod:Defend_Administrix","AdministrixMod:CenturiesAscent"],"Orichalcum":[0],"obtain_stats":[{"Gensokyo:MaskOfHope":20,"Potion Belt":21,"AdministrixMod:AbandonedRose":28,"Lantern":54,"SacredBark":34,"Oddly Smooth Stone":47,"Mango":50,"AdministrixMod:ConductorRitualBaton":0,"Pen Nib":25,"Bag of Preparation":11,"Letter Opener":38,"War Paint":9,"Orichalcum":43,"Old Coin":19,"ClockworkSouvenir":21,"Blood Vial":46,"Centennial Puzzle":48,"HornCleat":18,"Gensokyo:Companionship":24,"MealTicket":16,"LetterFromLob":1,"Coffee Dripper":17,"AdministrixMod:PrescriptionBottle":55,"AdministrixMod:DragonsEyeCharm":45},{"Gensokyo:MaskOfHope":11,"Potion Belt":11,"AdministrixMod:AbandonedRose":13,"Lantern":25,"SacredBark":16,"Oddly Smooth Stone":23,"Mango":25,"AdministrixMod:ConductorRitualBaton":0,"Pen Nib":12,"Bag of Preparation":6,"Letter Opener":19,"War Paint":4,"Orichalcum":20,"Old Coin":11,"ClockworkSouvenir":11,"Blood Vial":22,"Centennial Puzzle":24,"HornCleat":10,"Gensokyo:Companionship":12,"MealTicket":9,"LetterFromLob":1,"Coffee Dripper":9,"AdministrixMod:PrescriptionBottle":26,"AdministrixMod:DragonsEyeCharm":21},{"Gensokyo:MaskOfHope":34,"Potion Belt":34,"AdministrixMod:AbandonedRose":38,"Lantern":55,"SacredBark":43,"Oddly Smooth Stone":51,"Mango":53,"AdministrixMod:ConductorRitualBaton":0,"Pen Nib":36,"Bag of Preparation":16,"Letter Opener":46,"War Paint":11,"Orichalcum":47,"Old Coin":33,"ClockworkSouvenir":34,"Blood Vial":50,"Centennial Puzzle":52,"HornCleat":30,"Gensokyo:Companionship":35,"MealTicket":22,"LetterFromLob":4,"Coffee Dripper":29,"AdministrixMod:PrescriptionBottle":56,"AdministrixMod:DragonsEyeCharm":48}]},"card_choices":[{"not_picked":["AdministrixMod:ExtolVirtue","AdministrixMod:SipOfSparks"],"picked":"AdministrixMod:CenturiesAscent","floor":1.0},{"not_picked":["AdministrixMod:FuneraryRites","AdministrixMod:CrackingPangu"],"picked":"AdministrixMod:SyncreticSurge","floor":4.0},{"not_picked":["AdministrixMod:QuietConspiracy","AdministrixMod:MixOfMercury"],"picked":"AdministrixMod:FeastOfDew","floor":5.0},{"not_picked":["AdministrixMod:QuietConspiracy","AdministrixMod:RisingSunPrince","AdministrixMod:Wuji"],"picked":"SKIP","floor":7.0},{"not_picked":["AdministrixMod:FeastOfDew","AdministrixMod:JustRewards","AdministrixMod:UnstableVigor"],"picked":"SKIP","floor":10.0},{"not_picked":["AdministrixMod:HaveItAll","AdministrixMod:Convergence","AdministrixMod:XianArts"],"picked":"SKIP","floor":11.0},{"not_picked":["AdministrixMod:Transcension","AdministrixMod:XianArts"],"picked":"AdministrixMod:CenturiesAscent","floor":12.0},{"not_picked":["AdministrixMod:NoblePath","AdministrixMod:RegentEdict","AdministrixMod:SipOfSparks"],"picked":"SKIP","floor":14.0},{"not_picked":["AdministrixMod:NewbornDivinity","AdministrixMod:AmassedMasks"],"picked":"AdministrixMod:LuminaryPath","floor":16.0},{"not_picked":["AdministrixMod:CrackingPangu+1","AdministrixMod:FeastOfDew"],"picked":"AdministrixMod:CastOffRegrets","floor":18.0},{"not_picked":["AdministrixMod:ImmortalPurity","AdministrixMod:TrickOfTheLight+1","AdministrixMod:WickedPunishment+1"],"picked":"SKIP","floor":19.0},{"not_picked":["AdministrixMod:ArmillarySphere+1","AdministrixMod:FeastOfDew","AdministrixMod:SipOfSparks"],"picked":"SKIP","floor":24.0},{"not_picked":["AdministrixMod:ArmillarySphere+1","AdministrixMod:FeastOfDew","AdministrixMod:SipOfSparks"],"picked":"SKIP","floor":24.0},{"not_picked":["AdministrixMod:TouchOfCinnabar","AdministrixMod:RebukeDesires","AdministrixMod:QuietConspiracy"],"picked":"SKIP","floor":28.0},{"not_picked":["AdministrixMod:FuneraryRites","AdministrixMod:NoblePath","AdministrixMod:ImmortalPurity+1"],"picked":"SKIP","floor":29.0},{"not_picked":["AdministrixMod:ChooseYourEnd","AdministrixMod:TrickOfTheLight","AdministrixMod:DiversionaryTactic"],"picked":"SKIP","floor":31.0},{"not_picked":["AdministrixMod:HopeInTheDark","AdministrixMod:FearOfDeath"],"picked":"AdministrixMod:LuminaryPath","floor":33.0},{"not_picked":["AdministrixMod:PlateOfAntiquity","AdministrixMod:FuneraryRites+1"],"picked":"AdministrixMod:LightOfYourLife+1","floor":35.0},{"not_picked":["AdministrixMod:TouchOfCinnabar","AdministrixMod:DiversionaryTactic+1","AdministrixMod:ImmortalGrace+1"],"picked":"SKIP","floor":36.0},{"not_picked":["AdministrixMod:XianArts","AdministrixMod:Metempsychosis+1","AdministrixMod:DiversionaryTactic+1"],"picked":"SKIP","floor":37.0},{"not_picked":["AdministrixMod:FaithfulFlames","AdministrixMod:NewWardrobe+1","AdministrixMod:FuneraryRites+1"],"picked":"SKIP","floor":41.0},{"not_picked":["AdministrixMod:LightOfYourLife","AdministrixMod:JustRewards","AdministrixMod:MixOfMercury"],"picked":"SKIP","floor":44.0},{"not_picked":["AdministrixMod:Untouchable+1","AdministrixMod:DreamsMausoleum","AdministrixMod:Transition+1"],"picked":"SKIP","floor":46.0},{"not_picked":["AdministrixMod:FuneraryRites+1","AdministrixMod:ImmortalGrace+1","AdministrixMod:RegentEdict+1"],"picked":"SKIP","floor":47.0},{"not_picked":["AdministrixMod:SealAway","AdministrixMod:RebukeDesires","AdministrixMod:ImmortalGrace"],"picked":"SKIP","floor":48.0},{"not_picked":["AdministrixMod:TrickOfTheLight+1","AdministrixMod:RegentEdict","AdministrixMod:RebukeDesires+1"],"picked":"SKIP","floor":55}],"player_experience":661879,"relics_obtained":[{"floor":1.0,"key":"LetterFromLob"},{"floor":9.0,"key":"War Paint"},{"floor":11.0,"key":"Bag of Preparation"},{"floor":28.0,"key":"AdministrixMod:AbandonedRose"},{"floor":43.0,"key":"Orichalcum"},{"floor":46.0,"key":"Blood Vial"},{"floor":48.0,"key":"Centennial Puzzle"},{"floor":55,"key":"AdministrixMod:PrescriptionBottle"}],"event_choices":[],"is_beta":false,"boss_relics":[{"not_picked":["Philosopher\u0027s Stone","Fusion Hammer"],"picked":"Coffee Dripper"},{"not_picked":["Astrolabe","bronze:MakeshiftBattery"],"picked":"SacredBark"}],"items_purged_floors":[21,22,38],"is_endless":false,"potions_floor_spawned":[7,10,12,14,16,24,31,35,44,47,55],"ascension_level":1}}