{"host":"95ip98gf8c4vrv08","time":1611738849,"event":{"mods":["ATMod(??Mod)","BaseMod","Downfall","Minty Spire (QoL Compilation)","Quick Restart","Reimu??????","Relic Stats","Spicy Shops","StSLib","The Senshi","??????REMEMod","????"],"gold_per_floor":[99,118,118,134,194,194,194,194,205,228,241,274,274,290,300,300,300,300],"floor_reached":16,"language":"ZHS","playtime":738,"items_purged":[],"score":102,"play_id":"3bcccfac-cc73-41c6-a1e0-dbabc819550b","local_time":"20210127171409","is_ascension_mode":false,"campfire_choices":[{"data":"bronze:Goto","floor":1,"key":"SMITH"},{"floor":6,"key":"REST"},{"floor":13,"key":"REST"}],"circlet_count":0,"master_deck":["bronze:Strike","bronze:Strike","bronze:Strike","bronze:Strike","bronze:Defend","bronze:Defend","bronze:Defend","bronze:Defend","bronze:Replicate","bronze:Goto+1","bronze:OilSpill","Guardian:EvasiveProtocol","bronze:BronzeOrb","bronze:Return","bronze:Allocate","bronze:BuggyMess","bronze:DelayedSlice+1","bronze:Branch+1","bronze:DelayedGuard"],"relics":["bronze:BronzeCore","REME_ComplimentaryCards","AT_ATBox","AT_BellDemon","Ornamental Fan","Molten Egg 2","Happy Flower","Orichalcum","Nunchaku","Blood Vial","Art of War"],"acts_visited":["Exordium"],"potions_floor_usage":[12,12,16,16],"damage_taken":[{"damage":3,"enemies":"Cultist","floor":2,"turns":5},{"damage":20,"enemies":"Jaw Worm","floor":4,"turns":4},{"damage":37,"enemies":"Lagavulin Event","floor":5,"turns":5},{"damage":0,"enemies":"2 Louse","floor":9,"turns":3},{"damage":14,"enemies":"Exordium Thugs","floor":11,"turns":5},{"damage":11,"enemies":"Gremlin Nob","floor":12,"turns":3},{"damage":0,"enemies":"Exordium Wildlife","floor":14,"turns":2},{"damage":12,"enemies":"Lots of Slimes","floor":15,"turns":3},{"damage":57,"enemies":"DF_ARCHETYPE_STREAMLINE","floor":16,"turns":12}],"seed_played":"3997795984324331903","potions_obtained":[{"floor":2,"key":"Fire Potion"},{"floor":5,"key":"PowerPotion"},{"floor":12,"key":"bronze:BurnAndBuffPotion"},{"floor":15,"key":"bronze:CleanCodePotion"}],"is_trial":false,"path_per_floor":["R","M","T","M","?","R","T","?","M","T","M","E","R","M","M","B"],"character_chosen":"THE_AUTOMATON","items_purchased":[],"campfire_rested":2,"item_purchase_floors":[],"current_hp_per_floor":[77,74,74,54,17,40,40,40,40,40,28,19,42,44,34,0,0,0],"gold":300,"neow_bonus":"TEN_PERCENT_HP_BONUS","is_daily":false,"chose_seed":false,"campfire_upgraded":1,"win_rate":0.0,"timestamp":1611738849,"path_taken":["R","M","?","M","?","R","T","?","?","?","M","E","R","M","M","BOSS"],"items_purchased_type":[],"build_version":"2020-12-22","purchased_purges":0,"victory":false,"max_hp_per_floor":[77,77,77,77,77,77,77,77,77,77,77,77,77,77,77,77,77,77],"relic_stats":{"Blood Vial":10,"Nunchaku":[6],"Happy Flower":[9],"counters":[9,42],"Ornamental Fan":[72],"Art of War":[2],"Orichalcum":[12],"obtain_stats":[{"AT_BellDemon":3,"Blood Vial":10,"Nunchaku":8,"bronze:BronzeCore":0,"AT_ATBox":0,"Happy Flower":5,"Ornamental Fan":4,"Molten Egg 2":5,"Art of War":12,"Orichalcum":7,"REME_ComplimentaryCards":0},{"AT_BellDemon":1,"Blood Vial":4,"Nunchaku":3,"bronze:BronzeCore":0,"AT_ATBox":0,"Happy Flower":3,"Ornamental Fan":2,"Molten Egg 2":3,"Art of War":6,"Orichalcum":3,"REME_ComplimentaryCards":0},{"AT_BellDemon":5,"Blood Vial":17,"Nunchaku":14,"bronze:BronzeCore":0,"AT_ATBox":0,"Happy Flower":14,"Ornamental Fan":9,"Molten Egg 2":14,"Art of War":25,"Orichalcum":14,"REME_ComplimentaryCards":0}]},"card_choices":[{"not_picked":["bronze:BugBarrage","bronze:Safeguard"],"picked":"bronze:OilSpill","floor":2},{"not_picked":["bronze:Overheat","bronze:Invalidate"],"picked":"bronze:BronzeOrb","floor":4},{"not_picked":["bronze:DelayedGuard","bronze:Overheat+1"],"picked":"bronze:Return","floor":5},{"not_picked":["bronze:Frontload","bronze:ForceShield"],"picked":"bronze:Allocate","floor":9},{"not_picked":["bronze:BugBarrage+1","bronze:Deprecate"],"picked":"bronze:BuggyMess","floor":11},{"not_picked":["bronze:Assembly","bronze:Invalidate"],"picked":"bronze:DelayedSlice+1","floor":12},{"not_picked":["bronze:BitShift","bronze:WhirlingStrike+1"],"picked":"bronze:Branch+1","floor":14},{"not_picked":["bronze:DigitalCarnage+1","bronze:CloningBeam+1"],"picked":"bronze:DelayedGuard","floor":15}],"player_experience":208297,"relics_obtained":[{"floor":3,"key":"AT_BellDemon"},{"floor":4,"key":"Ornamental Fan"},{"floor":5,"key":"Molten Egg 2"},{"floor":5,"key":"Happy Flower"},{"floor":7,"key":"Orichalcum"},{"floor":8,"key":"Nunchaku"},{"floor":10,"key":"Blood Vial"},{"floor":12,"key":"Art of War"}],"event_choices":[{"damage_healed":0,"gold_gain":0,"player_choice":"Relic","damage_taken":0,"max_hp_gain":0,"max_hp_loss":0,"event_name":"Wheel of Change","floor":8,"gold_loss":0}],"is_beta":false,"boss_relics":[],"items_purged_floors":[],"is_endless":false,"potions_floor_spawned":[2,5,12,15],"killed_by":"DF_ARCHETYPE_STREAMLINE","ascension_level":0}}