{"host":"rb2p2z6v6vieend5","time":1611773961,"event":{"mods":["BaseMod","Block Reminder","Colored Map","DeckTracker","Highlight Path","Minty Spire (QoL Compilation)","Random Character Button","Relic Stats"],"gold_per_floor":[117,42,60,60,60,60,96,114,140,140,106,37,72,110,110,234,234,249,348,348,368,268,304,304,304,304,429,442,466,466,506,506,632,632,657,376,376,376,376,376,394,394,394,408,42,56,119,159,159,159],"floor_reached":51,"language":"ENG","playtime":3086,"items_purged":["Strike_G","Strike_G","Strike_G"],"score":1042,"play_id":"890b1a7f-e9f1-4533-a413-db3f0136338b","local_time":"20210127195921","is_ascension_mode":true,"campfire_choices":[{"data":"Neutralize","floor":6,"key":"SMITH"},{"data":"Noxious Fumes","floor":10,"key":"SMITH"},{"floor":15,"key":"REST"},{"floor":24,"key":"REST"},{"floor":30,"key":"REST"},{"floor":32,"key":"REST"},{"data":"Footwork","floor":40,"key":"SMITH"},{"floor":42,"key":"REST"},{"floor":49,"key":"REST"}],"circlet_count":0,"master_deck":["Defend_G","Defend_G","Defend_G","Defend_G","Survivor+1","Neutralize+1","Infinite Blades","Backflip","Noxious Fumes+1","Footwork+1","Deadly Poison+1","CurseOfTheBell","Dagger Spray+1","Noxious Fumes+1","Accuracy","Blade Dance","Leg Sweep","Cloak And Dagger+1","Malaise","Escape Plan+1","Pain","Writhe","Parasite","Footwork","Blade Dance+1","Leg Sweep+1","Escape Plan+1"],"relics":["Philosopher\u0027s Stone","Golden Idol","Nunchaku","Lantern","Bag of Preparation","Oddly Smooth Stone","Odd Mushroom","Calling Bell","Darkstone Periapt","Calipers","War Paint","Paper Crane","Shuriken","Lizard Tail","Bottled Lightning","Blue Candle","Cursed Key","Snake Skull","WarpedTongs","Whetstone","Torii","Girya","Dream Catcher"],"acts_visited":["Exordium","TheCity","TheBeyond"],"potions_floor_usage":[23,27,48,48],"damage_taken":[{"damage":2,"enemies":"Small Slimes","floor":1,"turns":6},{"damage":0,"enemies":"2 Louse","floor":3,"turns":3},{"damage":37,"enemies":"3 Sentries","floor":7,"turns":13},{"damage":0,"enemies":"Cultist","floor":8,"turns":4},{"damage":1,"enemies":"Lagavulin","floor":13,"turns":8},{"damage":18,"enemies":"The Mushroom Lair","floor":14,"turns":4},{"damage":19,"enemies":"The Guardian","floor":16,"turns":10},{"damage":0,"enemies":"Chosen","floor":18,"turns":5},{"damage":14,"enemies":"Spheric Guardian","floor":21,"turns":6},{"damage":33,"enemies":"Book of Stabbing","floor":23,"turns":6},{"damage":9,"enemies":"Colosseum Slavers","floor":27,"turns":6},{"damage":8,"enemies":"Colosseum Nobs","floor":27,"turns":5},{"damage":0,"enemies":"Centurion and Healer","floor":28,"turns":6},{"damage":8,"enemies":"Chosen and Byrds","floor":29,"turns":5},{"damage":6,"enemies":"Slavers","floor":31,"turns":6},{"damage":27,"enemies":"Champ","floor":33,"turns":9},{"damage":7,"enemies":"Orb Walker","floor":35,"turns":5},{"damage":17,"enemies":"3 Darklings","floor":41,"turns":5},{"damage":9,"enemies":"Writhing Mass","floor":44,"turns":8},{"damage":10,"enemies":"Transient","floor":46,"turns":5},{"damage":5,"enemies":"Mind Bloom Boss Battle","floor":47,"turns":7},{"damage":13,"enemies":"Reptomancer","floor":48,"turns":6},{"damage":28,"enemies":"Time Eater","floor":50,"turns":14}],"seed_played":"-3163485365325335563","potions_obtained":[{"floor":1,"key":"GhostInAJar"},{"floor":13,"key":"BlessingOfTheForge"},{"floor":14,"key":"Block Potion"},{"floor":16,"key":"BlessingOfTheForge"},{"floor":18,"key":"Fruit Juice"},{"floor":23,"key":"BlessingOfTheForge"},{"floor":28,"key":"GhostInAJar"},{"floor":31,"key":"CunningPotion"},{"floor":41,"key":"FairyPotion"},{"floor":48,"key":"CunningPotion"}],"is_trial":false,"path_per_floor":["M","$","M","?","?","R","E","M","T","R","?","$","E","?","R","B",null,"M","?","?","M","$","E","R","?","T","?","M","M","R","E","R","B",null,"M","$","?","?","?","R","M","R","T","M","$","M","?","E","R","B",null],"character_chosen":"THE_SILENT","items_purchased":["Footwork","Snake Skull","Torii","Footwork"],"campfire_rested":6,"item_purchase_floors":[12,36,45,45],"current_hp_per_floor":[61,61,61,61,61,61,24,24,24,24,24,24,23,5,24,5,50,50,50,50,36,36,3,22,22,22,10,10,2,23,17,38,11,55,48,48,48,48,54,54,37,59,65,62,62,52,47,34,60,32],"gold":159,"neow_bonus":"BOSS_RELIC","is_daily":false,"chose_seed":false,"campfire_upgraded":3,"win_rate":0.0,"timestamp":1611773961,"path_taken":["M","$","M","?","?","R","E","?","T","R","?","$","E","?","R","BOSS","M","?","?","?","$","E","R","?","T","?","M","M","R","E","R","BOSS","M","$","?","?","?","R","?","R","T","M","$","M","?","E","R","BOSS"],"items_purchased_type":["Card","Relic","Relic","Card"],"build_version":"2020-12-22","purchased_purges":3,"victory":true,"max_hp_per_floor":[70,70,70,65,65,65,65,65,65,65,65,65,65,65,65,65,65,65,65,65,65,65,65,65,65,65,70,70,70,70,70,70,70,70,70,70,70,70,76,76,76,76,82,88,88,88,88,88,88,88],"relic_stats":{"Darkstone Periapt":18,"Torii":3,"counters":[23,152],"Golden Idol":192,"Blue Candle":[19],"Snake Skull":[59],"Bag of Preparation":[38],"Whetstone":[],"War Paint":["Deadly Poison","Survivor"],"Cursed Key":1,"WarpedTongs":[44],"Nunchaku":[30],"Lizard Tail":0,"Dream Catcher":1,"Shuriken":[39],"obtain_stats":[{"Darkstone Periapt":17,"Girya":47,"Lantern":7,"Calipers":17,"Torii":45,"Golden Idol":4,"Blue Candle":31,"Oddly Smooth Stone":13,"Snake Skull":36,"Bag of Preparation":9,"Whetstone":43,"Odd Mushroom":14,"War Paint":17,"Paper Crane":23,"Cursed Key":34,"WarpedTongs":39,"Calling Bell":17,"Nunchaku":5,"Lizard Tail":27,"Dream Catcher":48,"Shuriken":26,"Philosopher\u0027s Stone":0,"Bottled Lightning":27,"Ring of the Snake":0},{"Darkstone Periapt":7,"Girya":21,"Lantern":3,"Calipers":7,"Torii":19,"Golden Idol":2,"Blue Candle":15,"Oddly Smooth Stone":5,"Snake Skull":17,"Bag of Preparation":4,"Whetstone":18,"Odd Mushroom":6,"War Paint":7,"Paper Crane":10,"Cursed Key":16,"WarpedTongs":17,"Calling Bell":7,"Nunchaku":2,"Lizard Tail":12,"Dream Catcher":22,"Shuriken":10,"Philosopher\u0027s Stone":0,"Bottled Lightning":12,"Ring of the Snake":0},{"Darkstone Periapt":48,"Girya":132,"Lantern":22,"Calipers":48,"Torii":120,"Golden Idol":9,"Blue Candle":93,"Oddly Smooth Stone":34,"Snake Skull":107,"Bag of Preparation":26,"Whetstone":112,"Odd Mushroom":38,"War Paint":48,"Paper Crane":65,"Cursed Key":102,"WarpedTongs":107,"Calling Bell":48,"Nunchaku":9,"Lizard Tail":76,"Dream Catcher":138,"Shuriken":65,"Philosopher\u0027s Stone":0,"Bottled Lightning":76,"Ring of the Snake":0}]},"card_choices":[{"not_picked":["Sucker Punch","Deflect"],"picked":"Infinite Blades","floor":1},{"not_picked":["PiercingWail","Deflect"],"picked":"Backflip","floor":3},{"not_picked":["Dodge and Roll","Deflect"],"picked":"Noxious Fumes","floor":7},{"not_picked":["Dagger Throw","Unload","Riddle With Holes"],"picked":"SKIP","floor":8},{"not_picked":["Quick Slash","Dagger Throw"],"picked":"Deadly Poison","floor":13},{"not_picked":["Dash","Concentrate"],"picked":"Dagger Spray+1","floor":18},{"not_picked":["Caltrops","Blade Dance+1","Deflect"],"picked":"SKIP","floor":21},{"not_picked":["Masterful Stab","Backflip"],"picked":"Accuracy","floor":23},{"not_picked":["Blur","Riddle With Holes+1"],"picked":"Cloak And Dagger+1","floor":28},{"not_picked":["Calculated Gamble","Dodge and Roll","Backflip"],"picked":"SKIP","floor":29},{"not_picked":["Deflect","Eviscerate","Riddle With Holes+1"],"picked":"SKIP","floor":31},{"not_picked":["Doppelganger","Phantasmal Killer"],"picked":"Malaise","floor":33},{"not_picked":["Dagger Spray+1","Prepared+1"],"picked":"Escape Plan+1","floor":35},{"not_picked":["Deadly Poison","Endless Agony+1","Bullet Time"],"picked":"SKIP","floor":41},{"not_picked":["Deadly Poison+1","PiercingWail+1","Tactician+1"],"picked":"SKIP","floor":44},{"not_picked":["Dash+1","Dagger Throw"],"picked":"Blade Dance+1","floor":46},{"not_picked":["Flechettes","Concentrate+1"],"picked":"Leg Sweep+1","floor":48},{"not_picked":["Flechettes","Finisher+1"],"picked":"Escape Plan+1","floor":49}],"player_experience":629063,"relics_obtained":[{"floor":7,"key":"Lantern"},{"floor":9,"key":"Bag of Preparation"},{"floor":13,"key":"Oddly Smooth Stone"},{"floor":14,"key":"Odd Mushroom"},{"floor":17,"key":"Darkstone Periapt"},{"floor":17,"key":"Calipers"},{"floor":17,"key":"War Paint"},{"floor":23,"key":"Paper Crane"},{"floor":26,"key":"Shuriken"},{"floor":27,"key":"Lizard Tail"},{"floor":27,"key":"Bottled Lightning"},{"floor":31,"key":"Blue Candle"},{"floor":43,"key":"Whetstone"},{"floor":47,"key":"Girya"},{"floor":48,"key":"Dream Catcher"}],"event_choices":[{"damage_healed":0,"gold_gain":0,"player_choice":"Lose Max HP","damage_taken":0,"relics_obtained":["Golden Idol"],"max_hp_gain":0,"max_hp_loss":5,"event_name":"Golden Idol","floor":4,"gold_loss":0},{"damage_healed":0,"gold_gain":0,"player_choice":"Gave Potion","damage_taken":0,"relics_obtained":["Nunchaku"],"max_hp_gain":0,"max_hp_loss":0,"event_name":"WeMeetAgain","floor":5,"gold_loss":0},{"damage_healed":0,"gold_gain":0,"player_choice":"Left Gold","damage_taken":0,"max_hp_gain":0,"max_hp_loss":0,"event_name":"World of Goop","floor":11,"gold_loss":34},{"damage_healed":0,"gold_gain":0,"player_choice":"Fought Mushrooms","damage_taken":0,"max_hp_gain":0,"max_hp_loss":0,"event_name":"Mushrooms","floor":14,"gold_loss":0},{"damage_healed":0,"gold_gain":99,"player_choice":"Stole From Cult","damage_taken":0,"max_hp_gain":0,"max_hp_loss":0,"event_name":"Nest","floor":19,"gold_loss":0},{"damage_healed":0,"gold_gain":0,"player_choice":"Copied","damage_taken":0,"max_hp_gain":0,"max_hp_loss":0,"event_name":"Duplicator","floor":20,"gold_loss":0,"cards_obtained":["Noxious Fumes"]},{"damage_healed":0,"gold_gain":0,"cards_transformed":["Strike_G","Strike_G"],"player_choice":"Became Test Subject","damage_taken":0,"max_hp_gain":0,"max_hp_loss":0,"event_name":"Drug Dealer","floor":25,"gold_loss":0,"cards_obtained":["Blade Dance","Leg Sweep"]},{"damage_healed":0,"gold_gain":0,"player_choice":"Fight","damage_taken":0,"max_hp_gain":0,"max_hp_loss":0,"event_name":"Colosseum","floor":27,"gold_loss":0},{"damage_healed":0,"gold_gain":0,"player_choice":"Fought Nobs","damage_taken":0,"max_hp_gain":0,"max_hp_loss":0,"event_name":"Colosseum","floor":27,"gold_loss":0},{"damage_healed":0,"gold_gain":0,"player_choice":"Ignored","damage_taken":0,"max_hp_gain":0,"max_hp_loss":0,"event_name":"Tomb of Lord Red Mask","floor":37,"gold_loss":0},{"cards_removed":["Defend_G"],"damage_healed":0,"gold_gain":0,"player_choice":"Removed Skill","damage_taken":0,"max_hp_gain":0,"max_hp_loss":0,"event_name":"Falling","floor":38,"gold_loss":0},{"damage_healed":0,"gold_gain":0,"player_choice":"Rummage","damage_taken":0,"relics_obtained":["WarpedTongs"],"max_hp_gain":0,"max_hp_loss":0,"event_name":"Accursed Blacksmith","floor":39,"gold_loss":0,"cards_obtained":["Pain"]},{"damage_healed":0,"gold_gain":0,"player_choice":"Fight","damage_taken":0,"max_hp_gain":0,"max_hp_loss":0,"event_name":"MindBloom","floor":47,"gold_loss":0}],"is_beta":false,"boss_relics":[{"not_picked":["HoveringKite","Fusion Hammer"],"picked":"Calling Bell"},{"not_picked":["Coffee Dripper","Tiny House"],"picked":"Cursed Key"}],"items_purged_floors":[2,22,36],"is_endless":false,"potions_floor_spawned":[1,13,14,16,18,23,27,28,31,41,46,47,48],"ascension_level":9}}