{"host":"qxt9611uhnemh1bn","time":1611791193,"event":{"mods":["AchievementEnabler","BaseMod","Minty Spire (QoL Compilation)","StSLib"],"gold_per_floor":[111,36,36,53,15,15,43,43,43,75,86,98,113,131,131,229,229,245,257,84,103,103,136,151,169,169,182,282,12,45,45,45,45,45],"floor_reached":33,"language":"ENG","playtime":1457,"items_purged":["Strike_G","Strike_G","Strike_G"],"score":324,"play_id":"f1c9b1ad-7d49-42a9-aff0-543741ff71b3","local_time":"20210127174633","is_ascension_mode":false,"campfire_choices":[{"data":"Cloak And Dagger","floor":6.0,"key":"SMITH"},{"data":"Footwork","floor":8.0,"key":"SMITH"},{"floor":15.0,"key":"REST"},{"data":"Choke","floor":32.0,"key":"SMITH"}],"circlet_count":0,"master_deck":["Strike_G","Strike_G","Defend_G","Defend_G","Defend_G","Defend_G","Survivor","Neutralize","Cloak And Dagger+1","Calculated Gamble","Footwork+1","Dodge and Roll","Dagger Throw","PiercingWail","Dagger Throw","Blade Dance","Choke+1","Envenom","Deflect","Infinite Blades","Finisher+1","Injury","Reflex"],"relics":["Ring of the Snake","NeowsBlessing","Ninja Scroll","Unceasing Top","Meat on the Bone","Cursed Key","Thread and Needle","Eternal Feather","Du-Vu Doll","Matryoshka","Orrery","Gremlin Horn"],"acts_visited":["Exordium","TheCity"],"potions_floor_usage":[],"damage_taken":[{"damage":0.0,"enemies":"Cultist","floor":1.0,"turns":1.0},{"damage":0.0,"enemies":"Jaw Worm","floor":4.0,"turns":1.0},{"damage":0.0,"enemies":"Lagavulin","floor":7.0,"turns":1.0},{"damage":14.0,"enemies":"Gremlin Nob","floor":10.0,"turns":6.0},{"damage":0.0,"enemies":"2 Louse","floor":11.0,"turns":2.0},{"damage":0.0,"enemies":"2 Fungi Beasts","floor":12.0,"turns":4.0},{"damage":10.0,"enemies":"Lots of Slimes","floor":13.0,"turns":6.0},{"damage":3.0,"enemies":"Exordium Wildlife","floor":14.0,"turns":4.0},{"damage":24.0,"enemies":"Hexaghost","floor":16.0,"turns":12.0},{"damage":0.0,"enemies":"Chosen","floor":18.0,"turns":4.0},{"damage":4.0,"enemies":"3 Byrds","floor":19.0,"turns":5.0},{"damage":5.0,"enemies":"Cultist and Chosen","floor":21.0,"turns":6.0},{"damage":9.0,"enemies":"Slavers","floor":23.0,"turns":8.0},{"damage":2.0,"enemies":"Shelled Parasite and Fungi","floor":24.0,"turns":4.0},{"damage":7.0,"enemies":"Snecko","floor":25.0,"turns":4.0},{"damage":0.0,"enemies":"Snake Plant","floor":27.0,"turns":2.0},{"damage":3.0,"enemies":"Colosseum Slavers","floor":28.0,"turns":4.0},{"damage":3.0,"enemies":"Colosseum Nobs","floor":28.0,"turns":5.0},{"damage":8.0,"enemies":"Book of Stabbing","floor":30.0,"turns":4.0},{"damage":53,"enemies":"Champ","floor":33,"turns":10}],"seed_played":"-1091476308953432462","potions_obtained":[{"floor":11.0,"key":"Energy Potion"},{"floor":12.0,"key":"Regen Potion"},{"floor":19.0,"key":"DistilledChaos"},{"floor":21.0,"key":"DistilledChaos"},{"floor":24.0,"key":"DistilledChaos"},{"floor":30.0,"key":"Poison Potion"}],"is_trial":false,"path_per_floor":["M","$","?","M","$","R","E","R","T","E","M","M","M","M","R","B",null,"M","M","$","M","?","E","M","M","T","M","?","$","E","?","R","B"],"character_chosen":"THE_SILENT","items_purchased":["Footwork","Infinite Blades","Orrery"],"campfire_rested":1,"item_purchase_floors":[5,20,29],"current_hp_per_floor":[70,70,70,70,70,70,70,70,70,56,56,56,46,43,64,40,70,70,66,66,61,55,61,59,52,52,52,46,46,38,38,50,0,0],"gold":45,"neow_bonus":"THREE_ENEMY_KILL","is_daily":false,"chose_seed":false,"campfire_upgraded":3,"win_rate":0.0,"timestamp":1611791193,"path_taken":["M","$","?","M","$","R","E","R","T","E","?","M","M","M","R","BOSS","M","M","$","M","?","E","?","M","T","M","?","$","E","?","R","BOSS"],"items_purchased_type":["Card","Card","Relic"],"build_version":"2020-12-22","purchased_purges":3,"victory":false,"max_hp_per_floor":[70,70,70,70,70,70,70,70,70,70,70,70,70,70,70,70,70,70,70,70,70,70,70,70,70,70,70,70,70,70,70,70,70,70],"card_choices":[{"not_picked":["Outmaneuver","Backflip"],"picked":"Cloak And Dagger","floor":1.0},{"not_picked":["Dagger Spray","Outmaneuver"],"picked":"Calculated Gamble","floor":4.0},{"not_picked":["Setup","Quick Slash"],"picked":"Dodge and Roll","floor":7.0},{"not_picked":["Bullet Time","Doppelganger"],"picked":"Dagger Throw","floor":10.0},{"not_picked":["Dodge and Roll","Dagger Spray"],"picked":"PiercingWail","floor":11.0},{"not_picked":["Slice","Underhanded Strike"],"picked":"Dagger Throw","floor":12.0},{"not_picked":["Outmaneuver","Underhanded Strike"],"picked":"Blade Dance","floor":13.0},{"not_picked":["Outmaneuver","Backstab"],"picked":"Choke","floor":14.0},{"not_picked":["Tools of the Trade","Unload"],"picked":"Envenom","floor":16.0},{"not_picked":["Leg Sweep","Dagger Spray"],"picked":"Deflect","floor":18.0},{"not_picked":["All Out Attack","Leg Sweep","Slice"],"picked":"SKIP","floor":19.0},{"not_picked":["Cloak And Dagger","All Out Attack"],"picked":"Finisher+1","floor":21.0},{"not_picked":["Quick Slash+1","Bouncing Flask+1","Poisoned Stab"],"picked":"SKIP","floor":23.0},{"not_picked":["Poisoned Stab+1","Bane","Acrobatics+1"],"picked":"SKIP","floor":24.0},{"not_picked":["Sucker Punch","Venomology","Endless Agony"],"picked":"SKIP","floor":25.0},{"not_picked":["All Out Attack","Slice+1","Cloak And Dagger"],"picked":"SKIP","floor":27.0},{"not_picked":["Dash","Bouncing Flask"],"picked":"Reflex","floor":29.0},{"not_picked":["Bane+1","Grand Finale","Deadly Poison+1"],"picked":"SKIP","floor":30.0}],"player_experience":224984,"relics_obtained":[{"floor":7.0,"key":"Ninja Scroll"},{"floor":9.0,"key":"Unceasing Top"},{"floor":10.0,"key":"Meat on the Bone"},{"floor":23.0,"key":"Thread and Needle"},{"floor":26.0,"key":"Eternal Feather"},{"floor":28.0,"key":"Du-Vu Doll"},{"floor":28.0,"key":"Matryoshka"},{"floor":30.0,"key":"Gremlin Horn"}],"event_choices":[{"cards_removed":["Defend_G"],"damage_healed":0.0,"max_hp_gain":0.0,"max_hp_loss":0.0,"gold_gain":0.0,"event_name":"Purifier","player_choice":"Purged","floor":3.0,"gold_loss":0.0,"damage_taken":0.0},{"damage_healed":0.0,"max_hp_gain":0.0,"max_hp_loss":0.0,"gold_gain":0.0,"event_name":"Knowing Skull","player_choice":"","floor":22.0,"potions_obtained":[],"gold_loss":0.0,"damage_taken":6.0,"cards_obtained":[]},{"damage_healed":0.0,"max_hp_gain":0.0,"max_hp_loss":0.0,"gold_gain":0.0,"event_name":"Colosseum","player_choice":"Fight","floor":28.0,"gold_loss":0.0,"damage_taken":0.0},{"damage_healed":0.0,"max_hp_gain":0.0,"max_hp_loss":0.0,"gold_gain":0.0,"event_name":"Colosseum","player_choice":"Fought Nobs","floor":28.0,"gold_loss":0.0,"damage_taken":0.0},{"damage_healed":0.0,"max_hp_gain":0.0,"max_hp_loss":0.0,"gold_gain":0.0,"event_name":"Cursed Tome","player_choice":"Ignored","floor":31.0,"gold_loss":0.0,"damage_taken":0.0}],"is_beta":false,"boss_relics":[{"not_picked":["Philosopher\u0027s Stone","SacredBark"],"picked":"Cursed Key"}],"items_purged_floors":[2,20,29],"is_endless":false,"potions_floor_spawned":[11,12,19,21,24,30],"killed_by":"Champ","ascension_level":0}}