{"host":"ztarza7ngc7blzpo","time":1611732643,"event":{"mods":["Act Like it!","BaseMod","Colored Map","Colored Powertips","Downfall","Duelist Mod","Elementarium","Gensokyo","Hallownest","Hero for Fun","Highlight Path","Infinite Spire","Jedi Mod","Kratos Character Expansion","Marisa????????","Melee Mod","Minty Spire (QoL Compilation)","Prisma Mod","Rare Cards Sparkle","Replay The Spire","Shedinja","StSLib","The Alterego","The Blackbeard","The Blue Laboratory","The Disciple","The Exalted","The Jungle","The Necromancer","The Runesmith","The Servant 0.9.4","TheHero","Yuri Mod"],"gold_per_floor":[112,126,0,15,33,33,133,144,144,156,156,175,175,189,189,294,294,304,26,40,40,40,55,55,88,88,101,101,115,177,177,189,206,206,311,311,325,338,338,338,338],"floor_reached":40,"language":"ENG","playtime":3931,"items_purged":["downfall:Aged"],"score":429,"play_id":"d6941b33-0d0e-469f-a7de-7de94706e173","local_time":"20210127023043","is_ascension_mode":false,"campfire_choices":[{"floor":6,"key":"REST"},{"floor":13,"key":"REST"},{"floor":15,"key":"REST"},{"floor":26,"key":"REST"},{"data":"animeID:Rei","floor":31,"key":"SMITH"},{"floor":34,"key":"DIG"}],"circlet_count":0,"master_deck":["animeID:Deku","animeID:Bakugo","animeID:Smash","animeID:Smash","animeID:Smash","animeID:Smash","animeID:DefendMH","animeID:DefendMH","animeID:DefendMH","animeID:DefendMH","animeID:Mina","animeID:Rei+1","animeID:Mina+1","Replay:BasicMightCard","animeID:DetroitDelaware","animeID:Kirishima","animeID:Endeavor","animeID:Bakugo","Shedinja:AerialAce","animeID:Kurono","animeID:DetroitSmash","animeID:Hawks","Clumsy","CommonCold","animeID:HighFive+1","animeID:Rei","animeID:DetroitSmash","animeID:Iida+1","animeID:Tamaki+1","animeID:Tomura","animeID:Hawks","animeID:DetroitSmash","ReplayTheSpireMod:Splinters","animeID:DelawareSmash+1","animeID:DelawareSmash","animeID:Endeavor","animeID:TodorokiShoto+1","animeID:Iida"],"relics":["animeID:HeroCostume","Gremlin Horn","Shedinja:EnergyLoss","Replay:Ancient Bell","Nunchaku","Snack Pack","Lizard Tail","DollysMirror","jedi:crownofsimplicity","jedi:heavyjacket","KratosMod:minohorn","InkBottle","Bromod:ArcaneEnergize","jedi:maincommand"],"acts_visited":["Exordium","theJungle:Jungle","Gensokyo:Gensokyoest"],"potions_floor_usage":[16,16,16,20,27,37],"damage_taken":[{"damage":1,"enemies":"Cultist","floor":1,"turns":4},{"damage":0,"enemies":"2 Louse","floor":2,"turns":2},{"damage":7,"enemies":"Small Slimes","floor":4,"turns":2},{"damage":21,"enemies":"Exordium Thugs","floor":5,"turns":5},{"damage":10,"enemies":"Looter","floor":8,"turns":3},{"damage":28,"enemies":"3 Louse","floor":10,"turns":3},{"damage":18,"enemies":"Lots of Slimes","floor":12,"turns":2},{"damage":8,"enemies":"Exordium Wildlife","floor":14,"turns":5},{"damage":34,"enemies":"Fading Forest","floor":16,"turns":11},{"damage":20,"enemies":"theJungle:Flameango_and_Byrd","floor":18,"turns":8},{"damage":8,"enemies":"theJungle:GiantWrat","floor":20,"turns":7},{"damage":40,"enemies":"theJungle:JungleHuntersEncounter","floor":23,"turns":7},{"damage":11,"enemies":"Nightmare","floor":25,"turns":8},{"damage":45,"enemies":"theJungle:Lyon","floor":27,"turns":4},{"damage":2,"enemies":"theJungle:SlimyTreeVines","floor":29,"turns":5},{"damage":19,"enemies":"theJungle:JungleHuntersEncounter","floor":32,"turns":5},{"damage":19,"enemies":"Snake Plant","floor":33,"turns":6},{"damage":2,"enemies":"theJungle:TotemBoss","floor":35,"turns":13},{"damage":3,"enemies":"Gensokyo:3_Bats","floor":37,"turns":3},{"damage":14,"enemies":"Gensokyo:3_Boulders","floor":38,"turns":6},{"damage":56,"enemies":"Gensokyo:4_Bats","floor":40,"turns":3}],"seed_played":"-904898165019796618","potions_obtained":[{"floor":2,"key":"Block Potion"},{"floor":5,"key":"FearPotion"},{"floor":8,"key":"blueLaboratory:BottledHope"},{"floor":10,"key":"blueLaboratory:ForbiddenFruitJuice"},{"floor":12,"key":"EssenceOfSteel"},{"floor":18,"key":"Adrenaline Potion"},{"floor":25,"key":"jedi:StrikingPotion"},{"floor":32,"key":"blueLaboratory:StoneskinPotion"},{"floor":35,"key":"Explosive Potion"}],"is_trial":false,"path_per_floor":["M","M","$","M","M","R","?","M","T","M","?","M","R","M","R","B",null,"M","$","M","PTL","PTL","M","?","NM","R","M","T","M","?","R","M","M","R_BF","B",null,"M","M","?","M"],"character_chosen":"THE_HERO","items_purchased":["animeID:Mina+1","Replay:BasicMightCard","DollysMirror","animeID:DetroitSmash"],"campfire_rested":4,"item_purchase_floors":[3,3,19,19],"current_hp_per_floor":[82,82,82,75,56,80,80,72,72,46,46,30,54,48,72,54,82,66,66,66,66,66,30,30,35,59,20,20,34,34,34,25,16,16,44,82,82,78,41,0,0],"gold":338,"neow_bonus":"TEN_PERCENT_HP_BONUS","is_daily":false,"chose_seed":false,"campfire_upgraded":1,"win_rate":0.0,"timestamp":1611732643,"path_taken":["M","?","$","M","M","R","?","M","T","?","?","M","R","M","R","BOSS","M","$","M","PTL","PTL","M","?","NM","R","M","T","?","?","R","M","M","R_BF","BOSS","M","?","?","?"],"items_purchased_type":["Card","Card","Relic","Card"],"build_version":"2020-12-22","purchased_purges":1,"victory":false,"max_hp_per_floor":[82,82,82,82,82,82,82,82,82,82,82,82,82,82,82,82,82,82,82,82,82,82,82,82,82,82,82,82,82,82,82,82,82,82,82,82,82,82,82,82,82],"card_choices":[{"not_picked":["animeID:Ojiro","animeID:Momo"],"picked":"animeID:Mina","floor":1},{"not_picked":["animeID:HowitzerImpact","animeID:Tomura"],"picked":"animeID:Rei","floor":2},{"not_picked":["animeID:Ojiro","animeID:RecoveryGirl"],"picked":"animeID:DetroitDelaware","floor":4},{"not_picked":["animeID:Mineta","animeID:DelawareSmash"],"picked":"animeID:Kirishima","floor":5},{"not_picked":["animeID:MtLady","animeID:Twice"],"picked":"animeID:Endeavor","floor":8},{"not_picked":["animeID:GentleCriminal","animeID:DelawareSmash"],"picked":"animeID:Bakugo","floor":10},{"not_picked":["animeID:HowitzerImpact","animeID:Rappa"],"picked":"animeID:Kurono","floor":12},{"not_picked":["animeID:Mezo","animeID:Aoyama"],"picked":"animeID:DetroitSmash","floor":14},{"not_picked":["animeID:MirioTogata","animeID:Chisaki"],"picked":"animeID:Hawks","floor":16},{"not_picked":["jedi:thedog","Writhe"],"picked":"Clumsy","floor":17},{"not_picked":["Normality","ReplayTheSpireMod:IOU"],"picked":"downfall:Aged","floor":17},{"not_picked":["Wraith","downfall:Aged"],"picked":"CommonCold","floor":17},{"not_picked":["animeID:Aoyama","animeID:Tengai"],"picked":"animeID:HighFive+1","floor":18},{"not_picked":["animeID:MtLady","animeID:ProminenceBurn"],"picked":"animeID:Iida+1","floor":20},{"not_picked":["animeID:Mezo","animeID:ToruHagakure"],"picked":"animeID:Tamaki+1","floor":23},{"not_picked":["animeID:Uraraka","animeID:Momo"],"picked":"animeID:Tomura","floor":25},{"not_picked":["animeID:Himiko","animeID:Mineta"],"picked":"animeID:Hawks","floor":27},{"not_picked":["animeID:SkinnyGum+1","animeID:TodorokiShoto"],"picked":"animeID:DetroitSmash","floor":29},{"not_picked":["animeID:Twice","animeID:Tomura"],"picked":"animeID:DelawareSmash+1","floor":30},{"not_picked":["animeID:Momo","animeID:Mineta","animeID:Uraraka"],"picked":"SKIP","floor":32},{"not_picked":["animeID:Uraraka","animeID:Bakugo"],"picked":"animeID:DelawareSmash","floor":33},{"not_picked":["animeID:Shigaraki","animeID:Chisaki"],"picked":"animeID:Endeavor","floor":35},{"not_picked":["animeID:Twice","animeID:Uraraka+1"],"picked":"animeID:TodorokiShoto+1","floor":37},{"not_picked":["animeID:HowitzerImpact","animeID:Uraraka"],"picked":"animeID:Iida","floor":38}],"player_experience":206451,"relics_obtained":[{"floor":9,"key":"Gremlin Horn"},{"floor":25,"key":"jedi:crownofsimplicity"},{"floor":28,"key":"jedi:heavyjacket"},{"floor":30,"key":"KratosMod:minohorn"},{"floor":34,"key":"InkBottle"}],"event_choices":[{"damage_healed":0,"gold_gain":100,"player_choice":"Gold","damage_taken":0,"max_hp_gain":0,"max_hp_loss":0,"event_name":"Wheel of Change","floor":7,"gold_loss":0},{"damage_healed":0,"gold_gain":0,"player_choice":"Ignored","damage_taken":0,"max_hp_gain":0,"max_hp_loss":0,"event_name":"WeMeetAgain","floor":24,"gold_loss":0}],"is_beta":false,"boss_relics":[{"not_picked":["jedi:paperlyon","ReplayTheSpireMod:SealedPack"],"picked":"Replay:Ancient Bell"},{"not_picked":["Replay:Bandana","Strawberry"],"picked":"Nunchaku"},{"not_picked":["infinitespire:ShieldingShard","Blue Candle"],"picked":"Snack Pack"},{"not_picked":["Ginger","Replay:Towering Pillar of Hats"],"picked":"Lizard Tail"},{"not_picked":["Velvet Choker","SacredBark"],"picked":"Bromod:ArcaneEnergize"}],"items_purged_floors":[19],"is_endless":true,"potions_floor_spawned":[2,5,8,10,12,18,25,32,35],"killed_by":"Gensokyo:4_Bats","ascension_level":0}}