{"host":"fhq3k2nq5elnbks3","time":1611738716,"event":{"mods":["100% Spire Juice","2.2 Compatiblity","AchievementEnabler","Act Like it!","AlwaysNeverKeys","Aspiration","BaseMod","Better-Laid Plans","Block Reminder","Card Filter","Colored Powertips","Displayed Cursed Tome","GifTheSpireLib","Gremlin Skip","HololiveMod","Minty Spire (QoL Compilation)","Permanent Neow","Prisma Mod","Quick Restart","Reimu??????","Relic Filter","Shop Mod","Spikes Relics","StSLib","SuperFastMode","The Animator","The Gatherer","The Wild Card","TheBandit","Transform Curses","Uncapped","Unknown Chances","thorton"],"gold_per_floor":[112,136,155,175,175,175,251,277,304,235,262,262,262,287,287,383,383,365,384,384,396,396],"floor_reached":21,"language":"ENG","playtime":1683,"items_purged":[],"score":235,"play_id":"172966e9-c496-4f93-86ee-4e0eb3553eb2","local_time":"20210127031156","is_ascension_mode":true,"campfire_choices":[{"data":"animator:WinryRockbell","floor":6,"key":"SMITH"},{"data":"animator:Sloth","floor":13,"key":"SMITH"},{"data":"animator:MaesHughes","floor":15,"key":"SMITH"}],"circlet_count":0,"master_deck":["animator:Strike_FullmetalAlchemist","animator:Defend_FullmetalAlchemist","animator:Strike","animator:Strike","animator:Strike","animator:Defend","animator:Defend","animator:Defend","animator:ElricEdward","animator:ElricAlphonse","animator:WinryRockbell+1","animator:Scar","animator:Sloth+1","animator:MaesHughes+1"],"relics":["animator:VividPicture","animator:TheMissingPiece","animator:PurgingStone","Moonworks:BrokenBomb","aspiration:BabyByrd","animator:OldCoffin","Matryoshka","Ornamental Fan","Akabeko","MerchantsRug","FossilizedHelix","ShockBauble","Boot"],"acts_visited":["Exordium","TheCity"],"potions_floor_usage":[8],"damage_taken":[{"damage":2,"enemies":"2 Louse","floor":1,"turns":4},{"damage":0,"enemies":"Small Slimes","floor":2,"turns":4},{"damage":1,"enemies":"Jaw Worm","floor":3,"turns":4},{"damage":3,"enemies":"2 Fungi Beasts","floor":4,"turns":5},{"damage":28,"enemies":"Lagavulin Event","floor":7,"turns":6},{"damage":7,"enemies":"3 Sentries","floor":8,"turns":8},{"damage":7,"enemies":"Gremlin Nob","floor":11,"turns":4},{"damage":0,"enemies":"Lagavulin","floor":14,"turns":5},{"damage":12,"enemies":"Slime Boss","floor":16,"turns":10},{"damage":10,"enemies":"2 Thieves","floor":18,"turns":4},{"damage":4,"enemies":"3 Byrds","floor":19,"turns":3},{"damage":14,"enemies":"Centurion and Healer","floor":21,"turns":6}],"seed_played":"4244414170523390585","potions_obtained":[{"floor":1,"key":"Block Potion"},{"floor":4,"key":"Strength Potion"},{"floor":7,"key":"EssenceOfSteel"},{"floor":14,"key":"Ancient Potion"},{"floor":19,"key":"FairyPotion"},{"floor":21,"key":"LiquidBronze"}],"is_trial":false,"path_per_floor":["M","M","M","M","?","R","?","E","T","$","E","?","R","E","R","B",null,"M","M","?","M"],"character_chosen":"THE_ANIMATOR","items_purchased":["MerchantsRug"],"campfire_rested":0,"item_purchase_floors":[10],"current_hp_per_floor":[64,64,63,61,61,61,33,26,26,26,19,16,16,17,17,5,68,58,54,61,47,47],"gold":396,"neow_bonus":"NOSTALGIA","is_daily":false,"chose_seed":false,"campfire_upgraded":3,"win_rate":0.0,"timestamp":1611738716,"path_taken":["M","M","M","M","?","R","?","E","T","?","E","?","R","E","R","BOSS","M","M","?","M"],"items_purchased_type":["Relic"],"build_version":"2020-12-22","purchased_purges":0,"victory":false,"max_hp_per_floor":[66,66,66,67,67,67,67,67,67,67,67,67,67,68,68,68,68,68,68,68,68,68],"card_choices":[{"not_picked":["animator:NagisaMomoe","animator:Berserker","animator:DolaRiku"],"picked":"SKIP","floor":1},{"not_picked":["animator:Scar","animator:YuiTsuruno"],"picked":"animator:WinryRockbell","floor":2},{"not_picked":["animator:FielNirvalen","animator:HighElfArcher","animator:Hakurou"],"picked":"SKIP","floor":3},{"not_picked":["animator:ElricAlphonse","animator:MaesHughes"],"picked":"animator:Scar","floor":4},{"not_picked":["animator:ElricAlphonse","animator:Layla"],"picked":"animator:Sloth","floor":7},{"not_picked":["animator:IrohaTamaki","animator:Evileye","animator:AcuraTooru"],"picked":"SKIP","floor":8},{"not_picked":["animator:Genos","animator:SayakaMiki","animator:SakuraMatou"],"picked":"SKIP","floor":11},{"not_picked":["animator:ElricEdward","animator:ElricAlphonse"],"picked":"animator:MaesHughes","floor":14},{"not_picked":["animator:MaesHughes","animator:ElricAlphonse","animator:Melzalgald"],"picked":"SKIP","floor":18},{"not_picked":["animator:Witch+1","animator:MaesHughes","animator:ElricAlphonse"],"picked":"SKIP","floor":19}],"player_experience":480765,"relics_obtained":[{"floor":7,"key":"animator:OldCoffin"},{"floor":8,"key":"Matryoshka"},{"floor":9,"key":"Ornamental Fan"},{"floor":9,"key":"Akabeko"},{"floor":11,"key":"FossilizedHelix"},{"floor":14,"key":"Boot"}],"event_choices":[{"damage_healed":0,"gold_gain":30,"player_choice":"Searched \u00273\u0027 times","damage_taken":0,"max_hp_gain":0,"max_hp_loss":0,"event_name":"Dead Adventurer","floor":7,"gold_loss":0},{"damage_healed":0,"gold_gain":0,"player_choice":"Success","damage_taken":3,"relics_obtained":["ShockBauble"],"max_hp_gain":0,"max_hp_loss":0,"event_name":"Scrap Ooze","floor":12,"gold_loss":0}],"is_beta":false,"boss_relics":[{"not_picked":["Hololive_Finger","Cursed Key"],"picked":"animator:VividPicture"}],"items_purged_floors":[],"is_endless":false,"potions_floor_spawned":[1,4,7,14,19,21],"killed_by":"Centurion and Healer","ascension_level":1}}