{"host":"28p8ce41sjwa6lzf","time":1611785818,"event":{"mods":["BaseMod","Bestiary","Colored Map","Colored Powertips","Dark Map","Highlight Path","Minty Spire (QoL Compilation)","Permanent Neow","Quick Restart","Random Character Button","Rare Cards Sparkle","Relic Stats","StSLib","Unceasing Turn Reminder"],"gold_per_floor":[109,122,137,151,70,70,95,95,118,118,133,148,17,50,50,123,123,136,191,191,202,202,202,214,248,248,248,274,274,294,310,310,388,388,401,413,413,429,448,448,448,149,149,177,177,189,189,219,219,219,219],"floor_reached":50,"language":"ENG","playtime":3418,"items_purged":["Strike_G","Strike_G"],"score":1404,"play_id":"39259100-38a6-4aee-b648-72415ce0f9a7","local_time":"20210127161658","is_ascension_mode":true,"campfire_choices":[{"data":"Crippling Poison","floor":6.0,"key":"SMITH"},{"floor":8.0,"key":"REST"},{"data":"Noxious Fumes","floor":10.0,"key":"SMITH"},{"data":"Catalyst","floor":15.0,"key":"SMITH"},{"data":"Wraith Form v2","floor":23.0,"key":"SMITH"},{"data":"Noxious Fumes","floor":27.0,"key":"SMITH"},{"data":"Noxious Fumes","floor":29.0,"key":"SMITH"},{"data":"Well Laid Plans","floor":32.0,"key":"SMITH"},{"data":"Wraith Form v2","floor":40.0,"key":"SMITH"},{"floor":45,"key":"REST"},{"floor":47,"key":"REST"},{"floor":49,"key":"RECALL"}],"circlet_count":0,"master_deck":["AscendersBane","Strike_G","Strike_G","Defend_G","Defend_G","Defend_G","Defend_G","Defend_G","Survivor","Neutralize","Impatience","Crippling Poison+1","Deflect","Catalyst+1","Leg Sweep","Noxious Fumes+1","Noxious Fumes+1","Leg Sweep","Deadly Poison","Escape Plan","Wraith Form v2+1","Well Laid Plans+1","Expertise","Dodge and Roll","Crippling Poison","Blur","Noxious Fumes+1","Blur","Acrobatics","Wraith Form v2+1","Prepared","Dash","Madness","Madness","Deflect","Blade Dance","Noxious Fumes","Doppelganger","Prepared+1","Flechettes+1","Leg Sweep"],"relics":["Ring of the Snake","Art of War","Centennial Puzzle","Oddly Smooth Stone","Runic Dome","Bronze Scales","InkBottle","Pantograph","Matryoshka","Sozu","MealTicket","Dream Catcher","Bag of Preparation","Bottled Tornado"],"acts_visited":["Exordium","TheCity","TheBeyond"],"potions_floor_usage":[44],"damage_taken":[{"damage":5.0,"enemies":"Cultist","floor":1.0,"turns":5.0},{"damage":4.0,"enemies":"Small Slimes","floor":2.0,"turns":5.0},{"damage":3.0,"enemies":"Jaw Worm","floor":3.0,"turns":5.0},{"damage":3.0,"enemies":"3 Louse","floor":4.0,"turns":3.0},{"damage":63.0,"enemies":"Gremlin Nob","floor":7.0,"turns":5.0},{"damage":3.0,"enemies":"Looter","floor":11.0,"turns":4.0},{"damage":7.0,"enemies":"Lots of Slimes","floor":12.0,"turns":2.0},{"damage":15.0,"enemies":"Lagavulin","floor":14.0,"turns":7.0},{"damage":0.0,"enemies":"The Guardian","floor":16.0,"turns":6.0},{"damage":0.0,"enemies":"Chosen","floor":18.0,"turns":4.0},{"damage":6.0,"enemies":"Shell Parasite","floor":21.0,"turns":3.0},{"damage":3.0,"enemies":"Centurion and Healer","floor":24.0,"turns":7.0},{"damage":0.0,"enemies":"Gremlin Leader","floor":25.0,"turns":6.0},{"damage":0.0,"enemies":"Book of Stabbing","floor":28.0,"turns":6.0},{"damage":2.0,"enemies":"3 Cultists","floor":30.0,"turns":5.0},{"damage":0.0,"enemies":"Chosen and Byrds","floor":31.0,"turns":4.0},{"damage":21.0,"enemies":"Collector","floor":33.0,"turns":7.0},{"damage":3.0,"enemies":"3 Darklings","floor":35.0,"turns":4.0},{"damage":0.0,"enemies":"Orb Walker","floor":36.0,"turns":4.0},{"damage":7.0,"enemies":"Writhing Mass","floor":38.0,"turns":6.0},{"damage":11.0,"enemies":"Transient","floor":39.0,"turns":6.0},{"damage":15,"enemies":"Reptomancer","floor":44,"turns":6},{"damage":0,"enemies":"3 Darklings","floor":46,"turns":5},{"damage":9,"enemies":"Giant Head","floor":48,"turns":7},{"damage":81,"enemies":"Awakened One","floor":50,"turns":8}],"seed_played":"-7484392587965328837","potions_obtained":[{"floor":2.0,"key":"FairyPotion"},{"floor":3.0,"key":"Regen Potion"},{"floor":7.0,"key":"Fruit Juice"},{"floor":14.0,"key":"SpeedPotion"},{"floor":21.0,"key":"Regen Potion"},{"floor":25.0,"key":"CunningPotion"},{"floor":30.0,"key":"Poison Potion"}],"is_trial":false,"path_per_floor":["M","M","M","M","$","R","E","R","T","R","M","M","$","E","R","B",null,"M","T","?","M","?","R","M","E","T","R","E","R","M","M","R","B",null,"M","M","?","M","M","R","?","$","T","E","R","M","R","E","R","B"],"character_chosen":"THE_SILENT","items_purchased":["Noxious Fumes","Fire Potion","MealTicket","Noxious Fumes"],"campfire_rested":3,"item_purchase_floors":[5,13,42,42],"current_hp_per_floor":[54,50,47,44,44,44,19,38,38,38,35,28,33,33,33,33,62,62,62,62,56,56,56,53,53,53,53,68,68,66,66,66,50,66,63,63,50,43,32,32,32,32,32,17,38,38,59,50,50,0,0],"gold":219,"neow_bonus":"RANDOM_COLORLESS","is_daily":false,"chose_seed":false,"campfire_upgraded":8,"win_rate":0.0,"timestamp":1611785818,"path_taken":["M","M","M","?","$","R","E","R","T","R","M","M","$","E","R","BOSS","M","?","?","?","?","R","M","E","T","R","E","R","M","M","R","BOSS","M","M","?","M","M","R","?","$","T","E","R","M","R","E","R","BOSS"],"items_purchased_type":["Card","Potion","Relic","Card"],"build_version":"2020-12-22","purchased_purges":2,"victory":false,"max_hp_per_floor":[66,66,66,66,66,66,66,66,66,66,66,66,71,71,71,71,71,71,71,71,71,71,71,71,71,71,71,71,71,71,71,71,71,71,71,71,71,71,71,71,71,71,71,71,71,71,71,71,71,71,71],"relic_stats":{"Sozu":3,"Centennial Puzzle":[39],"Dream Catcher":2,"counters":[25,130],"Bronze Scales":[354],"Pantograph":26,"MealTicket":0,"Art of War":[42],"Bag of Preparation":[6],"obtain_stats":[{"Oddly Smooth Stone":14,"Bag of Preparation":44,"Bottled Tornado":48,"Sozu":34,"Runic Dome":17,"Centennial Puzzle":9,"Dream Catcher":43,"Matryoshka":28,"Bronze Scales":19,"Pantograph":26,"MealTicket":42,"Art of War":7,"InkBottle":25,"Ring of the Snake":0},{"Oddly Smooth Stone":8,"Bag of Preparation":22,"Bottled Tornado":24,"Sozu":17,"Runic Dome":9,"Centennial Puzzle":5,"Dream Catcher":21,"Matryoshka":14,"Bronze Scales":10,"Pantograph":13,"MealTicket":21,"Art of War":5,"InkBottle":13,"Ring of the Snake":0},{"Oddly Smooth Stone":36,"Bag of Preparation":110,"Bottled Tornado":122,"Sozu":84,"Runic Dome":42,"Centennial Puzzle":23,"Dream Catcher":104,"Matryoshka":68,"Bronze Scales":46,"Pantograph":62,"MealTicket":104,"Art of War":23,"InkBottle":62,"Ring of the Snake":0}],"InkBottle":[36],"Ring of the Snake":[50]},"card_choices":[{"not_picked":["Purity","Bandage Up"],"picked":"Impatience","floor":0.0},{"not_picked":["Infinite Blades","Underhanded Strike"],"picked":"Crippling Poison","floor":1.0},{"not_picked":["Slice","Quick Slash"],"picked":"Deflect","floor":2.0},{"not_picked":["Slice","Poisoned Stab"],"picked":"Catalyst","floor":3.0},{"not_picked":["Terror","Dodge and Roll"],"picked":"Leg Sweep","floor":4.0},{"not_picked":["Prepared","Choke"],"picked":"Noxious Fumes","floor":7.0},{"not_picked":["Flechettes","Acrobatics"],"picked":"Leg Sweep","floor":11.0},{"not_picked":["Footwork","Prepared"],"picked":"Deadly Poison","floor":12.0},{"not_picked":["Flying Knee","Caltrops"],"picked":"Escape Plan","floor":14.0},{"not_picked":["Night Terror","Grand Finale"],"picked":"Wraith Form v2","floor":16.0},{"not_picked":["Calculated Gamble","Leg Sweep"],"picked":"Well Laid Plans","floor":18.0},{"not_picked":["Caltrops","Cloak And Dagger"],"picked":"Dodge and Roll","floor":21.0},{"not_picked":["Dodge and Roll","Blur"],"picked":"Crippling Poison","floor":24.0},{"not_picked":["Doppelganger","Bane"],"picked":"Blur","floor":25.0},{"not_picked":["Flechettes+1","Dodge and Roll"],"picked":"Noxious Fumes","floor":28.0},{"not_picked":["Flying Knee","Bouncing Flask"],"picked":"Blur","floor":30.0},{"not_picked":["Outmaneuver","Sucker Punch"],"picked":"Acrobatics","floor":31.0},{"not_picked":["Phantasmal Killer","Tools of the Trade"],"picked":"Wraith Form v2","floor":33.0},{"not_picked":["Deadly Poison","Concentrate"],"picked":"Prepared","floor":35.0},{"not_picked":["Underhanded Strike","Poisoned Stab"],"picked":"Dash","floor":36.0},{"not_picked":["Dagger Spray","Prepared"],"picked":"Deflect","floor":38.0},{"not_picked":["Slice","Dodge and Roll"],"picked":"Blade Dance","floor":39.0},{"not_picked":["Accuracy","Caltrops"],"picked":"Doppelganger","floor":44},{"not_picked":["Underhanded Strike","Dodge and Roll"],"picked":"Prepared+1","floor":45},{"not_picked":["Dagger Spray+1","Dodge and Roll","Slice"],"picked":"SKIP","floor":46},{"not_picked":["Riddle With Holes","All Out Attack+1"],"picked":"Flechettes+1","floor":47},{"not_picked":["Eviscerate","Dagger Throw"],"picked":"Leg Sweep","floor":48}],"player_experience":1191177,"relics_obtained":[{"floor":7.0,"key":"Art of War"},{"floor":9.0,"key":"Centennial Puzzle"},{"floor":14.0,"key":"Oddly Smooth Stone"},{"floor":19.0,"key":"Bronze Scales"},{"floor":25.0,"key":"InkBottle"},{"floor":26.0,"key":"Pantograph"},{"floor":28.0,"key":"Matryoshka"},{"floor":43.0,"key":"Dream Catcher"},{"floor":44,"key":"Bag of Preparation"},{"floor":48,"key":"Bottled Tornado"}],"event_choices":[{"damage_healed":0.0,"max_hp_gain":0.0,"max_hp_loss":0.0,"gold_gain":0.0,"cards_transformed":["Strike_G"],"event_name":"Transmorgrifier","player_choice":"Transformed","floor":20.0,"gold_loss":0.0,"damage_taken":0.0,"cards_obtained":["Expertise"]},{"damage_healed":0.0,"max_hp_gain":0.0,"max_hp_loss":0.0,"gold_gain":0.0,"event_name":"The Mausoleum","player_choice":"Ignored","floor":22.0,"gold_loss":0.0,"damage_taken":0.0},{"damage_healed":0.0,"max_hp_gain":0.0,"max_hp_loss":0.0,"gold_gain":0.0,"event_name":"Winding Halls","player_choice":"Embrace Madness","floor":37.0,"gold_loss":0.0,"damage_taken":13.0,"cards_obtained":["Madness","Madness"]},{"damage_healed":0.0,"max_hp_gain":0.0,"max_hp_loss":0.0,"gold_gain":0.0,"event_name":"SecretPortal","player_choice":"Ignored","floor":41.0,"gold_loss":0.0,"damage_taken":0.0}],"is_beta":false,"boss_relics":[{"not_picked":["Ectoplasm","SacredBark"],"picked":"Runic Dome"},{"not_picked":["Velvet Choker","WristBlade"],"picked":"Sozu"}],"items_purged_floors":[13,42],"is_endless":false,"potions_floor_spawned":[2,3,7,14,21,25,30,36,44,48],"killed_by":"Awakened One","ascension_level":20}}