{"host":"y5h80bbn16qkiuzg","time":1611764023,"event":{"mods":["Act Like it!","BaseMod","DeckTracker","Downfall","Hermit","Highlight Path","Koishi","Lobotomy","Luminous","Marisa（F雨　魔理沙）","Minty Spire (QoL Compilation)","Pale of the Ancients","Remilia（蕾米莉亚）","StSLib","The Bug Knight","The Cursed","WarShipGirlsR/战舰少女R mod"],"gold_per_floor":[113,113,113,132,132,132,159,159,159,10,24,56,131,56,56,56,56],"floor_reached":16,"language":"ZHS","playtime":677,"items_purged":["Regret"],"score":106,"play_id":"a65cde08-5a54-45b1-bab9-1262adefb118","local_time":"20210128001343","is_ascension_mode":false,"campfire_choices":[{"floor":6,"key":"RECALL"},{"floor":8,"key":"REST"},{"floor":15,"key":"REST"}],"circlet_count":0,"master_deck":["HollowMod:NailStrikeStart","HollowMod:NailStrikeStart","HollowMod:NailStrikeStart","HollowMod:NailStrikeStart","HollowMod:QuickDashStart","HollowMod:QuickDashStart","HollowMod:QuickDashStart","HollowMod:QuickDashStart","HollowMod:FocusHealStart+1","HollowMod:PogoStrike","HollowMod:HowlingWraiths","HollowMod:SoulShaman+1","HollowMod:ChannelNail","HollowMod:DoubleDash"],"relics":["HollowMod:VesselMask","Art of War","Orichalcum","White Beast Statue","HollowMod:MillibellesNoteRelic","Strawberry"],"acts_visited":["Exordium"],"potions_floor_usage":[7,16,16],"damage_taken":[{"damage":5,"enemies":"Small Slimes","floor":1,"turns":2},{"damage":8,"enemies":"Jaw Worm","floor":4,"turns":3},{"damage":31,"enemies":"Gremlin Nob","floor":7,"turns":4},{"damage":0,"enemies":"2 Louse","floor":11,"turns":1},{"damage":55,"enemies":"Lagavulin","floor":12,"turns":10},{"damage":61,"enemies":"The Guardian","floor":16,"turns":11}],"seed_played":"-109081082005020072","potions_obtained":[{"floor":4,"key":"Fire Potion"},{"floor":11,"key":"Fire Potion"},{"floor":12,"key":"Regen Potion"}],"is_trial":false,"path_per_floor":["M","?","?","M","?","R","E","R","T","$","M","E","?","$","R","B"],"character_chosen":"THE_BUGKNIGHT","items_purchased":["HollowMod:MillibellesNoteRelic"],"campfire_rested":2,"item_purchase_floors":[10],"current_hp_per_floor":[70,70,67,69,69,69,44,66,66,66,66,28,17,17,41,5,5],"gold":56,"neow_bonus":"UPGRADE_CARD","is_daily":false,"chose_seed":false,"campfire_upgraded":0,"win_rate":0.0,"timestamp":1611764023,"path_taken":["M","?","?","M","?","R","E","R","T","$","M","E","?","?","R","BOSS"],"items_purchased_type":["Relic"],"build_version":"2020-12-22","purchased_purges":1,"victory":false,"max_hp_per_floor":[75,75,75,75,75,75,75,75,75,75,75,82,82,82,82,82,82],"card_choices":[{"not_picked":["HollowMod:MawleksShell","HollowMod:LifebloodCocoon"],"picked":"HollowMod:HowlingWraiths","floor":1},{"not_picked":["HollowMod:WraithStrike","HollowMod:VengefulVoid"],"picked":"HollowMod:SoulShaman","floor":4},{"not_picked":["HollowMod:DesolateDive","HollowMod:SoulShaman"],"picked":"HollowMod:ChannelNail","floor":7},{"not_picked":["HollowMod:InfectedCysts","HollowMod:ZotesMagnificence"],"picked":"HollowMod:DoubleDash","floor":11},{"not_picked":["HollowMod:NewGlowingWomb","HollowMod:InfectionAssault","HollowMod:SoulSplash"],"picked":"SKIP","floor":12}],"player_experience":525750,"relics_obtained":[{"floor":7,"key":"White Beast Statue"},{"floor":12,"key":"Strawberry"}],"event_choices":[{"damage_healed":0,"gold_gain":0,"player_choice":"Box","damage_taken":0,"relics_obtained":["Art of War"],"max_hp_gain":0,"max_hp_loss":0,"event_name":"Big Fish","floor":2,"gold_loss":0,"cards_obtained":["Regret"]},{"damage_healed":0,"gold_gain":0,"player_choice":"Success","damage_taken":3,"relics_obtained":["Orichalcum"],"max_hp_gain":0,"max_hp_loss":0,"event_name":"Scrap Ooze","floor":3,"gold_loss":0},{"damage_healed":0,"gold_gain":0,"player_choice":"Grow","damage_taken":0,"max_hp_gain":0,"max_hp_loss":0,"event_name":"Living Wall","floor":5,"gold_loss":0,"cards_upgraded":["HollowMod:SoulShaman"]},{"damage_healed":0,"gold_gain":75,"player_choice":"Gather Gold","damage_taken":11,"max_hp_gain":0,"max_hp_loss":0,"event_name":"World of Goop","floor":13,"gold_loss":0}],"is_beta":false,"boss_relics":[],"items_purged_floors":[14],"is_endless":false,"potions_floor_spawned":[4,11,12],"killed_by":"The Guardian","ascension_level":0}}