{"host":"l84l8xigz5v5foa2","time":1611744251,"event":{"mods":["2.2 Compatiblity","AchievementEnabler","BaseMod","Better Note","Better Vampires","Card Filter","Colored Map","DeckTracker","Downfall","Gremlin Skip","Highlight Path","Keyboard Shortcuts","Minty Spire (QoL Compilation)","Permanent Neow","Quick Restart","Relic Filter","Relic Stats","StSLib","SuperFastMode","Transform Curses","Unknown Chances"],"gold_per_floor":[112,122,122,134,150,150,178,178,178,199,199,240,240,240,240,339,339,354,372,287,287,310,310,341,360,385,425,425,450,481,495,495,589,589,604,604,604,604,323,323,362,362,388,419,419,443,466,509,509,509,509,509,509],"floor_reached":51,"language":"ENG","playtime":3727,"items_purged":[],"score":1802,"play_id":"e523b06f-e95e-46b5-b21a-508fc08a796e","local_time":"20210127194411","daily_mods":["Draft","Colorless Cards"],"is_ascension_mode":true,"campfire_choices":[{"data":"hexamod:Rewind","floor":6.0,"key":"SMITH"},{"data":"hexamod:Rewind","floor":8.0,"key":"SMITH"},{"data":"Deep Breath","floor":13.0,"key":"SMITH"},{"data":"Discovery","floor":15.0,"key":"SMITH"},{"data":"Secret Technique","floor":23.0,"key":"SMITH"},{"data":"Impatience","floor":28.0,"key":"SMITH"},{"data":"hexamod:RadiantFlame","floor":32.0,"key":"SMITH"},{"data":"hexamod:FlameSwitch","floor":40.0,"key":"SMITH"},{"data":"Blind","floor":42.0,"key":"SMITH"},{"data":"hexamod:RetreatToShadows","floor":45.0,"key":"SMITH"},{"floor":49.0,"key":"RECALL"}],"circlet_count":0,"master_deck":["AscendersBane","hexamod:Rewind+1","hexamod:Hexaguard","hexamod:BacktrackSmack","hexamod:HauntingEcho","hexamod:Rewind+1","hexamod:SuperheatedStrike","Deep Breath+1","hexamod:ShieldOfDarkness","Impatience+1","hexamod:GhostShield","hexamod:SpectersWail","hexamod:FastForward","hexamod:InspiringFlames","Discovery+1","Secret Technique+1","hexamod:InspiringFlames","hexamod:RadiantFlame+1","hexamod:FourthSeal","Master of Strategy","hexamod:FlameSwitch+1","hexamod:ThermalTransfer+1","Blind+1","hexamod:HeatMetal+1","hexamod:RetreatToShadows+1","hexamod:NecessarySacrifice","hexamod:GhostOfSpirePast"],"relics":["hexamod:SpiritBrand","Toy Ornithopter","Odd Mushroom","Golden Idol","Art of War","Empty Cage","Peace Pipe","Blood Vial","Vajra","Ancient Tea Set","Ginger","expansioncontent:StudyCardRelic","Question Card","Lantern","Bronze Scales","hexamod:InflammatoryLetter","hexamod:MatchstickCase"],"acts_visited":["Exordium","TheCity","TheBeyond"],"potions_floor_usage":[51,51],"damage_taken":[{"damage":0.0,"enemies":"Cultist","floor":1.0,"turns":2.0},{"damage":0.0,"enemies":"Jaw Worm","floor":2.0,"turns":2.0},{"damage":0.0,"enemies":"2 Louse","floor":4.0,"turns":2.0},{"damage":0.0,"enemies":"Lots of Slimes","floor":5.0,"turns":3.0},{"damage":0.0,"enemies":"Gremlin Nob","floor":7.0,"turns":2.0},{"damage":0.0,"enemies":"The Mushroom Lair","floor":10.0,"turns":3.0},{"damage":5.0,"enemies":"3 Sentries","floor":12.0,"turns":3.0},{"damage":0.0,"enemies":"The Guardian","floor":16.0,"turns":7.0},{"damage":5.0,"enemies":"2 Thieves","floor":18.0,"turns":3.0},{"damage":1.0,"enemies":"Shell Parasite","floor":19.0,"turns":3.0},{"damage":9.0,"enemies":"Snake Plant","floor":22.0,"turns":3.0},{"damage":0.0,"enemies":"Gremlin Leader","floor":24.0,"turns":6.0},{"damage":4.0,"enemies":"Shelled Parasite and Fungi","floor":25.0,"turns":2.0},{"damage":17.0,"enemies":"Slavers","floor":27.0,"turns":7.0},{"damage":0.0,"enemies":"Snecko","floor":29.0,"turns":3.0},{"damage":18.0,"enemies":"Gremlin Leader","floor":30.0,"turns":4.0},{"damage":1.0,"enemies":"Centurion and Healer","floor":31.0,"turns":3.0},{"damage":8.0,"enemies":"Champ","floor":33.0,"turns":7.0},{"damage":0.0,"enemies":"Orb Walker","floor":35.0,"turns":3.0},{"damage":0.0,"enemies":"Nemesis","floor":41.0,"turns":3.0},{"damage":18.0,"enemies":"Giant Head","floor":44.0,"turns":8.0},{"damage":3.0,"enemies":"3 Darklings","floor":46.0,"turns":3.0},{"damage":13.0,"enemies":"Sphere and 2 Shapes","floor":47.0,"turns":5.0},{"damage":3.0,"enemies":"Nemesis","floor":48.0,"turns":3.0},{"damage":17,"enemies":"Donu and Deca","floor":50,"turns":10},{"damage":59,"enemies":"Time Eater","floor":51,"turns":8}],"seed_played":"3912816891954349509","potions_obtained":[{"floor":2.0,"key":"Energy Potion"},{"floor":5.0,"key":"DistilledChaos"},{"floor":10.0,"key":"AttackPotion"},{"floor":12.0,"key":"hexamod:EctoCoolerPotion"},{"floor":18.0,"key":"Swift Potion"},{"floor":27.0,"key":"Regen Potion"},{"floor":29.0,"key":"SmokeBomb"},{"floor":30.0,"key":"Regen Potion"},{"floor":30.0,"key":"Block Potion"},{"floor":31.0,"key":"FearPotion"},{"floor":33.0,"key":"DistilledChaos"},{"floor":41.0,"key":"Fire Potion"},{"floor":44.0,"key":"CultistPotion"},{"floor":46.0,"key":"hexamod:EctoCoolerPotion"},{"floor":48.0,"key":"GamblersBrew"}],"is_trial":true,"path_per_floor":["M","M","$","M","M","R","E","R","T","?","?","E","R","?","R","B",null,"M","M","?","?","M","R","E","M","T","E","R","M","E","M","R","B",null,"M","?","$","?","$","R","E","R","T","E","R","M","M","E","R","B","B"],"character_chosen":"THE_SPIRIT","items_purchased":["Question Card"],"campfire_rested":0,"item_purchase_floors":[39],"current_hp_per_floor":[57,57,57,57,57,57,57,57,57,62,40,40,40,40,40,45,59,54,53,53,53,44,44,49,47,47,37,37,56,40,60,60,54,61,63,53,53,53,53,53,63,63,63,45,45,49,48,52,52,37,0,0,0],"gold":509,"neow_bonus":"","is_daily":false,"chose_seed":false,"campfire_upgraded":10,"win_rate":0.0,"timestamp":1611744251,"path_taken":["M","?","$","M","M","R","E","R","T","?","?","E","R","?","R","BOSS","M","?","?","?","M","R","E","?","T","E","R","?","E","M","R","BOSS","M","?","$","?","$","R","E","R","T","E","R","M","M","E","R","BOSS","BOSS"],"items_purchased_type":["Relic"],"build_version":"2020-12-22","purchased_purges":0,"victory":false,"max_hp_per_floor":[63,63,63,63,63,63,63,63,63,63,63,63,63,63,63,63,63,63,63,63,63,63,63,63,63,63,63,63,63,63,63,63,63,63,63,63,63,63,63,63,63,63,63,63,63,63,63,63,63,63,63,63,63],"relic_stats":{"Peace Pipe":0,"Blood Vial":26,"counters":[26,108],"Golden Idol":145,"Bronze Scales":[93],"Art of War":[13],"Ginger":[5],"Question Card":5,"obtain_stats":[{"Lantern":41,"Golden Idol":11,"Vajra":26,"hexamod:InflammatoryLetter":44,"expansioncontent:StudyCardRelic":34,"Ginger":30,"Odd Mushroom":10,"Empty Cage":17,"Ancient Tea Set":27,"Question Card":39,"hexamod:MatchstickCase":48,"Peace Pipe":20,"Blood Vial":24,"Bronze Scales":43,"Art of War":12,"hexamod:SpiritBrand":0,"Toy Ornithopter":7},{"Lantern":20,"Golden Idol":6,"Vajra":13,"hexamod:InflammatoryLetter":21,"expansioncontent:StudyCardRelic":18,"Ginger":16,"Odd Mushroom":6,"Empty Cage":8,"Ancient Tea Set":14,"Question Card":19,"hexamod:MatchstickCase":24,"Peace Pipe":10,"Blood Vial":12,"Bronze Scales":20,"Art of War":7,"hexamod:SpiritBrand":0,"Toy Ornithopter":5},{"Lantern":71,"Golden Idol":14,"Vajra":41,"hexamod:InflammatoryLetter":79,"expansioncontent:StudyCardRelic":65,"Ginger":55,"Odd Mushroom":14,"Empty Cage":24,"Ancient Tea Set":48,"Question Card":68,"hexamod:MatchstickCase":90,"Peace Pipe":30,"Blood Vial":39,"Bronze Scales":71,"Art of War":17,"hexamod:SpiritBrand":0,"Toy Ornithopter":11}],"Toy Ornithopter":68},"card_choices":[{"not_picked":["hexamod:GhostShield","hexamod:FastForward"],"picked":"hexamod:Rewind","floor":0.0},{"not_picked":["hexamod:Firestarter","Mind Blast"],"picked":"hexamod:AdvancingGuard","floor":0.0},{"not_picked":["hexamod:NightmareGuise","hexamod:FlamesFromBeyond"],"picked":"hexamod:Hexaguard","floor":0.0},{"not_picked":["hexamod:GhostOfSpireFuture","Jack Of All Trades"],"picked":"hexamod:BacktrackSmack","floor":0.0},{"not_picked":["hexamod:RecurringNightmare","hexamod:SpectersWail"],"picked":"hexamod:HauntingEcho","floor":0.0},{"not_picked":["hexamod:ThermalTransfer","hexamod:HauntingEcho"],"picked":"hexamod:Rewind","floor":0.0},{"not_picked":["hexamod:Incineration","hexamod:GhostShield"],"picked":"hexamod:SuperheatedStrike","floor":0.0},{"not_picked":["Discovery","hexamod:DynamicBlow"],"picked":"Deep Breath","floor":0.0},{"not_picked":["hexamod:FastForward","hexamod:SpectersWail"],"picked":"hexamod:ShieldOfDarkness","floor":0.0},{"not_picked":["hexamod:RadiantFlame","Panacea"],"picked":"hexamod:SwordOfDarkness","floor":0.0},{"not_picked":["hexamod:FastForward","hexamod:NightmareStrike"],"picked":"Impatience","floor":0.0},{"not_picked":["hexamod:ThermalTransfer","hexamod:Rewind"],"picked":"hexamod:GhostShield","floor":0.0},{"not_picked":["hexamod:GhostShield","hexamod:HeatShield"],"picked":"hexamod:SpectersWail","floor":0.0},{"not_picked":["hexamod:NightmareStrike","hexamod:FlamesFromBeyond"],"picked":"hexamod:FastForward","floor":0.0},{"not_picked":["Forethought","hexamod:GhostLash"],"picked":"hexamod:InspiringFlames","floor":0.0},{"not_picked":["hexamod:HauntingEcho","hexamod:Again","hexamod:Firestarter"],"picked":"SKIP","floor":1.0},{"not_picked":["Madness","Dark Shackles","hexamod:AdvancingGuard"],"picked":"SKIP","floor":2.0},{"not_picked":["hexamod:HeatCrush","hexamod:SwordOfDarkness"],"picked":"Discovery","floor":4.0},{"not_picked":["hexamod:SuperheatedStrike","hexamod:Firestarter","hexamod:FlamesFromBeyond"],"picked":"SKIP","floor":5.0},{"not_picked":["hexamod:FastForward","hexamod:GhostLash","hexamod:RadiantFlame"],"picked":"SKIP","floor":7.0},{"not_picked":["hexamod:SuperheatedStrike","hexamod:GhostLash","hexamod:FastForward"],"picked":"SKIP","floor":12.0},{"not_picked":["hexamod:UnlimitedPower","Mayhem"],"picked":"Secret Technique","floor":16.0},{"not_picked":["hexamod:BacktrackSmack","hexamod:PhantomCloak","Mind Blast"],"picked":"SKIP","floor":18.0},{"not_picked":["hexamod:ThermalTransfer","hexamod:SuperheatedStrike"],"picked":"hexamod:InspiringFlames","floor":19.0},{"not_picked":["hexamod:HauntingEcho","hexamod:Firestarter","hexamod:BacktrackSmack"],"picked":"SKIP","floor":22.0},{"not_picked":["hexamod:ChargedBarrage","hexamod:SuperheatedStrike","Forethought"],"picked":"SKIP","floor":24.0},{"not_picked":["hexamod:Firestarter","hexamod:ThermalTransfer","hexamod:FlamesFromBeyond"],"picked":"SKIP","floor":25.0},{"not_picked":["Purity","Dark Shackles"],"picked":"hexamod:RadiantFlame","floor":27.0},{"not_picked":["hexamod:SpectersWail","hexamod:BacktrackSmack"],"picked":"hexamod:FourthSeal","floor":29.0},{"not_picked":["hexamod:FourthSeal","hexamod:ShieldOfDarkness","hexamod:SuperheatedStrike+1"],"picked":"SKIP","floor":30.0},{"not_picked":["hexamod:SwordOfDarkness","Forethought"],"picked":"Master of Strategy","floor":31.0},{"not_picked":["Secret Weapon","hexamod:ApocalypticArmor"],"picked":"hexamod:FlameSwitch","floor":33.0},{"not_picked":["hexamod:ShieldOfDarkness","hexamod:FastForward"],"picked":"hexamod:ThermalTransfer+1","floor":35.0},{"not_picked":["Good Instincts","Mind Blast"],"picked":"Blind","floor":36.0},{"not_picked":["hexamod:EmpoweredFlame","hexamod:BacktrackSmack","hexamod:Firestarter"],"picked":"hexamod:HeatMetal+1","floor":41.0},{"not_picked":["hexamod:GhostShield+1","hexamod:AdvancingGuard","hexamod:ApocalypseNow"],"picked":"hexamod:RetreatToShadows","floor":44.0},{"not_picked":["hexamod:PhantomCloak","hexamod:BacktrackSmack","hexamod:GhostShield"],"picked":"hexamod:NecessarySacrifice","floor":46.0},{"not_picked":["hexamod:GhostShield","hexamod:HauntingEcho","hexamod:ChargedBarrage"],"picked":"hexamod:GhostOfSpirePast","floor":47.0},{"not_picked":["hexamod:FastForward","hexamod:PhantomFireball","Secret Technique","hexamod:AdvancingGuard"],"picked":"SKIP","floor":48.0}],"player_experience":3452037,"relics_obtained":[{"floor":7.0,"key":"Toy Ornithopter"},{"floor":10.0,"key":"Odd Mushroom"},{"floor":12.0,"key":"Art of War"},{"floor":24.0,"key":"Blood Vial"},{"floor":26.0,"key":"Vajra"},{"floor":27.0,"key":"Ancient Tea Set"},{"floor":30.0,"key":"Ginger"},{"floor":41.0,"key":"Lantern"},{"floor":43.0,"key":"Bronze Scales"},{"floor":44.0,"key":"hexamod:InflammatoryLetter"},{"floor":48.0,"key":"hexamod:MatchstickCase"}],"event_choices":[{"damage_healed":0.0,"max_hp_gain":0.0,"max_hp_loss":0.0,"gold_gain":0.0,"event_name":"Mushrooms","player_choice":"Fought Mushrooms","floor":10.0,"gold_loss":0.0,"damage_taken":0.0},{"damage_healed":0.0,"max_hp_gain":0.0,"max_hp_loss":0.0,"gold_gain":0.0,"event_name":"Golden Idol","player_choice":"Take Damage","floor":11.0,"gold_loss":0.0,"damage_taken":22.0,"relics_obtained":["Golden Idol"]},{"damage_healed":0.0,"max_hp_gain":0.0,"max_hp_loss":0.0,"gold_gain":0.0,"cards_transformed":["hexamod:SwordOfDarkness"],"event_name":"Transmorgrifier","player_choice":"Transformed","floor":14.0,"gold_loss":0.0,"damage_taken":0.0,"cards_obtained":["hexamod:SkipABeat"]},{"damage_healed":0.0,"max_hp_gain":0.0,"max_hp_loss":0.0,"gold_gain":0.0,"event_name":"Addict","player_choice":"Obtained Relic","floor":20.0,"gold_loss":85.0,"damage_taken":0.0,"relics_obtained":["Peace Pipe"]},{"damage_healed":0.0,"max_hp_gain":0.0,"max_hp_loss":0.0,"gold_gain":0.0,"event_name":"Lab","player_choice":"Got Potions","floor":21.0,"gold_loss":0.0,"damage_taken":0.0},{"damage_healed":0.0,"max_hp_gain":0.0,"max_hp_loss":0.0,"gold_gain":0.0,"event_name":"SensoryStone","player_choice":"Memory 3","floor":36.0,"gold_loss":0.0,"damage_taken":10.0},{"damage_healed":0.0,"max_hp_gain":0.0,"max_hp_loss":0.0,"gold_gain":0.0,"event_name":"Tomb of Lord Red Mask","player_choice":"Ignored","floor":38.0,"gold_loss":0.0,"damage_taken":0.0}],"is_beta":false,"boss_relics":[{"not_picked":["Astrolabe","Fusion Hammer"],"picked":"Empty Cage"},{"not_picked":["Calling Bell","Cursed Key"],"picked":"expansioncontent:StudyCardRelic"}],"items_purged_floors":[],"is_endless":false,"potions_floor_spawned":[2,5,10,12,18,22,27,29,30,33,46,48],"killed_by":"Time Eater","ascension_level":20}}