{"host":"5raohst9sk3kvp5v","time":1611765256,"event":{"mods":["BaseMod","Colored Powertips","Highlight Path","Minty Spire (QoL Compilation)","Quick Restart","Relic Stats","StSLib"],"gold_per_floor":[117,129,54,70,80,80,109,259,259,259,259,13,30,40,40,118,118,118,18,18,0,0,0,0,0,0,0,0,0,0],"floor_reached":29,"language":"ENG","playtime":988,"items_purged":["Decay","Doubt"],"score":435,"play_id":"530af49a-673a-4b47-9386-6f1d7a8a66fc","local_time":"20210127103416","is_ascension_mode":true,"campfire_choices":[{"data":"Apotheosis","floor":6.0,"key":"SMITH"},{"data":"Inflame","floor":10.0,"key":"SMITH"},{"data":"Feel No Pain","floor":15.0,"key":"SMITH"},{"floor":23,"key":"REST"},{"floor":25,"key":"REST"}],"circlet_count":0,"master_deck":["AscendersBane","Strike_R","Strike_R+1","Strike_R","Defend_R","Defend_R","Defend_R","Defend_R","Bash+1","Apotheosis+1","True Grit","Dark Embrace","Carnage","Inflame+1","Battle Trance","Immolate+1","Feel No Pain+1","Shrug It Off","Sever Soul+1","Fiend Fire+1","Entrench","Seeing Red+1","Ghostly Armor","Thunderclap+1"],"relics":["Burning Blood","Whetstone","Molten Egg 2","Letter Opener","Ectoplasm"],"acts_visited":["Exordium","TheCity"],"potions_floor_usage":[16,21,27,29],"damage_taken":[{"damage":13.0,"enemies":"Jaw Worm","floor":1.0,"turns":4.0},{"damage":13.0,"enemies":"Cultist","floor":2.0,"turns":5.0},{"damage":7.0,"enemies":"2 Louse","floor":4.0,"turns":4.0},{"damage":10.0,"enemies":"Large Slime","floor":5.0,"turns":6.0},{"damage":23.0,"enemies":"Lagavulin","floor":7.0,"turns":6.0},{"damage":7.0,"enemies":"Exordium Wildlife","floor":13.0,"turns":2.0},{"damage":5.0,"enemies":"Blue Slaver","floor":14.0,"turns":2.0},{"damage":27,"enemies":"The Guardian","floor":16,"turns":10},{"damage":21,"enemies":"Shell Parasite","floor":18,"turns":5},{"damage":13,"enemies":"2 Thieves","floor":21,"turns":3},{"damage":27,"enemies":"3 Cultists","floor":27,"turns":5},{"damage":54,"enemies":"Gremlin Leader","floor":29,"turns":5}],"seed_played":"-3691033157352739540","potions_obtained":[{"floor":2.0,"key":"BloodPotion"},{"floor":5.0,"key":"SpeedPotion"},{"floor":13.0,"key":"Fire Potion"},{"floor":21,"key":"ColorlessPotion"},{"floor":27,"key":"Energy Potion"}],"is_trial":false,"path_per_floor":["M","M","$","M","M","R","E","?","T","R","?","$","M","M","R","B",null,"M","$","?","M","$","R","$","R","T","M","?","E"],"character_chosen":"IRONCLAD","items_purchased":["Immolate+1","Feel No Pain"],"campfire_rested":2,"item_purchase_floors":[12,12],"current_hp_per_floor":[61,54,54,53,49,49,47,47,47,47,29,29,28,29,29,8,58,43,43,22,15,15,39,39,63,63,42,42,0,0],"gold":0,"neow_bonus":"RANDOM_COLORLESS_2","is_daily":false,"chose_seed":false,"campfire_upgraded":3,"win_rate":0.0,"timestamp":1611765256,"path_taken":["M","M","$","M","M","R","E","?","T","R","?","$","?","M","R","BOSS","M","$","?","M","$","R","$","R","T","M","?","E"],"items_purchased_type":["Card","Card"],"build_version":"2020-12-22","purchased_purges":2,"victory":false,"max_hp_per_floor":[75,75,75,75,75,75,75,75,75,75,75,75,75,75,75,75,75,75,75,80,80,80,80,80,80,80,80,80,80,80],"relic_stats":{"counters":[12,57],"Ectoplasm":146,"Whetstone":["Bash","Strike_R"],"Letter Opener":[25],"obtain_stats":[{"Molten Egg 2":9,"Ectoplasm":17,"Whetstone":7,"Letter Opener":11,"Burning Blood":0},{"Molten Egg 2":5,"Ectoplasm":8,"Whetstone":5,"Letter Opener":5,"Burning Blood":0},{"Molten Egg 2":25,"Ectoplasm":39,"Whetstone":25,"Letter Opener":25,"Burning Blood":0}],"Burning Blood":66},"card_choices":[{"not_picked":["The Bomb","Secret Technique"],"picked":"Apotheosis","floor":0.0},{"not_picked":["Headbutt","Heavy Blade"],"picked":"True Grit","floor":1.0},{"not_picked":["Twin Strike","Thunderclap"],"picked":"Dark Embrace","floor":2.0},{"not_picked":["Headbutt","Sever Soul"],"picked":"Carnage","floor":4.0},{"not_picked":["Dark Embrace","Heavy Blade"],"picked":"Inflame","floor":5.0},{"not_picked":["Evolve","Armaments"],"picked":"Battle Trance","floor":7.0},{"not_picked":["Searing Blow+1","Dark Embrace"],"picked":"Shrug It Off","floor":13.0},{"not_picked":["Sentinel","Bloodletting"],"picked":"Sever Soul+1","floor":14.0},{"not_picked":["Limit Break","Demon Form"],"picked":"Fiend Fire+1","floor":16},{"not_picked":["Cleave+1","Dropkick+1","Anger+1"],"picked":"SKIP","floor":18},{"not_picked":["Spot Weakness","Inflame"],"picked":"Entrench","floor":21},{"not_picked":["Inflame","Thunderclap+1"],"picked":"Seeing Red+1","floor":27}],"player_experience":1714315,"relics_obtained":[{"floor":7.0,"key":"Whetstone"},{"floor":9.0,"key":"Molten Egg 2"}],"event_choices":[{"damage_healed":0.0,"max_hp_gain":0.0,"max_hp_loss":0.0,"gold_gain":150.0,"event_name":"Liars Game","player_choice":"AGREE","floor":8.0,"gold_loss":0.0,"damage_taken":0.0,"cards_obtained":["Doubt"]},{"damage_healed":0.0,"max_hp_gain":0.0,"max_hp_loss":0.0,"gold_gain":0.0,"event_name":"Scrap Ooze","player_choice":"Success","floor":11.0,"gold_loss":0.0,"damage_taken":18.0,"relics_obtained":["Letter Opener"]},{"damage_healed":0,"gold_gain":0,"player_choice":"Shed Blood","damage_taken":26,"max_hp_gain":5,"max_hp_loss":0,"event_name":"Forgotten Altar","floor":20,"gold_loss":0},{"damage_healed":0,"gold_gain":0,"cards_transformed":["Strike_R","Strike_R"],"player_choice":"Became Test Subject","damage_taken":0,"max_hp_gain":0,"max_hp_loss":0,"event_name":"Drug Dealer","floor":28,"gold_loss":0,"cards_obtained":["Ghostly Armor","Thunderclap"]}],"is_beta":false,"boss_relics":[{"not_picked":["Black Star","Tiny House"],"picked":"Ectoplasm"}],"items_purged_floors":[3,19],"is_endless":false,"potions_floor_spawned":[2,5,13,14,21,27],"killed_by":"Gremlin Leader","ascension_level":19}}