{"host":"g907ck67u7c3hrs6","time":1611707004,"event":{"mods":["BaseMod","Colored Map","DeckTracker","Highlight Path","Keyboard Shortcuts","Minty Spire (QoL Compilation)","Permanent Neow","Say the Spire","SuperFastMode"],"gold_per_floor":[114,129,144,159,109,139,139,169,181,193,193],"floor_reached":10,"language":"KOR","playtime":221,"items_purged":[],"score":78,"play_id":"2cbe03bf-83fa-4783-8f5d-27acfaa0197c","local_time":"20210127092324","daily_mods":["Heirloom","Blue Cards","Elite Swarm"],"is_ascension_mode":false,"campfire_choices":[{"data":"1","floor":7,"key":"LIFT"}],"circlet_count":0,"master_deck":["Strike_R","Strike_R","Strike_R","Strike_R","Defend_R","Defend_R","Defend_R","Defend_R","Bash","Anger"],"relics":["Burning Blood","Girya","Unceasing Top","MawBank","Centennial Puzzle"],"acts_visited":["Exordium"],"potions_floor_usage":[],"damage_taken":[{"damage":0,"enemies":"2 Louse","floor":1,"turns":4},{"damage":6,"enemies":"Cultist","floor":2,"turns":3},{"damage":0,"enemies":"Small Slimes","floor":3,"turns":3},{"damage":6,"enemies":"Red Slaver","floor":4,"turns":5},{"damage":53,"enemies":"3 Sentries","floor":6,"turns":9},{"damage":28,"enemies":"Gremlin Nob","floor":8,"turns":4},{"damage":11,"enemies":"Lagavulin","floor":10,"turns":5}],"seed_played":"-8653540479942029245","potions_obtained":[{"floor":1,"key":"SkillPotion"},{"floor":3,"key":"SneckoOil"}],"is_trial":false,"path_per_floor":["M","M","M","M","?","E","R","E","T","E"],"character_chosen":"IRONCLAD","items_purchased":[],"campfire_rested":0,"item_purchase_floors":[],"current_hp_per_floor":[80,80,80,80,80,33,33,11,11,0,0],"gold":193,"neow_bonus":"","is_daily":true,"chose_seed":false,"campfire_upgraded":0,"win_rate":0.0,"timestamp":1611707004,"path_taken":["M","M","M","M","?","E","R","E","T","E"],"items_purchased_type":[],"build_version":"2020-12-22","purchased_purges":0,"victory":false,"max_hp_per_floor":[80,80,80,80,80,80,80,80,80,80,80],"card_choices":[{"not_picked":["Metallicize","Static Discharge","Chaos"],"picked":"SKIP","floor":1},{"not_picked":["Sword Boomerang","Steam"],"picked":"Anger","floor":2},{"not_picked":["Loop","Cleave","Genetic Algorithm"],"picked":"SKIP","floor":3},{"not_picked":["Body Slam","Heavy Blade","Undo"],"picked":"SKIP","floor":4},{"not_picked":["Feed","Multi-Cast","Echo Form"],"picked":"SKIP","floor":6},{"not_picked":["Meteor Strike","Reaper","Juggernaut"],"picked":"SKIP","floor":8}],"player_experience":236325,"relics_obtained":[{"floor":6,"key":"Unceasing Top"},{"floor":8,"key":"MawBank"},{"floor":9,"key":"Centennial Puzzle"}],"event_choices":[{"cards_removed":["Strike_R"],"damage_healed":0,"gold_gain":0,"player_choice":"Card Removal","damage_taken":0,"max_hp_gain":0,"max_hp_loss":0,"event_name":"The Cleric","floor":5,"gold_loss":50}],"is_beta":false,"boss_relics":[],"items_purged_floors":[],"is_endless":false,"potions_floor_spawned":[1,3],"killed_by":"Lagavulin","ascension_level":0}}