{"host":"545ma68kbj6ggddn","time":1611720918,"event":{"mods":["BaseMod","Colored Powertips","Downfall","Minty Spire (QoL Compilation)","Permanent Neow","Quick Restart","StSLib","The Marked"],"gold_per_floor":[99,116,116,128,142,175,255,267,300,312,328,357,257,272,286,286,286],"floor_reached":16,"language":"ENG","playtime":985,"items_purged":[],"score":126,"play_id":"d4b11ae0-ad5e-45a7-a243-cc88b2680ff5","local_time":"20210126221518","is_ascension_mode":false,"campfire_choices":[{"data":"theMarked:UnarmedFury","floor":1.0,"key":"SMITH"},{"data":"theMarked:Polarize","floor":13,"key":"SMITH"}],"circlet_count":0,"master_deck":["theMarked:Strike","theMarked:Strike","theMarked:Strike","theMarked:Strike","theMarked:Strike","theMarked:Defend","theMarked:Defend","theMarked:Defend","theMarked:Defend","theMarked:UnarmedFury+1","theMarked:Polarize+1","theMarked:Aftermath","theMarked:TunnelVision","theMarked:ElectricStrings","theMarked:TakeCover","theMarked:GodGivenPower+1"],"relics":["theMarked:ArtifactOfAir","Smiling Mask","White Beast Statue","Frozen Egg 2","Du-Vu Doll","downfall:HeartBlessingGreen"],"acts_visited":["Exordium"],"potions_floor_usage":[9,12,15,16,16,16],"damage_taken":[{"damage":6.0,"enemies":"Jaw Worm","floor":2.0,"turns":3.0},{"damage":0.0,"enemies":"Cultist","floor":4.0,"turns":2.0},{"damage":2.0,"enemies":"2 Louse","floor":5.0,"turns":2.0},{"damage":26,"enemies":"Lagavulin","floor":6,"turns":6},{"damage":0,"enemies":"Lots of Slimes","floor":8,"turns":2},{"damage":7,"enemies":"Gremlin Nob","floor":9,"turns":3},{"damage":0,"enemies":"3 Louse","floor":10,"turns":3},{"damage":8,"enemies":"Red Slaver","floor":11,"turns":2},{"damage":9,"enemies":"3 Sentries","floor":12,"turns":5},{"damage":0,"enemies":"2 Fungi Beasts","floor":14,"turns":2},{"damage":0,"enemies":"Exordium Thugs","floor":15,"turns":2},{"damage":15,"enemies":"SI_SHIV_ARCHETYPE","floor":16,"turns":6}],"seed_played":"2918120776109259645","potions_obtained":[{"floor":2.0,"key":"ColorlessPotion"},{"floor":8,"key":"Fire Potion"},{"floor":9,"key":"SteroidPotion"},{"floor":10,"key":"Strength Potion"},{"floor":12,"key":"Block Potion"},{"floor":15,"key":"sneckomod:MuddlingPotion"}],"is_trial":false,"path_per_floor":["R","M","?","M","M","E","T","M","E","M","M","E","R","M","M","B"],"character_chosen":"THE_DEFAULT","items_purchased":[],"campfire_rested":0,"item_purchase_floors":[],"current_hp_per_floor":[70,64,64,64,62,36,36,36,29,29,21,12,12,12,12,0,0],"gold":286,"neow_bonus":"ONE_RANDOM_RARE_CARD","is_daily":false,"chose_seed":false,"campfire_upgraded":2,"win_rate":0.0,"timestamp":1611720918,"path_taken":["R","M","?","?","M","E","T","M","E","?","M","E","R","M","M","BOSS"],"items_purchased_type":[],"build_version":"2020-12-22","purchased_purges":0,"victory":false,"max_hp_per_floor":[70,70,70,70,70,70,70,70,70,70,70,70,70,70,70,70,70],"card_choices":[{"not_picked":["theMarked:ParalyzingBlade","theMarked:WardOff"],"picked":"theMarked:Polarize","floor":2.0},{"not_picked":["theMarked:Seal","theMarked:KeepCalmAndFight"],"picked":"theMarked:Aftermath","floor":4.0},{"not_picked":["theMarked:TheMission","theMarked:LightningStrikesTwice"],"picked":"theMarked:TunnelVision","floor":5.0},{"not_picked":["theMarked:MysticalArsenal","theMarked:LightningStrikesTwice"],"picked":"theMarked:ElectricStrings","floor":6},{"not_picked":["theMarked:Improvise","theMarked:Standoff","theMarked:MuscleMemory"],"picked":"SKIP","floor":8},{"not_picked":["theMarked:RepellingDischarge","theMarked:Frustration","theMarked:Electrocute"],"picked":"SKIP","floor":9},{"not_picked":["theMarked:Indomitable","theMarked:Aftermath"],"picked":"theMarked:TakeCover","floor":10},{"not_picked":["theMarked:WardOff","theMarked:Frustration","theMarked:Improvise"],"picked":"SKIP","floor":11},{"not_picked":["theMarked:RepellingDischarge","theMarked:LightningStrikesTwice","theMarked:SelfDefenseTraining"],"picked":"SKIP","floor":12},{"not_picked":["theMarked:Improvise","theMarked:SuspiciousRaven","theMarked:WardOff"],"picked":"SKIP","floor":14},{"not_picked":["theMarked:Aftermath","theMarked:EmpowerWeapon"],"picked":"theMarked:GodGivenPower+1","floor":15}],"player_experience":227888,"relics_obtained":[{"floor":6,"key":"Smiling Mask"},{"floor":7,"key":"White Beast Statue"},{"floor":9,"key":"Frozen Egg 2"},{"floor":12,"key":"Du-Vu Doll"}],"event_choices":[],"is_beta":false,"boss_relics":[],"items_purged_floors":[],"is_endless":false,"potions_floor_spawned":[2,8,9,10,11,12,14,15],"killed_by":"SI_SHIV_ARCHETYPE","ascension_level":0}}