{"host":"njb27ds59h4j3ikk","time":1611781056,"event":{"mods":["AchievementEnabler","BaseMod","Better Altar","Better Match","Better Note","Better Sensory Stone","Better Skull","Better Third Choice","BetterRewards","Downfall","Hermit","Hubris","Minty Spire (QoL Compilation)","Permanent Neow","Quarter Circle Forward PUNCH!","Quick Restart","Rare Cards Sparkle","Shop Mod","StSLib","Trackpad","Transform Curses"],"gold_per_floor":[99,113,130,145,165,196,196,196,212,226,254,254,271,283,296,399,399,399,410,410,410,421,421,444,461,486,27,27,27,39,55,65,65,65],"floor_reached":33,"language":"ENG","playtime":1347,"items_purged":[],"score":315,"play_id":"a29ffa96-06d2-4d0a-bffb-b0646e9e3f92","local_time":"20210127155736","is_ascension_mode":false,"campfire_choices":[{"data":"hermit:Snapshot","floor":1.0,"key":"SMITH"},{"floor":8.0,"key":"REST"},{"data":"hermit:Snipe","floor":18.0,"key":"SMITH"},{"floor":29.0,"key":"RECALL"}],"circlet_count":0,"master_deck":["hermit:Strike_Hermit","hermit:Strike_Hermit","hermit:Strike_Hermit","hermit:Strike_Hermit","hermit:Defend_Hermit","hermit:Defend_Hermit","hermit:Defend_Hermit","hermit:Defend_Hermit","hermit:Snapshot+1","hermit:Covet","hermit:Desperado","hermit:Misfire","hermit:Manifest","hermit:Desperado","hermit:Maintenance","hermit:Headshot","hermit:Feint","hermit:Snipe+1","DeusExMachina","Bullet Time","hermit:Determination","hermit:BodyArmor","hermit:LowProfile","hermit:HeroicBravado","hermit:WideOpen","sneckomod:WideSting+1","hermit:FlashPowder","hermit:Determination","hermit:Desperado","Swift Strike","hermit:Showdown","hermit:Vantage","Panache","hermit:PistolWhip+1","hermit:Desperado","hermit:ItchyTrigger"],"relics":["hermit:Momento","Turnip","trackpad:FieryHotPepper","Torii","trackpad:WondrousWand","Toy Ornithopter","qcfpunch:White_Boots","trackpad:Coffee","MutagenicStrength","hubris:SlimyHat","trackpad:Mousetrap","Blue Candle","hubris:Icosahedron"],"acts_visited":["Exordium","TheCity"],"potions_floor_usage":[33,33],"damage_taken":[{"damage":0.0,"enemies":"Cultist","floor":2.0,"turns":3.0},{"damage":0.0,"enemies":"Small Slimes","floor":3.0,"turns":2.0},{"damage":0.0,"enemies":"2 Louse","floor":4.0,"turns":1.0},{"damage":17.0,"enemies":"Large Slime","floor":5.0,"turns":5.0},{"damage":26.0,"enemies":"3 Sentries","floor":6.0,"turns":6.0},{"damage":2.0,"enemies":"Gremlin Gang","floor":9.0,"turns":3.0},{"damage":1.0,"enemies":"Blue Slaver","floor":10.0,"turns":3.0},{"damage":1.0,"enemies":"Lagavulin","floor":11.0,"turns":3.0},{"damage":0.0,"enemies":"Large Slime","floor":13.0,"turns":4.0},{"damage":10.0,"enemies":"Exordium Thugs","floor":14.0,"turns":2.0},{"damage":1.0,"enemies":"Exordium Wildlife","floor":15.0,"turns":3.0},{"damage":18.0,"enemies":"IC_STATUS_ARCHETYPE","floor":16.0,"turns":8.0},{"damage":25.0,"enemies":"3 Byrds","floor":19.0,"turns":4.0},{"damage":2.0,"enemies":"Shell Parasite","floor":22.0,"turns":5.0},{"damage":24.0,"enemies":"Centurion and Healer","floor":25.0,"turns":5.0},{"damage":0.0,"enemies":"downfall:FleeingMerchant","floor":27.0,"turns":4.0},{"damage":1.0,"enemies":"Sentry and Sphere","floor":30.0,"turns":5.0},{"damage":13.0,"enemies":"Snake Plant","floor":31.0,"turns":3.0},{"damage":17.0,"enemies":"Shelled Parasite and Fungi","floor":32.0,"turns":7.0},{"damage":76,"enemies":"SI_MIRROR_ARCHETYPE","floor":33,"turns":8}],"seed_played":"-1182286508195035853","potions_obtained":[{"floor":5.0,"key":"hermit:Tonic"},{"floor":9.0,"key":"hexamod:SoulburnPotion"},{"floor":11.0,"key":"BlessingOfTheForge"},{"floor":13.0,"key":"AttackPotion"},{"floor":16.0,"key":"Energy Potion"},{"floor":19.0,"key":"FearPotion"},{"floor":22.0,"key":"BlessingOfTheForge"}],"is_trial":false,"path_per_floor":["R","M","M","M","M","E","T","R","M","M","E","?","M","M","M","B",null,"R","M","?","?","M","?","T","M","T","$","?","R","M","M","M","B"],"character_chosen":"HERMIT","items_purchased":["Panache","Blue Candle"],"campfire_rested":1,"item_purchase_floors":[27,27],"current_hp_per_floor":[68,68,68,68,51,25,25,45,43,42,41,26,26,21,20,7,68,68,43,43,43,41,41,41,17,17,17,17,17,67,54,37,0,0],"gold":65,"neow_bonus":"ONE_RARE_RELIC","is_daily":false,"chose_seed":false,"campfire_upgraded":2,"win_rate":0.0,"timestamp":1611781056,"path_taken":["R","M","M","M","M","E","T","R","M","M","E","?","M","M","M","BOSS","R","M","?","?","M","?","T","M","?","$","?","R","M","M","M","BOSS"],"items_purchased_type":["Card","Relic"],"build_version":"2020-12-22","purchased_purges":0,"victory":false,"max_hp_per_floor":[68,68,68,68,68,68,68,68,68,68,68,68,68,68,68,68,68,68,68,68,68,68,68,68,68,68,68,68,68,68,68,68,68,68],"card_choices":[{"not_picked":["hermit:Dive","hermit:SprayPray"],"picked":"hermit:Desperado","floor":2.0},{"not_picked":["hermit:Feint","hermit:ShadowCloak"],"picked":"hermit:Misfire","floor":3.0},{"not_picked":["hermit:TakeAim","hermit:TrackingShot"],"picked":"hermit:Manifest","floor":4.0},{"not_picked":["hermit:HeroicBravado","hermit:Determination"],"picked":"hermit:Desperado","floor":5.0},{"not_picked":["hermit:TrackingShot","hermit:LuckOfTheDraw"],"picked":"hermit:Maintenance","floor":6.0},{"not_picked":["hermit:Scavenge","hermit:Desperado"],"picked":"hermit:Headshot","floor":9.0},{"not_picked":["hermit:Brawl","hermit:Dive"],"picked":"hermit:Feint","floor":10.0},{"not_picked":["hermit:Brawl","hermit:Deadeye"],"picked":"hermit:Snipe","floor":11.0},{"not_picked":["hermit:Virtue","hermit:FromBeyond"],"picked":"hermit:Determination","floor":13.0},{"not_picked":["hermit:Desperado","hermit:Dive"],"picked":"hermit:BodyArmor","floor":14.0},{"not_picked":["hermit:Grudge","hermit:Headshot"],"picked":"hermit:LowProfile","floor":15.0},{"not_picked":["hermit:Magnum","hermit:Reprieve"],"picked":"hermit:HeroicBravado","floor":16.0},{"not_picked":["hermit:SprayPray","hermit:Deadeye"],"picked":"hermit:WideOpen","floor":19.0},{"not_picked":["hermit:Vantage","hermit:CursedWeapon"],"picked":"hermit:FlashPowder","floor":22.0},{"not_picked":["hermit:Scavenge","hermit:ShadowCloak"],"picked":"hermit:Determination","floor":23.0},{"not_picked":["hermit:Quickdraw","hermit:Feint"],"picked":"hermit:Desperado","floor":23.0},{"not_picked":["PanicButton","Trip"],"picked":"Swift Strike","floor":23.0},{"not_picked":["hermit:DeadMansHand","hermit:Glare"],"picked":"hermit:Showdown","floor":25.0},{"not_picked":["hermit:Roulette","hermit:Headshot"],"picked":"hermit:Vantage","floor":27.0},{"not_picked":["hermit:DeadMansHand","hermit:FinalCanter"],"picked":"hermit:PistolWhip+1","floor":30.0},{"not_picked":["hermit:Headshot","hermit:Scavenge"],"picked":"hermit:Desperado","floor":31.0},{"not_picked":["hermit:BodyArmor","hermit:Glare"],"picked":"hermit:ItchyTrigger","floor":32.0}],"player_experience":1323200,"relics_obtained":[{"floor":6.0,"key":"trackpad:FieryHotPepper"},{"floor":7.0,"key":"Torii"},{"floor":11.0,"key":"trackpad:WondrousWand"},{"floor":24.0,"key":"hubris:SlimyHat"},{"floor":26.0,"key":"trackpad:Mousetrap"}],"event_choices":[{"cards_removed":["DeusExMachina"],"damage_healed":0.0,"max_hp_gain":0.0,"max_hp_loss":0.0,"gold_gain":0.0,"event_name":"betterNote:BetterNote","player_choice":"Take \u0026 Give","floor":20.0,"gold_loss":0.0,"damage_taken":0.0,"cards_obtained":["sneckomod:WideSting"]},{"damage_healed":0.0,"max_hp_gain":0.0,"max_hp_loss":0.0,"gold_gain":0.0,"event_name":"Drug Dealer","player_choice":"Inject Mutagens","floor":21.0,"gold_loss":0.0,"damage_taken":0.0,"relics_obtained":["MutagenicStrength"]},{"damage_healed":0.0,"max_hp_gain":0.0,"max_hp_loss":0.0,"gold_gain":0.0,"event_name":"betterMatch:BetterMatch","player_choice":"1","floor":23.0,"gold_loss":0.0,"damage_taken":0.0,"cards_obtained":["betterMatch:UncommonCard","betterMatch:CommonCard","betterMatch:ColorlessUncommonCard"]}],"is_beta":false,"boss_relics":[{"not_picked":["Runic Dome","expansioncontent:StudyCardRelic"],"picked":"trackpad:Coffee"}],"items_purged_floors":[],"is_endless":false,"potions_floor_spawned":[5,9,11,13,16,19,22,32],"killed_by":"SI_MIRROR_ARCHETYPE","ascension_level":0}}