{"host":"zk6vb2npgw3pu6j2","time":1611711138,"event":{"mods":["Act Like it!","Aspiration","Bard","BaseMod","Beaked The Cultist","Bestiary","Better Note","Better Sensory Stone","CapriCore","Conspire","Downfall","Friendly Minions","Gensokyo","GifTheSpireLib","Hallownest","Hermit","Hubris","Koishi","Marisa????????","Marked Mod","Minty Spire (QoL Compilation)","Quarter Circle Forward PUNCH!","Reimu??????","Replay The Spire","Retaliation","StSLib","The Administrix","The Alterego","The Blue Laboratory","The Bug Knight","The Construct","The Exalted","The Hierophant","The Immortal","The Marked","The Runesmith","The Senshi","The Servant 0.9.4","The Wild Card","TheVacant","Wandering Minibosses","yUi"],"gold_per_floor":[99,14,164,183,133,168,191,91,109,109,109,143,143,169,194,309,309,209,242,281,281,312,312,312,312,339,339,364,418,418,213,238,357,357,357,379,379,487,509,536,536,436,459,483,403,403,425,446,469,473,473,473],"floor_reached":50,"language":"ENG","playtime":3981,"items_purged":["hexamod:Defend","hexamod:Defend"],"score":593,"play_id":"5def4412-b7b0-4c9c-b590-9ee9b94d214b","local_time":"20210126203218","is_ascension_mode":false,"campfire_choices":[{"floor":1,"key":"RECALL"},{"data":"conspire:Banana","floor":8,"key":"SMITH"},{"data":"hexamod:RainOfEmbers","floor":10,"key":"SMITH"},{"floor":13,"key":"REST"},{"data":"hexamod:ThermalTransfer","floor":23,"key":"SMITH"},{"floor":25,"key":"REST"},{"floor":30,"key":"REST"},{"data":"hexamod:ThermalTransfer","floor":35,"key":"SMITH"},{"data":"hexamod:VolcanoVisage","floor":42,"key":"SMITH"},{"floor":46,"key":"REST"}],"circlet_count":0,"master_deck":["hexamod:Sear","hexamod:Float","conspire:Banana+1","hexamod:FlamesFromBeyond","hexamod:RainOfEmbers+1","downfall:Icky","hexamod:ExtraCrispy","conspire:SpireCoStock","hexamod:ThermalTransfer+1","hexamod:FirstSeal","hexamod:WildfireWeapon","hexamod:ApocalypticArmor","hexamod:SpectralSpark","hexamod:ApocalypseNow","hexamod:Toasty","hexamod:HeatMetal","hexamod:PowerFromBeyond+1","hexamod:ThermalTransfer+1","hexamod:SpectersWail","hexamod:SpectralSpark","hexamod:ChargedBarrage","hexamod:PhantomFireball+1","hexamod:SuperheatedStrike","hexamod:ShieldOfDarkness+1","expansioncontent:QuickStudy","hexamod:BurningTouch","hexamod:VolcanoVisage+1","hexamod:Again","hexamod:ShieldOfDarkness+1","hexamod:AdvancingGuard+1","hexamod:ParanormalForm","hexamod:ThermalTransfer+1","hexamod:InspiringFlames","hexamod:PhantomCloak","hexamod:FirstSeal"],"relics":["hexamod:SpiritBrand","Smiling Mask","downfall:HeartBlessingRed","Replay:Bandana","Philosopher\u0027s Stone","downfall:HeartBlessingGreen","Replay:PocketPolymizer","Ginger","Bag of Preparation","construct:WeddingRing","downfall:GremlinWheel","downfall:HeartBlessingBlue","aspiration:HiddenCompartment"],"acts_visited":["Exordium","TheCity","TheBeyond"],"potions_floor_usage":[15,16,22,36,40,44,48,50],"damage_taken":[{"damage":5,"enemies":"downfall:FleeingMerchant","floor":2,"turns":4},{"damage":8,"enemies":"Jaw Worm","floor":4,"turns":3},{"damage":0,"enemies":"conspire:RoseBush","floor":6,"turns":4},{"damage":3,"enemies":"2 Louse","floor":9,"turns":2},{"damage":13,"enemies":"Lots of Slimes","floor":12,"turns":3},{"damage":21,"enemies":"Lagavulin","floor":14,"turns":6},{"damage":26,"enemies":"Gremlin Gang","floor":15,"turns":5},{"damage":26,"enemies":"WA_ARCHETYPE_RETAIN","floor":16,"turns":6},{"damage":17,"enemies":"Shell Parasite","floor":19,"turns":4},{"damage":14,"enemies":"Centurion and Healer","floor":20,"turns":6},{"damage":17,"enemies":"Cultist and Chosen","floor":22,"turns":5},{"damage":0,"enemies":"conspire:HollyBat","floor":26,"turns":6},{"damage":9,"enemies":"Snecko","floor":28,"turns":4},{"damage":25,"enemies":"conspire:Head Lice","floor":29,"turns":7},{"damage":10,"enemies":"downfall:FleeingMerchant","floor":31,"turns":4},{"damage":15,"enemies":"Snake Plant","floor":32,"turns":3},{"damage":40,"enemies":"IC_MUSHROOM_ARCHETYPE","floor":33,"turns":8},{"damage":54,"enemies":"3 Darklings","floor":36,"turns":6},{"damage":10,"enemies":"3 Darklings","floor":38,"turns":3},{"damage":0,"enemies":"Orb Walker","floor":39,"turns":2},{"damage":10,"enemies":"Spire Growth","floor":40,"turns":4},{"damage":34,"enemies":"Sphere and 2 Shapes","floor":43,"turns":7},{"damage":35,"enemies":"Transient","floor":44,"turns":5},{"damage":0,"enemies":"downfall:FleeingMerchant","floor":45,"turns":4},{"damage":22,"enemies":"4 Shapes","floor":47,"turns":6},{"damage":23,"enemies":"HollowMod:SlobberingHusk","floor":48,"turns":8},{"damage":17,"enemies":"Transient","floor":49,"turns":5},{"damage":34,"enemies":"DF_ARCHETYPE_ORBS","floor":50,"turns":2}],"seed_played":"3412871141974161007","potions_obtained":[{"floor":6,"key":"blueLaboratory:BottledHope"},{"floor":11,"key":"PowerPotion"},{"floor":11,"key":"conspire:TimeTravelPotion"},{"floor":11,"key":"BlessingOfTheForge"},{"floor":16,"key":"hexamod:SoulburnPotion"},{"floor":20,"key":"LifebloodPotion"},{"floor":22,"key":"conspire:TimeTravelPotion"},{"floor":36,"key":"SkillPotion"},{"floor":43,"key":"blueLaboratory:NullPotion"},{"floor":44,"key":"SpeedPotion"},{"floor":49,"key":"Weak Potion"}],"is_trial":false,"path_per_floor":["R","$","?","M","?","M","T","R","M","R","?","M","R","E","M","B",null,"R","M","M","?","M","R","T","R","M","?","M","E","R","$","M","B",null,"R","M","?","?","M","M","T","R","M","M","$","R","M","M","M","B"],"character_chosen":"THE_SPIRIT","items_purchased":["hexamod:RainOfEmbers","expansioncontent:QuickStudy","hexamod:InspiringFlames"],"campfire_rested":4,"item_purchase_floors":[2,31,45],"current_hp_per_floor":[70,66,66,59,59,60,60,60,57,57,57,46,68,56,65,41,81,81,66,54,54,46,46,46,72,81,81,81,65,92,84,78,40,99,99,67,67,57,57,56,56,66,41,15,17,52,32,25,22,0,0,0],"gold":473,"neow_bonus":"RANDOM_COLORLESS","is_daily":false,"chose_seed":false,"campfire_upgraded":5,"win_rate":0.0,"timestamp":1611711138,"path_taken":["R","$","?","M","?","M","T","R","M","R","?","?","R","E","M","BOSS","R","M","?","?","M","R","T","R","M","?","M","E","R","$","M","BOSS","R","M","?","?","M","?","T","R","M","M","?","R","?","?","M","BOSS"],"items_purchased_type":["Card","Card","Card"],"build_version":"2020-12-22","purchased_purges":2,"victory":false,"max_hp_per_floor":[70,71,71,72,72,73,73,73,73,73,73,75,75,77,79,81,81,81,83,85,85,87,87,87,87,89,89,91,93,93,95,97,99,99,99,101,101,101,101,103,103,113,115,117,119,119,121,123,123,125,125,125],"card_choices":[{"not_picked":["Specialist","Finesse"],"picked":"conspire:Banana","floor":0.0},{"not_picked":["hexamod:BacktrackSmack","hexamod:GhostShield"],"picked":"hexamod:FlamesFromBeyond","floor":2},{"not_picked":["hexamod:DynamicBlow","hexamod:CatchUp"],"picked":"hexamod:ExtraCrispy","floor":4},{"not_picked":["hexamod:BacktrackSmack","hexamod:HeatCrush"],"picked":"hexamod:ThermalTransfer","floor":6},{"not_picked":["hexamod:GhostShield","hexamod:Firestarter"],"picked":"hexamod:FirstSeal","floor":9},{"not_picked":["hexamod:AdvancingGuard","hexamod:NightmareGuise"],"picked":"hexamod:WildfireWeapon","floor":12},{"not_picked":["hexamod:BurningTouch","hexamod:InspiringFlames"],"picked":"hexamod:ApocalypticArmor","floor":14},{"not_picked":["hexamod:InspiringFlames","hexamod:NightmareGuise"],"picked":"hexamod:SpectralSpark","floor":15},{"not_picked":["hexamod:GiftsFromTheDead","hexamod:ParanormalForm"],"picked":"hexamod:ApocalypseNow","floor":16},{"not_picked":["hexamod:FastForward","hexamod:SkipABeat"],"picked":"hexamod:HeatMetal","floor":19},{"not_picked":["hexamod:EtherealExpedition","hexamod:ThirdSeal"],"picked":"hexamod:PowerFromBeyond+1","floor":20},{"not_picked":["hexamod:Rewind","hexamod:NecessarySacrifice"],"picked":"hexamod:ThermalTransfer","floor":22},{"not_picked":["hexamod:SecondSeal","hexamod:BurningTouch"],"picked":"hexamod:SpectralSpark","floor":26},{"not_picked":["hexamod:GhostLash","hexamod:FastForward"],"picked":"hexamod:ChargedBarrage","floor":28},{"not_picked":["hexamod:SkipABeat","hexamod:SoulSteal"],"picked":"hexamod:PhantomFireball+1","floor":29},{"not_picked":["hexamod:SwordOfDarkness","hexamod:HauntingEcho"],"picked":"hexamod:ShieldOfDarkness+1","floor":31},{"not_picked":["hexamod:SuperheatedStrike","hexamod:GhostShield"],"picked":"hexamod:BurningTouch","floor":32},{"not_picked":["hexamod:FlameSwitch","hexamod:Toasty"],"picked":"hexamod:VolcanoVisage","floor":33},{"not_picked":["hexamod:SwordOfDarkness+1","hexamod:CatchUp+1"],"picked":"hexamod:ShieldOfDarkness+1","floor":36},{"not_picked":["hexamod:RadiantFlame","hexamod:RetreatToShadows+1"],"picked":"hexamod:AdvancingGuard+1","floor":39},{"not_picked":["hexamod:NecessarySacrifice+1","hexamod:SoulSteal+1","hexamod:ShieldOfDarkness"],"picked":"SKIP","floor":40},{"not_picked":["hexamod:Haunt+1","hexamod:GhostLash"],"picked":"hexamod:ThermalTransfer+1","floor":43},{"not_picked":["hexamod:SpectersWail","hexamod:FourthSeal","hexamod:NecessarySacrifice+1"],"picked":"SKIP","floor":44},{"not_picked":["hexamod:Firestarter","hexamod:SuperheatedStrike","hexamod:HeatMetal+1"],"picked":"SKIP","floor":45},{"not_picked":["hexamod:StepThrough","hexamod:FlamesFromBeyond+1"],"picked":"hexamod:FirstSeal","floor":47},{"not_picked":["hexamod:DynamicBlow","hexamod:PowerFromBeyond","hexamod:RadiantFlame"],"picked":"SKIP","floor":48},{"not_picked":["hexamod:HeatMetal","hexamod:FastForward+1","hexamod:CatchUp"],"picked":"SKIP","floor":49}],"player_experience":277388,"relics_obtained":[{"floor":7,"key":"Smiling Mask"},{"floor":14,"key":"Replay:Bandana"},{"floor":24,"key":"Replay:PocketPolymizer"},{"floor":29,"key":"Bag of Preparation"},{"floor":38,"key":"downfall:GremlinWheel"},{"floor":42,"key":"aspiration:HiddenCompartment"}],"event_choices":[{"damage_healed":0,"gold_gain":0,"player_choice":"Invest 1","damage_taken":0,"max_hp_gain":0,"max_hp_loss":0,"event_name":"conspire:Investor","floor":5,"gold_loss":0},{"damage_healed":0,"gold_gain":0,"player_choice":"Got Potions","damage_taken":0,"max_hp_gain":0,"max_hp_loss":0,"event_name":"Lab","floor":11,"gold_loss":0},{"damage_healed":0,"gold_gain":0,"player_choice":"Ignored","damage_taken":0,"max_hp_gain":0,"max_hp_loss":0,"event_name":"betterNote:BetterNote","floor":21,"gold_loss":0,"cards_obtained":["hexamod:UnlimitedPower"]},{"damage_healed":0,"gold_gain":0,"player_choice":"Relic","damage_taken":0,"max_hp_gain":0,"max_hp_loss":0,"event_name":"Wheel of Change","floor":42,"gold_loss":0}],"is_beta":false,"boss_relics":[{"not_picked":["beaked:MawFillet","conspire:SeveredTorchhead"],"picked":"Philosopher\u0027s Stone"},{"not_picked":["qcfpunch:Crimson_Sash","Honey Jar"],"picked":"construct:WeddingRing"}],"items_purged_floors":[31,45],"is_endless":false,"potions_floor_spawned":[6,12,16,20,22,33,36,43,44,49],"killed_by":"DF_ARCHETYPE_ORBS","ascension_level":0}}