{"host":"c3lc60y5x60jlt1y","time":1611736508,"event":{"mods":["AchievementEnabler","BaseMod","Bestiary","Colored Map","Minty Spire (QoL Compilation)","Quick Restart","StSLib","ojb\u0027s Info Mod"],"gold_per_floor":[115,125,144,219,239,239,239,239],"floor_reached":7,"language":"ENG","playtime":313,"items_purged":[],"score":86,"play_id":"e869fce4-c910-491f-a0e5-0453b49d0b38","local_time":"20210127103508","is_ascension_mode":true,"campfire_choices":[{"data":"Feed","floor":6.0,"key":"SMITH"}],"circlet_count":0,"master_deck":["AscendersBane","Strike_R","Strike_R","Strike_R","Strike_R","Strike_R","Defend_R","Defend_R","Defend_R","Defend_R","Bash","Feed+1","Inflame","Fire Breathing","True Grit","Seeing Red"],"relics":["Burning Blood"],"acts_visited":["Exordium"],"potions_floor_usage":[7],"damage_taken":[{"damage":4.0,"enemies":"Jaw Worm","floor":1.0,"turns":4.0},{"damage":12.0,"enemies":"Small Slimes","floor":2.0,"turns":4.0},{"damage":6.0,"enemies":"2 Louse","floor":3.0,"turns":3.0},{"damage":30.0,"enemies":"Blue Slaver","floor":5.0,"turns":6.0},{"damage":22,"enemies":"Gremlin Nob","floor":7,"turns":4}],"seed_played":"-5240182634307034423","potions_obtained":[{"floor":1.0,"key":"Weak Potion"}],"is_trial":false,"path_per_floor":["M","M","M","?","M","R","E"],"character_chosen":"IRONCLAD","items_purchased":[],"campfire_rested":0,"item_purchase_floors":[],"current_hp_per_floor":[71,68,71,60,39,39,17,17],"gold":239,"neow_bonus":"THREE_RARE_CARDS","is_daily":false,"chose_seed":false,"campfire_upgraded":1,"win_rate":0.0,"timestamp":1611736508,"path_taken":["M","M","M","?","M","R","E"],"items_purchased_type":[],"build_version":"2020-12-22","purchased_purges":0,"victory":false,"max_hp_per_floor":[71,74,77,77,80,80,80,80],"card_choices":[{"not_picked":["Berserk","Offering"],"picked":"Feed","floor":0.0},{"not_picked":["Burning Pact","Second Wind"],"picked":"Inflame","floor":1.0},{"not_picked":["Intimidate","Havoc"],"picked":"Fire Breathing","floor":2.0},{"not_picked":["Twin Strike","Fire Breathing"],"picked":"True Grit","floor":3.0},{"not_picked":["Flex","Sword Boomerang"],"picked":"Seeing Red","floor":5.0}],"player_experience":8648970,"relics_obtained":[],"event_choices":[{"damage_healed":0.0,"max_hp_gain":0.0,"max_hp_loss":0.0,"gold_gain":75.0,"event_name":"World of Goop","player_choice":"Gather Gold","floor":4.0,"gold_loss":0.0,"damage_taken":11.0}],"is_beta":false,"boss_relics":[],"items_purged_floors":[],"is_endless":false,"potions_floor_spawned":[1],"killed_by":"Gremlin Nob","ascension_level":20}}